5050 6167
638 376 761 440 303

636 564 859 641 visset,
907 561 1073 626 nihil
1113 560 1465 638 succurrit,
1525 562 1649 626 nisi
1711 582 1951 627 nomen
2010 568 2076 625 et
2117 560 2397 645 gloriam
2443 558 2580 625 Do·-

634 650 799 715 mini
863 646 1168 733 pulchre·
1200 647 1392 712 isthic
1457 654 1524 711 et
1587 646 1983 712 sanctificari
2060 656 2129 710 et
2191 644 2577 712 adcrescere.

634 737 800 819 Age,
845 732 1170 798 Dominus
1216 731 1413 796 habet
1455 732 1651 797 huius
1697 733 1792 797 rei
1835 754 2118 810 causam,
2163 741 2242 796 ut
2285 733 2399 814 qui
2444 754 2580 797 non

633 841 785 886 raro
832 819 960 883 tale
1016 816 1261 901 aliquid
1319 826 1507 900 parat
1560 839 1797 882 verum
1846 817 1930 882 ad
1986 820 2182 883 finem
2241 819 2577 900 optimum.

635 906 948 971 Nostrum
983 914 1085 969 est
1118 903 1391 969 consilia
1425 917 1492 967 et
1534 905 1703 969 facta
1746 903 2061 970 eiusmodi
2108 924 2421 985 superare
2464 924 2583 985 per

682 992 1035 1057 atientiam.
1102 990 1242 1055 Nos
1285 988 1410 1066 hic,
1458 1004 1799 1072 postquam
1844 991 2003 1054 satis
2047 989 2201 1072 quid
2250 987 2580 1072 agendum

633 1014 808 1143 foret
849 1074 1036 1139 nobis
1072 1073 1609 1159 expenderamus,
1654 1074 1737 1139 ad
1779 1084 2078 1140 senatum
2122 1085 2419 1139 nostrum
2459 1075 2583 1138 ivi-

636 1185 817 1241 muS,
871 1170 939 1226 et
992 1181 1190 1227 causa
1246 1162 1543 1242 exposita
1608 1161 1853 1244 precati
1908 1181 2136 1225 sumus
2188 1166 2265 1224 ut
2318 1169 2587 1243 propter

636 1248 996 1313 Dominum
1040 1255 1107 1311 et
1148 1245 1484 1311 ecclesiam
1518 1245 1582 1311 N
1584 1266 2028 1311 eocomensem
2073 1252 2373 1311 senatum
2417 1246 2583 1309 Ber-

635 1355 908 1400 uensem
951 1329 1035 1396 ad
1077 1331 1488 1397 concordiam
1543 1332 1718 1397 inter
1771 1339 1836 1396 te
1896 1346 2166 1415 tuosque
2220 1331 2582 1397 faciendam

637 1420 1005 1485 excitarent
1047 1430 1113 1482 et
1147 1428 1605 1500 promoverent
1638 1438 1756 1501 pro
1802 1416 2009 1482 virili:
2056 1438 2188 1481 non
2235 1437 2376 1481 esse
2421 1416 2584 1481 alios

638 1506 749 1590 qui
793 1514 861 1569 et
903 1511 968 1568 te
1011 1503 1295 1567 retinere
1354 1511 1419 1567 et
1470 1522 1859 1585 praecavere
1917 1502 2274 1567 tumultum
2318 1510 2586 1585 possent

637 1590 979 1657 efficacius.
1068 1589 1223 1652 Voti
1267 1597 1595 1671 compotes
1652 1588 1863 1653 effecti
1920 1588 2299 1671 scripsimus
2356 1596 2422 1652 et
2465 1609 2584 1653 nos

639 1676 724 1743 ad
758 1677 1012 1751 fratres,
1032 1672 1091 1756 2)
1135 1674 1498 1757 cogitantes
1533 1673 1873 1738 stimulum
1917 1674 2056 1740 suis
2092 1672 2410 1739 adderent
2450 1695 2585 1738 non

638 1781 937 1846 segnem,
1003 1781 1087 1824 ne
1152 1760 1457 1824 scandalo
1521 1761 1710 1825 fieret
1778 1758 2059 1824 obnoxia
2123 1758 2393 1824 ecclesia
2456 1759 2584 1824 ista

637 1847 811 1933 quod
866 1845 1002 1929 pati
1057 1852 1398 1928 cogeretur
1454 1844 1512 1910 si
1567 1857 1639 1908 tu
1696 1845 1837 1910 sine
1891 1866 2089 1911 causa
2142 1844 2584 1928 expelleretis,

636 1934 771 1999 imo
815 1934 868 1996 si
922 1930 1338 2014 expellereris
1397 1928 1566 2014 quod
1625 1929 1969 1995 mulierem
2014 1930 2380 1996 adulteram
2426 1930 2586 1994 tole-

637 2039 786 2084 rare
829 2038 959 2083 non
1002 2015 1234 2095 velles,
1291 2023 1359 2079 et
1415 2016 1469 2080 si
1525 2015 1648 2080 hac
1705 2014 1964 2098 quidem
2022 2017 2272 2081 ratione
2317 2015 2588 2081 daretur

636 2103 888 2170 occasio
931 2100 1269 2166 malevolis
1314 2100 1610 2167 eiiciendi
1652 2109 1983 2184 pastorem
2038 2101 2138 2165 vel
2198 2123 2235 2166 a
2280 2100 2425 2166 Deo
2471 2101 2585 2166 da-

638 2197 802 2266 ιιιιιι,
862 2189 1115 2271 quoties
1158 2186 1232 2250 in
1274 2184 1702 2269 corripiendis
1745 2188 2027 2270 peccatis
2070 2186 2263 2270 paulo
2306 2187 2587 2252 ferretur

636 2273 923 2340 liberius.
992 2271 1352 2355 Speramus
1396 2288 1463 2336 et
1505 2294 1543 2336 a
1588 2280 1821 2337 senatu
1857 2281 1926 2337 et
1968 2294 2009 2336 a
2050 2271 2361 2338 fratribus
2403 2273 2475 2337 in
2514 2294 2586 2338 re

635 2368 776 2425 tam
832 2358 1109 2424 honesta
1164 2357 1544 2440 obsequium
1600 2378 1734 2421 non
1790 2356 2183 2422 defuturum.
2280 2357 2425 2422 Iam
2472 2358 2587 2424 abs

638 2456 708 2511 te
771 2443 936 2509 illud
993 2443 1457 2526 efflagitamus,
1533 2452 1956 2525 posteaquam
2012 2442 2342 2508 Dominus
2401 2442 2586 2509 Deus

637 2539 704 2597 te
747 2530 1082 2608 hactenus,
1128 2538 1202 2593 ut
1244 2548 1489 2612 organo
1533 2527 2036 2610 haudquaquam
2080 2528 2456 2608 abiiciend0,
2515 2530 2587 2593 in

638 2615 1041 2683 aedificanda
1096 2613 1369 2680 ecclesia
1434 2634 1553 2678 sua
1613 2612 1792 2678 velut
1856 2611 1936 2678 de
2000 2635 2170 2680 novo
2235 2623 2337 2680 est
2406 2636 2583 2693 usus,

638 2723 868 2768 eorum
924 2699 1300 2765 memineris
1355 2718 1522 2782 quae
1565 2696 1648 2763 ad
1699 2698 2110 2784 erigendum,
2166 2720 2301 2765 non
2346 2699 2429 2766 ad
2474 2699 2585 2765 de-

636 2784 1042 2855 moliendum
1080 2785 1368 2849 maxime
1406 2785 1760 2868 pertinent.
1849 2785 2038 2850 Inter
2124 2786 2296 2851 rima
2339 2785 2587 2871 cogita-

635 2874 757 2953 bis,
800 2872 1192 2956 quibusnam
1236 2869 1545 2936 Christus
1592 2870 2007 2954 evangelium
2109 2892 2145 2936 e
2188 2891 2257 2936 se
2301 2871 2588 2937 voluerit

637 2957 1114 3043 depraedicari,
1176 2976 1412 3038 nempe
1471 2955 1723 3036 electis,
1781 2957 1892 3038 qui
1949 2963 2168 3022 tamen
2221 2956 2293 3021 in
2351 2956 2586 3022 mundi

635 3044 839 3111 huius
880 3042 1235 3108 mortiferis
1280 3041 1643 3108 actionibus
1679 3041 1892 3108 adhuc
1930 3041 2397 3108 volutarentur.
2461 3043 2586 3107 Est

637 3130 815 3195 enim
874 3127 1034 3193 haec
1088 3127 1255 3193 sacri
1310 3128 1493 3193 verbi
1558 3128 1771 3193 virtus
1823 3137 1901 3191 ut
1945 3147 1983 3191 e
2039 3127 2286 3193 mundo
2342 3130 2587 3212 passim

640 3215 996 3281 destinatos
1050 3212 1134 3278 ad
1191 3213 1399 3279 vitam
1443 3212 1625 3278 velut
1680 3233 1915 3278 aurum
1975 3234 2058 3278 ex
2103 3214 2257 3279 fimo
2300 3214 2584 3298 colligat,

638 3299 846 3366 donec
900 3308 1075 3364 totus
1116 3298 1321 3364 Israel
1381 3297 1605 3363 salvus
1660 3299 1793 3363 fiat.
1881 3298 2162 3382 Propter
2216 3299 2336 3365 hos
2380 3299 2588 3365 multa

638 3394 795 3452 sunt
861 3381 1198 3449 toleranda
1261 3391 1331 3450 et
1391 3382 1719 3463 facienda,
1807 3406 1891 3449 ne
1956 3385 2170 3468 gratia
2243 3386 2587 3469 priventur

638 3469 1002 3554 evangelii:
1057 3468 1231 3552 quod
1288 3470 1474 3534 fieret
1515 3476 1738 3535 tamen
1780 3471 1836 3535 si
1877 3469 2116 3536 saeculi
2175 3471 2373 3537 huius
2415 3471 2585 3537 filios

638 3557 846 3624 veluti
900 3555 968 3621 vi
1026 3574 1413 3621 conaremur
1465 3553 1811 3620 attrahere.
1922 3555 2096 3621 Nam
2161 3556 2269 3623 hic
2332 3555 2587 3623 facilius

637 3642 767 3709 erit
807 3648 881 3706 ιιι
921 3639 1078 3705 boni
1126 3640 1496 3723 pastoribus
1555 3647 1623 3704 et
1663 3660 1787 3706 eva
1880 3641 2003 3706 elio
2047 3649 2342 3721 careant,
2387 3664 2586 3726 quam

637 3735 715 3794 ut
766 3725 1052 3791 mundus
1101 3723 1384 3790 lucrifiat
1426 3726 1729 3791 Domino.
1787 3661 2224 3791 ιὶῗὶοοοιιᾶιιιιι
2273 3736 2585 3811 putamus

635 3812 843 3897 igitur
872 3818 950 3876 ιιι
979 3811 1380 3894 poenitentia
1401 3820 1467 3876 et
1500 3811 1798 3876 remissio
1828 3828 2241 3897 peccatorum
2277 3813 2404 3896 piis
2447 3836 2584 3879 non

636 3897 1019 3964 auferantur
1079 3918 1199 3981 per
1263 3897 1698 3962 temeritatem
1760 3896 2128 3980 impiorum.
2240 3895 2375 3964 Sed
2440 3898 2585 3984 lege

635 3990 798 4051 sunt
851 3980 923 4046 hi
978 3981 1335 4048 coercendi.
1435 3983 1728 4048 Maxime
1784 4003 1938 4048 vero
1995 3984 2090 4048 ita
2143 4005 2228 4048 ne
2282 3986 2585 4051 coercitio

633 4068 751 4135 illa
792 4066 1346 4151 praedicationem
1387 4067 1575 4133 tollat
1618 4068 1960 4152 evangelii,
2017 4078 2084 4133 et
2129 4069 2226 4133 ita
2269 4067 2583 4136 damnum

630 4154 1003 4239 patiantur,
1058 4153 1227 4235 quod
1273 4152 1356 4218 ad
1400 4173 1521 4218 nos
1563 4153 1818 4231 attinet,
1880 4154 2033 4221 boni
2074 4174 2148 4220 ac
2191 4155 2301 4239 pii.
2392 4155 2582 4237 Dice,

632 4239 807 4324 quod
850 4238 934 4304 ad
973 4260 1095 4305 nos
1139 4239 1375 4304 attinet
1395 4289 1411 4316 ,
1470 4238 1596 4305 hoc
1639 4248 1757 4317 est,
1804 4238 1886 4304 ad
1930 4240 2217 4306 officium
2263 4252 2580 4321 nostrum,

498 4384 507 4391 .
632 4335 703 4391 et
744 4346 828 4389 ne
869 4323 1170 4389 laedatur
1220 4324 1407 4390 nobis
1450 4324 1862 4391 conscientia.
1953 4326 2125 4391 Nam
2167 4327 2352 4413 Deus
2394 4329 2584 4393 novit

631 4410 771 4477 suis
815 4431 1075 4491 semper
1117 4409 1456 4492 providere
1509 4431 1595 4474 ne
1637 4423 1920 4494 pereant.
2011 4408 2090 4477 Si
2135 4414 2581 4479 excommuni-

630 4495 909 4563 cationis
954 4494 1297 4578 disciplina
1340 4495 1508 4560 foret
1549 4496 1619 4560 in
1664 4495 1952 4563 ecclesiis
1993 4518 2156 4580 quas
2205 4496 2400 4564 hodie
2442 4499 2580 4564 Do-

629 4581 852 4649 minus
896 4579 1164 4646 donavit
1205 4581 1558 4665 evangelio,
1603 4582 1791 4664 quasi
1833 4582 2015 4648 nullo
2059 4589 2289 4649 contra
2329 4584 2582 4668 flagitia

626 4666 849 4734 labore
939 4673 1187 4732 astores
1229 4688 1425 4750 agere
1475 4674 1770 4751 possent:
1836 4668 1989 4751 qnia
2030 4670 2140 4751 qui
2185 4690 2424 4734 nomen
2468 4670 2581 4735 de-

630 4751 835 4817 disset
946 4751 1179 4831 bristo,
1248 4752 1482 4818 deinde
1560 4762 1779 4818 autem
1842 4763 2171 4837 peccaret,
2238 4757 2583 4821 eiiceretur

628 4838 964 4904 communi
1004 4857 1324 4904 consensu
1370 4837 1451 4904 de
1486 4838 1773 4917 ecclesia,
1818 4860 2027 4923 usqne
2071 4839 2229 4905 dum
2269 4862 2389 4925 per
2429 4862 2580 4925 poe·

628 4924 975 4991 nitentiam
1034 4922 1470 4991 reduceretur.
1560 4924 1624 4990 N
1624 4946 1754 4991 unc
1813 4946 1966 4991 vero
1980 4977 1995 5005 ,
2051 4933 2395 5010 postquam
2441 4925 2578 4992 Do-

837 5144 893 5214 2)
936 5146 1259 5201 ivriacum
1289 5151 1447 5214 puta,
1483 5153 1585 5203 aut
1616 5148 1757 5204 alios
1783 5148 1949 5203 stiam
1984 5149 2088 5216 (N.
2108 5148 2255 5215 365),
2290 5148 2578 5203 nonNon-

631 5226 922 5282 Μαι,
956 5215 1034 5270 aa
1066 5232 1204 5286 quos
1232 5216 1404 5284 paulo
1432 5223 1566 5285 post
1581 5218 1796 5273 amum
1822 5217 2090 5286 mptum·
2109 5223 2269 5272 amnt
2304 5218 2407 5285 (N.
2426 5217 2576 5285 370),
2623 5204 2629 5316 ff

631 5283 1601 5353 dinquosquaoh'creforunm
1633 5286 2577 5343 medimnos-ommam.

2148 369 2545 438 EPISTOL
2558 372 2672 437 ΔΕ
2721 375 2845 435 366
2861 376 3060 436 -367

4510 374 4634 437 304

2686 560 2905 625 minus
2961 559 3132 626 hanc
3187 558 3600 644 disciplinam
3643 581 3779 625 non
3825 558 4006 626 dedit
4057 560 4389 640 omnibns,
4432 582 4634 645 agen-

2687 644 2843 710 dum
2889 645 3152 710 videtur
3205 667 3288 710 ne
3342 655 3571 711 nostra
3614 646 3808 729 culpa
3850 646 4045 710 etiam
4096 645 4263 711 illud
4303 644 4475 730 quod
4519 646 4633 712 da-

2684 740 2826 795 tum
2870 740 2973 796 est
3006 731 3356 796 auferatur.
3437 732 3856 797 Arbitramur
3889 731 4108 814 itaque
4154 732 4324 796 nihil
4369 753 4498 798 non
4541 733 4636 798 fa·

2686 816 2986 883 ciendum
3054 817 3169 882 tibi
3239 824 3313 881 ut
3374 838 3523 881 cum
3576 817 3711 882 tuis
3776 816 4001 882 redeas
4054 818 4124 882 in
4178 818 4490 902 gratiam,
4557 839 4635 885 ac

2687 900 2991 985 deinceps
3049 923 3204 985 agas
3260 912 3336 966 ut
3389 903 3652 985 pessimi
3711 902 3950 985 quique
4009 903 4101 968 sic
4158 912 4225 968 te
4283 924 4634 968 reverean-

2687 996 2825 1063 tur,
2883 988 3166 1070 qualiter
3218 988 3390 1053 filius
3447 989 3659 1054 malus
3710 990 3995 1054 revereri
4051 988 4465 1072 compellitur
4518 1009 4634 1071 pa-

2686 1081 2856 1138 trem
2900 1094 3110 1138 suum.
3199 1074 3350 1139 Non
3396 1073 3627 1157 diligit,
3686 1095 3915 1139 verum
3959 1075 4214 1140 interea
4257 1096 4341 1139 ne
4383 1075 4637 1141 hiscere

2686 1157 2946 1241 quidem
2993 1157 3190 1224 audet
3245 1159 3557 1225 adversus
3607 1159 3814 1224 illum.
3903 1158 4092 1241 Quae
4137 1167 4354 1225 autem
4398 1159 4507 1227 hic
4550 1160 4639 1226 sit

2686 1243 2974 1310 ineunda
3024 1246 3222 1325 ratio,
3293 1266 3423 1311 non
3478 1253 3776 1310 nostrum
3841 1254 3942 1309 est
3998 1245 4435 1327 praescribere
4494 1246 4635 1312 viro

2685 1330 3071 1412 praesertim
3134 1331 3206 1394 in
3271 1331 3393 1397 hoc
3460 1330 3755 1396 exercitii
3822 1352 4064 1415 genere
4129 1340 4263 1395 tam
4342 1340 4632 1416 experto.

2685 1414 2838 1498 Ipse
2882 1436 3000 1499 per
3037 1416 3314 1481 Domini
3402 1416 3639 1481 ratiam
3695 1417 3995 1482 invenies
4047 1437 4216 1499 quae
4259 1416 4388 1482 huc
4430 1417 4636 1501 potis-

2686 1502 2924 1566 simum
2970 1510 3282 1585 spectant.
3351 1438 3670 1583 Quamvis
3706 1503 3956 1568 Paulus
3991 1502 4226 1567 artifex
4264 1503 4387 1569 hac
4429 1503 4503 1567 in
4541 1523 4633 1582 re,

2685 1586 2856 1651 sicut
2895 1589 3087 1652 etiam
3133 1588 3204 1652 in
3247 1585 3574 1664 omnibus,
3637 1587 3802 1652 mihi
3844 1586 4150 1653 videatur
4190 1588 4481 1671 optimus
4523 1588 4636 1655 ubi

2687 1672 3103 1737 Timotheum
3144 1674 3239 1737 ita
3280 1672 3491 1738 docet:
3537 1674 3746 1739 Porro
3788 1695 4055 1739 servum
4098 1673 4225 1738 Dei
4272 1695 4401 1739 non
4445 1694 4637 1758 opor-

2687 1766 2787 1822 tet
2825 1778 3121 1841 pugnare
3161 1757 3275 1824 sed
3311 1758 3637 1841 placidum
3680 1779 3822 1825 esse
3866 1780 4024 1842 erga
4065 1781 4310 1837 omnes,
4353 1781 4636 1844 propen-

2688 1864 2833 1908 sum
2879 1844 2962 1908 ad
3006 1843 3399 1921 docendum,
3457 1843 3844 1911 tolerantem
3890 1845 4096 1909 malos
4139 1866 4286 1910 cum
4331 1865 4637 1911 mansue-

2689 1929 2936 2006 tudine,
2982 1928 3390 1995 erudientem
3432 1950 3543 1995 eos
3582 1931 3695 2011 qui
3738 1930 4077 2007 obsistunt,
4124 1931 4182 1995 si
4223 1930 4482 2013 quando
4525 1930 4639 1996 det

2687 2013 2817 2080 illis
2862 2013 3047 2078 Deus
3096 2015 3568 2098 poenitentiam
3616 2020 3699 2079 ad
3741 2015 4226 2100 agnoscendum
4272 2017 4637 2095 veritatem,

2690 2113 2756 2163 et
2798 2101 3180 2182 resipiscant
3214 2123 3251 2164 e
3290 2099 3530 2166 diaboli
3574 2100 3824 2184 laqueo.
3871 2102 4047 2183 capti
4082 2102 4162 2168 ab
4198 2123 4273 2167 eo
4310 2100 4395 2167 ad
4429 2103 4638 2186 ipsius

2689 2185 3109 2250 voluntatem.
3200 2186 3371 2250 Nam
3428 2187 3533 2252 his
3589 2185 3806 2252 verbis
3862 2187 4192 2271 apostolus
4244 2187 4401 2271 quid
4457 2186 4640 2264 aliud

2688 2269 2835 2337 vult
2878 2291 3072 2353 quam
3114 2281 3190 2335 ut
3234 2292 3495 2337 omnem
3538 2271 3968 2339 adhibeamus
4014 2273 4452 2356 diligentiam,
4509 2295 4641 2358 qua

2690 2367 3058 2438 peccatores
3126 2357 3412 2422 Domino
3487 2357 3673 2423 velut
3735 2357 4057 2423 illecebris
4128 2358 4636 2426 lucrifaciamus:

2693 2462 2822 2506 non
2878 2450 3053 2507 certe
3113 2441 3283 2525 quod
3336 2444 3623 2526 peccatis
3667 2444 3755 2508 sit
3796 2443 4231 2527 parcendum,
4291 2454 4367 2510 ut
4408 2454 4640 2512 contra

2689 2548 2857 2610 quae
2906 2527 3357 2606 clamandum,
3430 2529 3600 2595 sicut
3654 2540 3881 2594 contra
3950 2529 4275 2596 diabolum
4337 2541 4639 2597 autorem

2690 2634 2934 2691 eorum,
2980 2612 3094 2679 sed
3138 2612 3311 2696 quod
3351 2614 3818 2697 peccatoribus,
3862 2622 3940 2680 ut
3981 2616 4093 2699 qui
4135 2616 4530 2700 corripiendi
4572 2624 4642 2682 et

2690 2697 3078 2764 emendandi
3135 2707 3295 2765 sunt
3355 2720 3474 2783 per
3537 2698 3968 2766 dilectionem.
4073 2700 4424 2767 Caeterum
4481 2700 4641 2786 quid

2689 2783 3029 2851 obstinatis
3072 2785 3310 2850 facies?
3400 2784 3730 2851 Tradendi
3782 2794 3937 2852 sunt
3979 2788 4640 2854 excommunicationi

2690 2870 2745 2934 si
2789 2870 3155 2954 gloriantur
3190 2870 3270 2935 de
3306 2870 3606 2937 ecclesia:
3653 2874 3757 2938 sin
3793 2872 3999 2950 aliter,
4046 2875 4457 2956 magistratui
4491 2894 4640 2957 per·

2690 2954 3013 3021 mittendi.
3104 2956 3212 3021 Ad
3254 2977 3361 3021 me
3405 2957 3600 3034 enim,
3660 2958 3771 3040 qui
3857 2979 4075 3023 raeses
4119 2980 4262 3023 sum
4311 2959 4635 3037 ecclesiae,

2691 3040 2854 3105 nihil
2898 3043 3251 3124 pertinent.
3343 3044 3547 3125 Atqui
3604 3044 3732 3127 piis
3788 3064 3827 3107 o
3873 3055 4030 3109 sunt
4083 3044 4257 3109 malo
4313 3044 4633 3128 exemplo.

2691 3126 2951 3192 Cavebo
3015 3149 3133 3210 per
3197 3129 3466 3194 verbum
3534 3131 3715 3193 omni
3781 3127 4026 3208 studio,
4105 3139 4172 3194 et
4233 3152 4351 3214 per
4414 3150 4638 3214 preces

2691 3223 3004 3295 quantum
3045 3212 3243 3290 valeo,
3291 3235 3424 3280 non
3465 3213 3768 3280 dubitans
3802 3216 3965 3297 quin
4000 3213 4244 3298 aliquid
4285 3218 4407 3281 sim
4445 3216 4637 3281 effec-

2690 3310 2896 3363 turus.
2987 3297 3166 3380 Quid
3223 3312 3445 3381 putas,
3502 3300 3594 3364 mi
3653 3299 3933 3377 Farelle,
3992 3321 4112 3366 nos
4166 3302 4301 3365 iam
4355 3302 4462 3368 hic
4518 3321 4638 3386 per

2693 3384 3083 3450 decennium
3126 3384 3490 3463 devorasse,
3539 3394 3615 3450 ut
3653 3385 4054 3468 praedicatio
4089 3388 4525 3469 poenitentiae
4568 3396 4638 3453 et

2692 3470 3092 3535 remissionis
3135 3480 3548 3553 peccatorum
3592 3480 3887 3536 maneret
3928 3473 4200 3555 integra.
4267 3472 4413 3539 Scis
4457 3473 4638 3540 enim

2690 3554 2902 3637 qualis
2947 3556 3033 3620 sit
3076 3557 3305 3621 civitas
3348 3566 3590 3634 nostra,
3636 3557 3873 3638 quibus
3918 3556 4148 3622 studiis
4191 3558 4416 3638 inhiet,
4469 3579 4637 3642 quae

2690 3641 2778 3706 sit
2817 3641 3215 3723 petulantia,
3271 3662 3439 3725 quae
3495 3650 3723 3707 contra
3780 3642 4054 3707 verbum
4101 3645 4463 3723 temeritas,
4522 3644 4637 3728 qui

2688 3725 3211 3810 praedicatorum
3268 3734 3700 3811 contemptus.
3789 3727 3927 3792 Sed
3970 3729 4295 3795 Dominus
4337 3728 4518 3794 dedit
4559 3736 4637 3795 ut

2689 3813 3113 3894 correptionis
3147 3813 3494 3878 severitate
3529 3813 3862 3879 commode
3897 3822 4185 3885 servata.
4220 3814 4638 3900 evangelium

2688 3898 3156 3963 retinuerimus
3213 3919 3449 3963 sanum
3493 3907 3561 3962 et
3603 3900 3969 3982 integrum,
4026 3901 4323 3983 quamvis
4378 3901 4633 3967 eiectio·

2691 4004 2842 4047 nem
2873 3991 2963 4048 ·et
3021 4004 3142 4047 nos
3206 3982 3550 4066 aliquando
3608 3983 4034 4050 timuerimus.
4138 3986 4321 4051 Haec
4373 3987 4634 4070 scripsi-

2689 4089 2857 4147 mus,
2905 4069 3158 4135 Farelle
3201 4067 3607 4144 doctissime,
3667 4091 3799 4134 non
3850 4071 4135 4153 profecto
4192 4072 4363 4154 quod
4410 4082 4474 4137 te
4518 4069 4633 4136 do-

2690 4174 2834 4218 cere
2877 4155 3173 4231 velimus,
3220 4153 3333 4220 sed
3379 4164 3455 4220 ut
3489 4162 3782 4220 nostrum
3820 4176 4090 4240 agamus
4125 4158 4428 4224 officinm.
4501 4158 4633 4222 De-

2688 4247 2794 4305 cet
2835 4240 3014 4304 enim
3056 4250 3136 4304 ιιι·
3164 4260 3391 4305 curam
3424 4242 3599 4305 inter
3636 4260 3754 4304 nos
3787 4262 4094 4324 geramus
4130 4255 4396 4325 propter
4437 4242 4635 4309 eccle-

2687 4326 2817 4389 sias
2863 4324 3113 4391 Christi
3158 4347 3354 4409 quam
3399 4328 3685 4391 maxime
3730 4325 4039 4391 sedulam.
4108 4329 4210 4393 Tu
4254 4329 4636 4412 qualiacun-

2686 4431 2811 4493 que
2868 4420 3026 4475 sunt
3077 4412 3267 4495 aequi
3319 4412 3598 4494 bonique
3662 4412 3964 4479 consulas
4030 4433 4354 4499 rogamus.
4465 4414 4635 4481 Vale

2686 4514 2834 4560 cum
2877 4496 3186 4564 fratribus
3229 4497 3355 4581 piis
3397 4496 3700 4563 omnibus
3743 4499 3815 4562 in
3852 4498 4118 4564 Christo
4163 4509 4230 4563 et
4273 4499 4633 4566 Dominum

2686 4602 2801 4664 pro
2847 4581 3031 4648 nobis
3074 4604 3207 4648 ora.
3295 4582 3597 4649 Basileae
3649 4586 3746 4646 30.
3791 4581 4094 4650 Octobris
4138 4606 4308 4650 anno
4360 4590 4538 4650 1541.

3808 4717 3921 4786 Os.
3974 4721 4323 4805 Myconius

3909 4806 4092 4873 iussu
4133 4807 4429 4873 fratrum.
