5050 6167
702 435 827 498 619

713 622 986 701 Vis-etus,
1033 620 1300 688 tandem
1342 620 1570 687 literas
1612 627 1872 688 vestras
1913 622 2292 689 reddiderat
2327 621 2664 687 Antonius

701 707 1068 788 Γναοὴεύαθ,
1095 707 1144 793 ¹)
1188 708 1315 774 hcc
1357 717 1491 785 est,
1548 707 1724 790 apud
1772 707 2108 775 Calvinum
2152 709 2547 793 deposuerat
2588 715 2665 772 ut

698 793 797 858 illi
833 793 1288 871 redderentur,
1325 793 1658 859 neminem
1694 804 1918 859 tamen
1952 803 2254 862 nostrum
2289 794 2664 877 alloquutus

698 886 857 958 erat,
904 887 973 944 et
1006 887 1345 958 statuerat,
1392 879 1940 963 quemadmodum
1985 881 2324 947 consessus
2366 890 2484 961 est,
2529 879 2663 945 dis-

700 963 931 1032 cedere
996 965 1185 1031 nobis
1247 965 1653 1042 insalutatis,
1720 966 1846 1031 nisi
1913 967 2080 1032 forte
2157 966 2391 1045 Virdo,
2459 988 2661 1051 quum

699 1052 1016 1117 transiret
1079 1072 1200 1135 per
1267 1060 1535 1135 pontem
1592 1050 1932 1132 Rhodani,
1995 1052 2353 1130 obviasset,
2423 1052 2533 1117 cui
2591 1073 2662 1118 se

697 1135 783 1202 ad
840 1158 963 1202 nos
1019 1144 1380 1202 venturum
1432 1135 1743 1203 condixit.
1844 1138 2026 1203 Loco
2084 1139 2521 1205 excusationis
2580 1137 2665 1204 ab

697 1222 1225 1305 expostulatione
1290 1243 1566 1289 exorsus
1624 1232 1753 1301 est,
1820 1224 1991 1306 quod
2056 1223 2164 1291 hic
2229 1246 2269 1290 a
2325 1223 2663 1291 nonnullis

697 1308 932 1375 fuisset
972 1307 1304 1374 immerito
1348 1317 1651 1388 vexatus,
1707 1308 1946 1375 deinde
1987 1319 2136 1394 post
2179 1332 2377 1377 suum
2419 1309 2662 1377 disces·

698 1415 848 1462 sum
893 1393 1364 1460 traduceretur.
1453 1395 1666 1460 Porro
1710 1391 1795 1459 ad
1838 1395 2282 1462 innocentiam
2324 1417 2511 1462 suam
2557 1418 2663 1462 as-

696 1477 1043 1547 serendam
1063 1480 1339 1563 protulit
1371 1479 1781 1562 quorundam
1812 1481 2191 1548 testimonia
2226 1483 2459 1567 quibus
2493 1481 2663 1547 nihil

696 1565 973 1650 putabat
1015 1566 1257 1649 opponi
1299 1586 1506 1650 posse.
1577 1564 1772 1647 Quod
1815 1567 1873 1633 si
1916 1568 2067 1651 quis
2108 1568 2207 1633 illi
2252 1568 2502 1635 crimen
2544 1568 2664 1633 ali-

698 1650 874 1735 quod
917 1650 1121 1717 vellet
1173 1650 1550 1730 intendere,
1604 1652 1797 1718 illum
1848 1653 1921 1719 in
1969 1654 2187 1720 sorum
2245 1653 2659 1737 provocabat.

696 1736 799 1803 Eo
835 1735 1059 1803 audito
1094 1737 1614 1804 consultavimus
1657 1737 1945 1805 breviter
1987 1740 2163 1805 inter
2206 1761 2347 1819 nos,
2393 1748 2462 1806 et
2504 1738 2665 1824 quid

695 1822 797 1888 illi
837 1821 1364 1907 respondendum
1407 1822 1483 1888 in
1525 1823 1933 1906 praesentia,
1985 1834 2057 1891 et
2110 1825 2268 1909 quid
2303 1836 2551 1910 ‘postea
2593 1827 2666 1891 in

698 1909 843 1976 eius
899 1909 1165 1993 negotio
1223 1908 1552 1994 agendum
1609 1910 1794 1975 foret.
1894 1910 2068 1976 Nam
2127 1912 2284 1996 quia
2326 1913 2665 1995 petieratis

697 2002 778 2060 ut
817 1992 1005 2060 vobis
1041 1995 1213 2060 bona
1247 1994 1375 2061 fide
1409 1995 1962 2078 perscriberemus
1998 1996 2079 2063 de
2114 1998 2256 2065 eius
2291 1998 2450 2076 vita,
2491 1996 2665 2082 quod

698 2101 819 2164 pro
852 2089 1035 2147 certo
1070 2079 1245 2165 apud
1284 2081 1615 2165 principes
1648 2092 1907 2149 vestros
1942 2085 2172 2149 testari
2217 2083 2408 2150 vobis
2441 2091 2665 2148 tutum

697 2174 890 2245 esset,
936 2167 1315 2233 censuimus
1357 2187 1611 2232 morem
1668 2168 1741 2233 in
1794 2187 1874 2233 ea
1924 2188 1999 2233 rc
2050 2170 2234 2236 vobis
2278 2168 2663 2254 gerendum,

700 2259 1039 2335 utcunque
1081 2252 1225 2336 ipse
1269 2253 1542 2318 minime
1597 2262 1877 2320 curaret.
1946 2253 2301 2321 Caeterum
2344 2255 2502 2338 qnid
2558 2275 2663 2320 re-

698 2338 925 2422 sponsi
968 2357 1009 2403 a
1050 2337 1238 2404 nobis
1281 2337 1616 2418 habuerit,
1662 2340 1971 2422 quoniam
2016 2341 2250 2407 melius
2293 2362 2513 2407 coram
2560 2362 2665 2406 re—

695 2425 866 2490 feret
903 2423 1173 2503 Vin-etus,
1217 2431 1285 2488 et
1327 2423 1610 2490 fideliter
1651 2424 1720 2489 id
1765 2427 2092 2492 facturum
2126 2427 2389 2505 scimus,
2433 2448 2664 2511 super-

695 2531 982 2577 vacuum
1016 2509 1187 2575 foret
1222 2510 1525 2576 scribere.
1593 2508 1791 2593 Quod
1825 2510 1908 2577 ad
1937 2519 2237 2577 vestrum
2260 2513 2664 2595 postulatum

697 2616 731 2661 s
777 2596 1053 2674 ectabat,
1098 2594 1355 2660 duobus
1398 2615 1483 2660 ex
1518 2606 1853 2662 conventu
1898 2606 2124 2664 nostro
2168 2600 2508 2683 negotium
2550 2599 2662 2664 de-

696 2681 916 2747 dimus
957 2688 1036 2747 ut
1078 2682 1149 2746 in
1189 2681 1431 2746 vicinia
1466 2681 1546 2747 de
1586 2682 1728 2748 eius
1761 2683 2052 2749 moribus
2095 2684 2524 2767 inquirerent,
2572 2685 2662 2750 si-

693 2767 839 2833 mul
883 2776 1108 2832 tamen
1153 2764 1282 2833 duo
1325 2767 1490 2833 haec
1531 2767 1665 2834 illis
1706 2768 2119 2835 iniunximus
2177 2770 2520 2850 mandata,
2575 2792 2661 2837 ne

692 2854 1063 3003 ἓξοωίειοιιθ
1082 2851 1441 2936 quemlibet
1473 2863 1801 2937 rogarent,
1842 2852 1960 2920 sed
1995 2854 2357 2939 deligerent
2398 2876 2519 2923 suo
2559 2857 2661 2921 iu-

745 2938 867 3005 ‘cio
911 2959 1149 3023 graves
1194 2948 1263 3003 et
1303 2937 1572 3004 idoneos
1629 2946 1866 3020 testes,
1927 2940 2239 3022 alterum,
2299 2963 2382 3007 ne
2427 2941 2660 3009 dubios

693 3044 992 3090 rumores
1046 3032 1113 3089 et
1166 3024 1415 3108 absque
1482 3032 1660 3091 certo
1717 3034 1950 3092 autore
2014 3034 2195 3093 ortos
2252 3027 2658 3113 colligerent,

692 3110 811 3177 sed
854 3110 1171 3176 afferrent
1215 3117 1471 3176 tantum
1507 3120 1858 3195 comperta.
1949 3112 2132 3178 Haec
2174 3113 2382 3198 igitur
2424 3136 2510 3180 ex
2554 3135 2662 3179 eo-

693 3217 845 3262 rum
888 3195 1103 3262 relatu
1147 3196 1439 3280 accipite.

865 3279 974 3347 De
1018 3282 1257 3348 usuris.
1347 3281 1689 3361 Notarius,
1750 3304 1879 3367 quo
1921 3283 2336 3351 familiariter
2378 3285 2453 3352 in
2498 3284 2662 3352 scri-

693 3365 928 3433 bendis
968 3365 1382 3450 pactionibus
1425 3389 1685 3452 semper
1719 3389 1881 3434 usus
1917 3377 2036 3449 est,
2080 3371 2424 3437 conveniri
2465 3393 2506 3436 a
2541 3392 2663 3436 no·

692 3453 796 3520 bis
849 3473 984 3518 non
1041 3454 1291 3536 potuit,
1344 3453 1587 3536 partim
1642 3454 1797 3537 quia
1850 3464 2297 3522 anteverterat
2338 3458 2664 3523 Antonius

689 3560 777 3604 ne
818 3537 901 3603 ab
942 3559 1020 3604 eo
1062 3536 1455 3617 laederetur,
1547 3541 1743 3604 artim
1797 3540 1976 3625 quod
2018 3544 2241 3608 statim
2284 3550 2434 3627 post
2475 3544 2661 3609 testi-

688 3623 987 3691 moninm
1030 3644 1150 3708 pro
1185 3625 1465 3690 Antonio
1549 3625 1749 3690 ‘ctum
1794 3625 1878 3691 ad
1918 3626 2288 3695 vindemias
2331 3630 2660 3713 profectus

691 3718 811 3778 est.
882 3709 1075 3776 Alter
1107 3731 1264 3776 vero
1300 3710 1495 3775 homo
1538 3710 1842 3795 locuples,
1886 3714 2001 3796 qui
2034 3713 2301 3781 domum
2336 3715 2437 3780 illi
2470 3737 2659 3781 suam

691 3796 1049 3876 locaverat,
1104 3793 1403 3879 publicus
1446 3795 1672 3864 literas
1715 3799 2190 3883 conscripserat
2231 3800 2467 3885 quibus
2510 3823 2660 3867 rus-

691 3882 864 3948 ticus
905 3902 1028 3965 pro
1071 3888 1334 3948 centum
1375 3883 1647 3950 florenis
1701 3892 1935 3951 mutuo
1979 3886 2265 3969 acceptis
2307 3886 2659 3971 polliceba-

693 3978 807 4032 tur
849 3967 922 4031 in
965 3967 1262 4052 singulos
1305 3989 1514 4034 annos
1568 3990 1819 4053 cuppas
1861 3993 1979 4037 sex
2024 3972 2243 4039 tritici.
2333 3971 2658 4054 Addebat,

691 4072 813 4138 per
854 4073 928 4118 se
968 4061 1226 4119 tantum
1280 4056 1539 4121 stetisse
1593 4057 1941 4138 quominus
1995 4057 2145 4141 plus
2198 4067 2654 4142 apponeretur.

865 4139 972 4204 De
1012 4139 1421 4209 iuramentis.
1509 4140 1751 4207 Fuisse
1793 4142 1920 4210 hoc
1951 4143 2052 4208 illi
2094 4144 2658 4228 perquam‚usita-

692 4232 839 4290 tum
880 4225 1156 4305 vitium,
1212 4245 1349 4290 non
1406 4235 1668 4291 tantum
1711 4235 1783 4293 ut
1824 4228 2109 4309 iuraret,
2166 4230 2281 4295 sed
2335 4230 2538 4296 etiam
2580 4237 2660 4296 ut

689 4311 1165 4377 contumeliose
1224 4310 1550 4377 deieraret
1597 4333 1720 4396 per
1761 4333 2023 4397 corpus,
2079 4337 2201 4400 per
2242 4337 2360 4381 san
2457 4317 2655 4395 inem,

776 4417 813 4460 r
853 4408 1132 4463 mortem
1178 4398 1467 4474 Domini,
1514 4398 1882 4482 complures
1921 4407 2268 4467 testantur.
2420 4424 2470 4464 x
2512 4401 2656 4485 qui-

736 4502 818 4547 us
862 4481 995 4547 duo
1039 4490 1198 4548 sunt
1240 4504 1326 4550 ex
1367 4490 1592 4549 nostro
1643 4493 1834 4551 coetu
1885 4486 2289 4554 Genistonius
2331 4497 2400 4552 et
2443 4486 2656 4553 Ludo-

690 4567 885 4647 m‘cus,
906 4569 967 4647 ²)
1010 4568 1124 4651 qui
1168 4589 1316 4634 eum
1354 4569 1449 4636 ita
1485 4566 1883 4637 deierantem
1926 4572 2009 4640 ob
2053 4593 2161 4639 res
2197 4571 2393 4639 nihili
2426 4581 2496 4638 et
2538 4593 2655 4638 ex-

691 4659 801 4720 tra
841 4674 1109 4720 omnem
1151 4657 1637 4722 contentionem
1679 4656 2046 4724 audierunt.

864 4739 974 4806 De
1015 4739 1475 4807 inconstantia.
1579 4740 1976 4828 Quicunque
2018 4764 2171 4810 eum
2216 4752 2545 4810 noverunt
2587 4748 2656 4808 et

692 4825 945 4892 versati
986 4833 1147 4892 sunt
1189 4848 1339 4893 cum
1382 4847 1461 4893 co
1507 4830 1949 4911 pronunciant
1991 4830 2326 4896 hominem
2369 4850 2514 4895 csse
2556 4827 2653 4895 le-

692 4933 846 4979 vem
903 4918 971 4978 et
1024 4912 1137 4996 qui
1202 4911 1478 4979 subinde
1533 4923 1746 4980 mutet
1800 4917 2087 4983 consilia.
2191 4917 2414 5000 Atque
2477 4915 2655 4980 hanc

689 4999 935 5065 famam
979 4998 1050 5063 in
1093 5005 1232 5064 tota
1267 4999 1509 5066 vicinia
1549 5000 1750 5067 etiam
1783 5003 1959 5087 apud
1991 5003 2254 5089 ignotos
2294 5001 2420 5069 sibi
2473 5021 2654 5069 com-

691 5085 966 5168 paravit.

722 5288 861 5352 5⁰4.
897 5288 961 5425 ἐξ
997 5288 1495 5431 gimeias
1531 5293 1606 5349 N.
1639 5291 1766 5350 ⁶⁰0.

2259 429 2792 499 EPISTOLAE
2836 434 3176 496 604—505

4587 439 4699 503 62⁰

2938 617 3046 684 De
3087 618 3325 718 iurgiis
3381 616 3772 687 domesticis.
3861 619 4001 702 Qui
4053 620 4301 705 aliquid
4358 621 4703 690 habuerunt

2767 704 3262 772 consuetudinis
3305 725 3456 772 cum
3499 725 3578 771 eo
3612 706 3802 773 nobis
3836 706 4169 786 dixerunt,
4213 727 4417 790 supra
4458 706 4705 775 modum

2766 801 2834 856 et
2876 790 3074 856 nimis
3118 811 3313 874 saepe
3355 791 3642 857 rixatum
3677 812 3819 858 esse
3854 813 4003 859 cum
4038 814 4264 872 uxore,
4310 799 4377 859 et
4418 793 4585 860 fama
4613 802 4706 861 est

2767 877 3116 944 verberare
3159 897 3307 942 eam
3351 875 3618 942 solitum
3664 898 3799 944 non
3841 878 4126 944 maritali
4168 877 4378 945 modo.

2938 961 3047 1029 De
3100 961 3463 1029 maledictis
3519 970 3587 1028 et
3640 964 4245 1031 obtrectationibus.
4342 964 4499 1030 Alia
4545 965 4705 1032 levia

2765 1049 3231 1133 praeterimus,
3290 1069 3501 1113 unum
3543 1056 3645 1115 est
3696 1050 3869 1132 quod
3911 1052 4181 1117 minime
4222 1050 4562 1134 praeteriri
4602 1050 4706 1118 de-

2766 1144 2889 1202 cet.
2977 1134 3392 1217 conquestus
3446 1142 3547 1200 est
3613 1134 3786 1219 apud
3844 1137 4027 1221 pium
4081 1135 4432 1222 quemdam
4485 1137 4705 1217 virum,

2766 1242 2912 1287 esse
2955 1220 3027 1284 in
3070 1220 3300 1285 ordino
3340 1228 3567 1287 nostro
3618 1230 3831 1288 sectas
3874 1222 4458 1306 pestilentissimae.
4542 1223 4707 1289 Mul-

2766 1315 2870 1373 tos
2912 1306 3089 1372 enim
3133 1327 3220 1372 ex
3262 1307 3832 1375 concionatoribus
3867 1307 4122 1374 Christi
4168 1307 4576 1375 divinitatem
4607 1329 4708 1375 ne-

2768 1413 2945 1478 gare.
3033 1392 3127 1458 Et
3168 1390 3229 1458 N
3236 1413 3572 1459 eocomum
3588 1394 3645 1470 ⁸)
3688 1394 3954 1460 nomine
3999 1393 4427 1478 exprimebat.
4492 1392 4706 1475 Quan-

2766 1498 2961 1562 quam
3008 1499 3129 1544 nec
3172 1477 3356 1545 vobis
3396 1479 3724 1563 parcebat,
3769 1479 4093 1564 siquidem
4136 1488 4481 1564 postquam
4520 1479 4712 1547 iacta-

2768 1571 2958 1630 verat
2989 1563 3335 1630 sollicitari
3368 1585 3441 1629 se
3474 1573 3551 1630 ut
3588 1564 4074 1650 philosophiam
4105 1566 4256 1632 istic
4288 1566 4707 1649 profiteretur,

2766 1650 3054 1735 negabat
3104 1670 3176 1715 se
3230 1650 3300 1715 id
3353 1650 3713 1729 facturum,
3782 1652 3939 1735 quia
3986 1658 4357 1736 temperare
4414 1650 4534 1716 sibi
4585 1671 4713 1718 non

2766 1744 2989 1820 possct
3044 1737 3205 1820 quin
3249 1756 3509 1802 errores
3560 1736 3708 1803 illos
3745 1737 3952 1804 libere
3992 1734 4522 1821 reprehenderet.
4604 1735 4710 1803 Id-

2766 1843 2896 1904 que
2938 1822 3301 1887 etiamnum
3344 1823 3450 1889 vir
3492 1822 3603 1888 ille
3646 1823 3751 1890 cui
3792 1822 3993 1904 dixit,
4053 1831 4128 1890 ut
4179 1830 4283 1891 est
4333 1823 4614 1906 simplex
4651 1829 4714 1889 et

2765 1907 2997 1986 facilis,
3041 1927 3431 1991 persuasum
3473 1907 3700 1989 habet,
3756 1930 3968 1993 neque
4011 1909 4246 1976 leviter
4289 1909 4578 1976 offensus
4618 1915 4714 1974 est

2767 1991 2944 2078 quod
2987 1993 3210 2059 audiat
3261 1993 3335 2058 in
3378 1993 3608 2060 ordine
3663 2004 3888 2062 nostro
3940 1995 4211 2062 tolerari
4264 1994 4379 2078 qui
4432 1994 4713 2079 papistas

2768 2099 3069 2145 errorum
3111 2080 3439 2163 pravitate
3478 2089 3810 2164 superent.

2935 2165 3123 2232 Haec
3165 2186 3302 2231 non
3343 2165 3807 2233 malevolentia
3856 2188 3978 2234 nec
4021 2164 4378 2251 cupiditate
4422 2165 4559 2232 ulla
4597 2166 4713 2230 im·

2766 2250 2941 2335 pulsi
2983 2250 3069 2317 ad
3113 2272 3229 2317 vos
3274 2253 3635 2332 scribimus,
3682 2251 3797 2319 sed
3835 2260 4095 2319 tantum
4131 2260 4209 2319 ut
4251 2253 4533 2320 veritate
4573 2256 4717 2318 ante

2766 2337 2987 2403 oculos
3029 2336 3413 2422 simpliciter
3455 2339 3667 2421 posita
3711 2359 3832 2407 vos
3866 2339 4400 2422 praemuniamus
4441 2357 4528 2403 ne
4571 2334 4716 2420 quid

2767 2423 3077 2489 statuatis
3130 2424 3318 2490 cuius
3376 2445 3492 2491 vos
3555 2423 3750 2508 paulo
3803 2433 3952 2508 post
4016 2426 4368 2508 poeniteat.
4462 2421 4718 2491 Scimus

2768 2508 3104 2574 hominem
3159 2530 3304 2576 esse
3353 2531 3487 2576 non
3543 2508 3878 2578 indoctum
3894 2563 3911 2589 ‚
3976 2530 4101 2576 nec
4165 2510 4390 2577 obtusi
4452 2507 4713 2593 ingemi.

2765 2593 2950 2662 Satis
2992 2596 3194 2661 etiam
3237 2594 3671 2679 expendimus
3724 2604 4045 2681 quantum
4100 2604 4172 2662 et
4222 2595 4451 2663 vultus
4626 2592 4720 2659 vi-

2764 2689 2900 2747 tate
2943 2687 3011 2747 et
3051 2682 3285 2747 aetatis
3327 2682 3711 2748 maturitate
3762 2683 4144 2766 profuturus
4196 2690 4373 2749 esset
4556 2679 4720 2746 edas

2764 2766 3039 2846 Ohristi,
3094 2767 3154 2832 si
3195 2767 3465 2851 reliquis
3509 2767 3770 2834 dotibus
3821 2767 4099 2851 perinde
4149 2767 4522 2835 instructus
4561 2767 4723 2832 foret

2765 2872 2934 2937 quae
2975 2853 3048 2919 in
3100 2854 3402 2919 ministro
3452 2853 3897 2937 requiruntur.
3997 2852 4409 2938 Quanquam
4459 2852 4721 2918 minime

2763 2939 3054 3005 instituti
3094 2940 3303 3006 nostri
3358 2948 3460 3005 est
3500 2939 3899 3023 praeiudicio
3953 2939 4171 3024 aliquo
4210 2961 4332 3007 vos
4390 2955 4718 3022 occupare,

2765 3032 2843 3090 ut
2883 3025 2955 3089 in
3001 3024 3173 3090 hanc
3211 3025 3317 3091 vel
3359 3026 3543 3092 illam
3599 3036 3854 3109 partem
3894 3024 4217 3093 iudicetis.
4303 3025 4517 3092 Vobis
4558 3023 4721 3090 inte-

2766 3131 2963 3195 grum
3005 3109 3322 3177 iudicium
3364 3111 3829 3195 relinquimus:
3876 3118 4142 3177 tantum
4185 3110 4362 3196 quod
4403 3108 4720 3195 postulas-

2765 3198 2856 3263 tis
2900 3197 3366 3280 praestitimus,
3424 3210 3503 3263 ut
3542 3219 3664 3264 vos
3707 3195 4049 3284 diligentia
4088 3196 4347 3282 fideque
4392 3202 4620 3265 nostra
4655 3194 4722 3259 in

2765 3282 2891 3348 hac
2932 3304 3136 3350 causa
3175 3282 3658 3350 adiuvaremus.

2938 3368 3193 3449 Valete,
3237 3357 3476 3435 fratres
3515 3370 3707 3436 nobis
3747 3369 3821 3435 in
3853 3368 4143 3435 Domino
4183 3367 4532 3447 carissimi,
4575 3385 4723 3431 nos·

2763 3475 2893 3539 que
2934 3455 3007 3520 in
3097 3455 3351 3521 recibus
3403 3455 3645 3523 vestris
3697 3454 3935 3521 habete
3986 3454 4502 3522 commendatos.
4587 3450 4723 3517 Do-

2763 3542 2985 3606 minus
3099 3540 3350 3606 hristus
3409 3542 3525 3625 qui
3576 3561 3697 3608 vos
3749 3540 3835 3607 ad
3892 3539 4220 3608 culturam
4272 3541 4519 3607 vineae
4572 3556 4724 3606 suae

2765 3626 3112 3705 conduxit,
3191 3627 3377 3693 vobis
3437 3634 3507 3693 et
3563 3626 3859 3693 animum
3902 3634 3970 3693 et
4019 3626 4199 3694 vires
4260 3626 4593 3712 largiatur
4651 3627 4723 3689 ut

2765 3712 3006 3780 animis
3047 3710 3391 3779 indefessis
3434 3733 3645 3798 usque
3686 3713 3761 3779 in
3818 3714 4021 3779 finem
4074 3714 4147 3780 in
4181 3733 4383 3797 opere
4424 3727 4724 3796 perseve-

2762 3799 2940 3865 retis.
3030 3797 3348 3866 Genevae
3392 3798 3663 3867 Galend.
3709 3796 3975 3867 Octobr.
4021 3819 4197 3867 anno
4246 3802 4436 3864 1543.

3376 3935 3665 4002 Ioannes
3706 3934 4024 4003 Calvinus
4065 3935 4351 4002 fratrum
4395 3930 4721 4002 mandato.

3378 4021 3731 4105 Philippus
3775 4021 3859 4088 ab
3902 4021 4192 4088 ecclesia.

3379 4107 3767 4174 Matthaeus
3811 4106 4249 4174 Genestonus.

3377 4193 3629 4259 Abelus
3668 4192 4074 4277 Pouppinus.

3377 4279 3457 4345 L.
3505 4279 3938 4363 'Preppeream
3952 4279 4014 4362 ⁴)

2964 4482 3026 4548 3)
3069 4484 3255 4539 Habes
3285 4484 3376 4539 hie
3407 4480 3522 4551 ἥχυ
3553 4482 3837 4554 quandam
3881 4497 4068 4538 eorum
4100 4498 4242 4554 quae
4281 4480 4367 4539 Ga
4675 4481 4722 4532 d

2763 4551 3041 4608 eortasius
3072 4559 3266 4609 eontra
3288 4551 3571 4607 Fau-ellum
3604 4558 3657 4609 ot
3693 4551 3979 4608 edwinum
4010 4552 4310 4608 mebant.
4476 4567 4569 4605 aa·
4599 4560 4721 4605 m

2761 4621 3161 4704 Frenetes-vium
3208 4621 3366 4691 apud
3411 4620 3804 4677 Neam-moe
3848 4626 4014 4677 antea
4059 4621 4270 4692 deuius
4331 4621 4346 4635 ⁶
4496 4634 4612 4675 noa
4644 4630 4718 4672 n-

2756 4699 3021 4823 q“um-⁶4)
3055 4758 3302 4815 Nomina
3333 4760 3398 4814 in
3430 4757 3768 4831 amplos
3801 4774 3871 4814 ex
3898 4763 4059 4828 parto
4089 4759 4227 4814 nire
4259 4758 4594 4829 asprum

3532 5090 3801 5097 -----.—.-—.--
