5050 6167
709 407 834 471 707

694 591 857 659 ‘Hoc
901 590 1233 658 decretum
1277 589 1350 655 in
1394 589 1765 674 rhapsodiis
1807 587 2117 654 Gratiani
2159 593 2545 671 corruptum
2578 586 2673 653 le-

708 679 906 762 gitur,
952 676 1369 760 supposititia
1401 676 1813 759 exceptione:
1859 674 1974 741 sed
2010 674 2308 757 inspicite
2344 673 2670 739 volumen.

707 764 856 831 Illic
899 762 983 829 ad
1039 763 1315 829 verbum
1371 761 1653 828 habetur
1710 761 1901 827 sicuti
1953 760 2181 826 refero.
2272 758 2670 842 Quanquam

706 849 871 915 mihi
914 848 1064 933 plus
1107 849 1267 915 satis
1311 855 1413 914 est
1454 852 1869 914 sacrosancta
1912 846 2043 911 Dei
2080 846 2363 910 veritas:
2411 845 2672 911 etiamsi

705 956 884 1001 mors
942 936 1024 1001 ob
1074 954 1221 999 eam
1286 955 1554 1000 causam
1611 940 1785 999 esset
1831 931 2214 1015 oppetenda.
2302 930 2671 997 Consilium

706 1021 878 1104 quod
942 1022 1086 1104 ipse
1150 1041 1483 1103 caperem,
1550 1040 1686 1084 non
1750 1040 2014 1102 possum
2080 1016 2228 1082 aliis
2292 1037 2426 1081 non
2492 1015 2666 1082 dare.

703 1106 947 1172 Videte
970 1129 1146 1191 erge,
1191 1107 1449 1184 fratres,
1494 1126 1578 1170 ne
1598 1106 1773 1169 inter
1804 1124 2042 1169 manus
2078 1110 2334 1169 vestras
2367 1102 2668 1185 polluan-

702 1201 815 1258 tur
857 1214 1044 1259 sacra
1087 1193 1217 1257 Dei
1259 1191 1606 1275 mysteria,
1663 1210 1829 1273 quae
1884 1188 2061 1272 apud
2115 1210 2235 1254 vos
2278 1196 2459 1255 certa
2520 1188 2667 1272 lege

702 1279 1036 1362 deposuit,
1089 1287 1163 1342 ut
1206 1276 1542 1343 reddenda
1583 1278 1671 1342 sit
1712 1274 1896 1342 vobis
1937 1275 2124 1354 ratio,
2168 1275 2298 1340 nisi
2342 1275 2666 1358 sanguine

699 1366 918 1447 potius
964 1371 1182 1430 vestro
1225 1362 1573 1429 vindicetis
1614 1382 1858 1446 purum
1904 1381 2130 1426 eorum
2177 1381 2402 1439 usum,
2462 1381 2663 1442 quam

699 1450 1055 1515 adulterari
1113 1448 1250 1514 ullo
1304 1448 1493 1515 modo
1550 1447 1911 1531 patiamini.
2002 1447 2149 1512 Non
2206 1444 2456 1512 carebit
2498 1445 2662 1512 haec

697 1537 1070 1602 constantia
1134 1533 1446 1618 pericu10,
1514 1533 1630 1599 sed
1694 1534 2022 1618 insignem
2087 1533 2270 1597 illam
2338 1531 2662 1617 Cypriani

697 1620 1096 1687 sententiam
1153 1621 1319 1687 bene
1362 1639 1439 1684 ac
1482 1620 1743 1703 penitus
1790 1619 2027 1685 animis
2069 1618 2313 1684 vestris
2371 1617 2658 1701 insculp-

694 1713 833 1771 tam
899 1728 1043 1772 esse
1108 1705 1446 1773 convenit:
1516 1703 1760 1771 Servos
1826 1703 2099 1770 Domini
2164 1703 2446 1770 fideliter
2514 1705 2657 1769 eius

692 1792 1022 1858 mandatis
1067 1790 1442 1857 obedientes
1479 1791 1652 1856 vinci
1690 1812 1824 1857 non
1860 1812 2068 1875 posse,
2114 1798 2445 1873 utcunque
2488 1789 2657 1855 mori

690 1878 964 1961 possint.
1011 1877 1255 1942 Veniat
1297 1878 1495 1942 etiam
1539 1879 1612 1941 in
1654 1878 2037 1942 memoriam
2082 1876 2289 1942 altera
2331 1896 2655 1941 memora-

688 1962 843 2029 bilis
889 1984 1019 2030 vox
1062 1962 1357 2029 eiusdem
1400 1964 1609 2029 sancti
1649 1963 1799 2041 viri,
1849 1983 2047 2046 quam
2090 1963 2504 2046 Augustinus
2549 1981 2653 2025 re-

687 2052 844 2115 fert:
909 2049 993 2114 In
1050 2071 1122 2115 re
1176 2056 1314 2114 tam
1379 2057 1607 2116 sancta
1672 2048 1928 2113 nullum
1994 2068 2135 2113 esse
2199 2046 2654 2114 deliberationi

682 2135 919 2202 locum.
1009 2134 1198 2217 Quae
1242 2154 1321 2199 eo
1365 2134 1514 2218 plus
1555 2134 1862 2217 ponderis
1917 2143 2236 2213 meretur,
2293 2132 2465 2217 quod
2509 2133 2652 2215 ipse

687 2243 832 2286 eam
874 2221 945 2286 in
988 2242 1062 2286 re
1105 2221 1438 2304 praesenti
1480 2218 1711 2298 edidit,
1770 2241 1973 2303 quum
2018 2219 2150 2284 iam
2195 2220 2336 2284 eius
2379 2218 2651 2284 cervici-

685 2307 808 2373 bus
875 2307 1197 2373 carnificis
1260 2326 1497 2370 manus
1570 2307 1864 2372 instaret.
1954 2303 2293 2384 Quantum
2361 2304 2445 2370 ad
2508 2323 2650 2386 vos,

687 2392 982 2458 nondum
1027 2414 1102 2458 eo
1145 2412 1353 2475 usque
1404 2400 1679 2457 ventum
1742 2400 1871 2457 est:
1927 2412 2057 2474 quo
2112 2390 2491 2474 diligentius
2549 2398 2650 2453 est

684 2477 1164 2561 providendum
1211 2498 1295 2542 ne
1340 2477 1457 2542 otii
1501 2484 1759 2542 tantum
1798 2477 2002 2542 vestri
2036 2497 2251 2552 causa,
2298 2477 2648 2540 veritatem

698 2565 831 2630 Dei
872 2563 1234 2647 prodendo,
1294 2570 1590 2629 vestrum
1645 2563 2084 2627 ministerium
2131 2560 2424 2627 Satanae
2475 2559 2646 2625 ludi-

677 2649 821 2715 brio
871 2651 1295 2733 prostituatis.
1355 2647 1724 2728 Quaeretis,
1769 2648 2084 2731 quidnam
2127 2667 2286 2731 ergo
2324 2646 2513 2712 vobis
2559 2645 2648 2709 sit

680 2735 1026 2820 agendum.
1074 2736 1259 2801 Haec
1300 2735 1466 2799 mihi
1511 2736 1759 2816 optima
1801 2736 1967 2799 ratio
2008 2732 2292 2812 videtur,
2336 2740 2411 2797 ut
2444 2732 2643 2797 Prin-

680 2822 809 2904 cipi
854 2821 1213 2900 excusetis,
1272 2842 1356 2885 ne
1411 2835 1672 2885 vestras
1716 2819 2148 2886 conscientias
2190 2819 2365 2883 ultra
2404 2823 2643 2903 urgeat

679 2929 875 2990 quam
930 2908 1100 2972 ferre
1159 2905 1443 2989 possint,
1500 2925 1576 2970 ac
1631 2905 1923 2970 rationes
1978 2903 2237 2986 quidem
2296 2903 2641 2987 proferatis

678 3013 848 3076 quae
893 3015 1009 3059 vos
1051 2992 1408 3057 retineant:
1469 2990 1552 3055 ad
1598 2998 1988 3070 extremum,
2049 2991 2105 3055 si
2150 2989 2261 3055 ille
2304 2990 2468 3055 nihil
2513 2990 2640 3054 mi·

676 3085 887 3144 tescat
911 3130 926 3157 ,
972 3078 1361 3161 confugiatis
1406 3076 1488 3141 ad
1533 3076 1717 3141 illam
1761 3076 1946 3142 Petri
1992 3096 2245 3141 vocem:
2304 3075 2639 3142 Obedien-

674 3163 834 3229 dum
877 3165 1089 3249 magis
1132 3184 1275 3230 esse
1318 3161 1464 3227 Dco
1509 3182 1704 3245 quam
1748 3161 2143 3227 hominibus.

845 3250 952 3316 Dc
988 3249 1183 3334 pulsu
1227 3268 1692 3330 campanarum
1740 3255 1809 3313 et
1852 3247 2081 3315 diebus
2122 3249 2304 3315 festis
2346 3248 2442 3313 ita
2484 3268 2636 3314 sen-

675 3336 897 3414 timus,
945 3334 1246 3401 ferendas
1289 3335 1503 3416 potius
1539 3354 1681 3399 esse
1714 3334 1903 3400 vobis
1939 3335 2059 3399 has
2094 3335 2389 3418 ineptias,
2437 3355 2635 3417 quam

674 3422 1025 3487 stationem
1071 3421 1142 3484 in
1186 3440 1317 3503 qua
1361 3420 1516 3484 estis
1560 3441 1600 3483 a
1645 3418 1931 3484 Domino
1989 3419 2282 3487 collocati
2327 3418 2635 3486 deseren-

671 3507 855 3571 dam:
902 3504 1094 3570 modo
1132 3526 1213 3570 ne
1258 3503 1650 3588 approbetis,
1696 3505 1886 3570 modo
1921 3506 2118 3571 etiam
2141 3506 2420 3571 liberum
2444 3505 2632 3572 vobis

668 3592 757 3658 sit
798 3590 1276 3674 reprehendere
1320 3611 1486 3672 quae
1530 3589 1681 3655 inde
1725 3598 2077 3673 sequentur
2110 3592 2628 3675 superstitiones,

668 3684 863 3761 atque
886 3677 952 3741 in
979 3697 1123 3741 eam
1146 3696 1288 3741 rem
1334 3675 1684 3760 diligenter
1724 3677 2136 3743 incumbatis.
2184 3677 2363 3743 Sunt
2406 3685 2626 3743 autem

667 3763 794 3828 tria
836 3762 1247 3845 potissimum
1292 3761 1535 3844 capita:
1581 3761 1752 3844 quod
1796 3762 1934 3829 dies
1978 3785 2018 3829 a
2061 3763 2166 3829 die
2210 3763 2625 3842 discernitur,

706 3846 838 3914 uod
881 3847 1093 3914 cultus
1137 3848 1264 3912 Dei
1308 3847 1733 3913 constituitur
1775 3849 1842 3913 in
1889 3849 2096 3926 feriis,
2158 3849 2332 3932 quod
2375 3870 2509 3914 non
2552 3849 2623 3912 in

662 3871 795 3999 {ei
839 3941 1099 3997 tantum
1137 3933 1485 4012 honorem,
1545 3932 1715 4016 quod
1769 3935 1986 4017 ipsum
2029 3935 2164 3999 iam
2207 3935 2375 4000 foret
2411 3933 2621 4000 iudai-

663 4040 831 4097 cum,
879 4017 993 4082 scd
1042 4018 1381 4083 hominum
1423 4040 1680 4103 quoque
1725 4020 1862 4086 dies
1905 4020 2361 4086 observantur.

834 4101 1029 4184 Quod
1088 4124 1208 4169 vos
1266 4106 1617 4171 convenire
1671 4106 1973 4188 prohibet
2026 4107 2378 4187 Princeps,
2436 4104 2619 4170 nullo

658 4186 853 4253 modo
909 4195 1011 4253 est
1062 4188 1419 4256 tolerabile.
1508 4189 1949 4272 Quamobrem
2005 4191 2389 4257 cessandum
2432 4191 2617 4258 vobis

658 4294 789 4339 non
837 4274 981 4350 erit,
1028 4273 1230 4341 donec
1275 4284 1406 4340 tam
1450 4276 1748 4360 iniquum
1792 4278 2217 4343 interdictum
2256 4277 2616 4360 abrogave-

658 4360 764 4424 rit.
813 4357 989 4441 Quid
1027 4360 1220 4439 enim,
1269 4382 1396 4427 non
1437 4361 1577 4427 dico
1614 4362 1878 4428 tandem
1915 4364 2029 4429 scd
2065 4363 2268 4441 brevi,
2314 4364 2611 4429 futurum

658 4452 761 4510 est
804 4445 1144 4525 ecclcsiae,
1203 4448 1259 4512 si
1316 4447 1501 4512 nulla
1558 4448 1645 4514 sit
1700 4450 2200 4515 communicatio
2257 4450 2433 4513 inter
2488 4449 2610 4513 mi-

656 4531 920 4611 nistros,
968 4531 1150 4597 nulla
1184 4533 1603 4598 consiliorum
1642 4536 1932 4612 societas,
1970 4536 2191 4600 nullae
2226 4555 2608 4600 communes

654 4614 1201 4682 deliberationes?
1250 4620 1603 4684 Pereamus
1640 4641 1794 4685 vero
1838 4623 2083 4687 centies
2128 4621 2363 4703 potius,
2409 4640 2604 4702 quam

652 4701 723 4766 in
767 4702 967 4768 talem
1011 4703 1321 4771 ecclesiae
1365 4706 1856 4790 dissipationem
1897 4706 2397 4773 consentiamus.
2423 4710 2476 4782 7)

800 4881 835 4888 φ.
858 4877 1062 4887 ---—---—-.-

863 4977 922 5036 7)
959 4977 1077 5031 Hie
1109 4978 1397 5057 articulus,
1433 4981 1513 5035 sic
1546 4987 1608 5035 ut
1641 4987 1692 5036 et
1726 4983 1944 5050 meteri,
1992 4997 2145 5036 anno
2180 4981 2428 5050 sequenti
2471 4996 2599 5036 eom

654 5046 937 5102 stitutione
987 5047 1356 5103 ecclestastica
1402 5052 1681 5118 peculiari
1722 5053 2054 5121 praefinitus
2109 5056 2207 5117 est,
2263 5066 2405 5119 quae
2450 5052 2601 5106 edita

654 5121 733 5171 est
766 5115 938 5170 Uraoe'
960 5115 1044 5169 29.
1069 5116 1217 5171 Nov.
1246 5118 1373 5171 1545
1404 5133 1448 5172 8.
1474 5120 1528 5174 h.
1553 5122 1741 5175 titulo.-
1781 5124 1997 5174 Artikcl
2022 5122 2221 5174 darauf
2234 5121 2331 5173 der
2358 5121 2595 5175 Kirchen

653 5202 719 5237 zu
760 5187 1129 5255 M6mpelgard
1166 5187 1531 5242 Reformution
1572 5195 1742 5243 ncbcn
1781 5191 1891 5242 und
1927 5193 2108 5242 sambt
2132 5190 2387 5242 Uuscrin
2415 5190 2596 5243 Druck

654 5270 1096 5323 ausgegangenen
1161 5256 1649 5322 Kirclwnordnung
1703 5259 1962 5325 gestellclt
2022 5259 2131 5311 und
2192 5258 2596 5339 ffirgenommen

653 5323 874 5376 werden
919 5324 1035 5378 soll.
1109 5322 1420 5380 convestitas
1454 5326 1830 5383 ministrorum
1862 5327 2138 5396 penninas}
2176 5324 2279 5380 cub
2310 5326 2596 5394 praestato

2118 397 2647 466 EPISTOLAE
2691 405 2815 466 547
2821 405 3031 468 -549

4608 415 4720 480 708

2950 589 3243 655 Tantum
3278 593 3645 659 constantia
3678 600 3747 659 et
3779 593 4166 661 fortitudine
4187 615 4358 679 opus
4381 603 4500 676 est,
4522 601 4721 682 quasi

2776 676 3106 741 Dominus
3165 698 3280 743 vos
3338 679 3766 759 instruxerit,
3824 680 4194 764 quicunque
4249 683 4380 748 erit
4436 691 4720 766 eventus,

2774 760 2942 826 bene
2975 760 3244 828 habebit
3279 784 3404 830 res.
3450 766 3551 831 Ac
3585 785 3671 830 ne
3706 765 3975 831 modum
4018 787 4152 832 non
4194 767 4504 835 adhibere
4546 770 4721 838 vobis

2773 846 3033 927 videar,
3096 868 3137 912 a
3189 848 3470 934 longiori
3525 849 3986 917 exhortatione
4038 854 4444 936 supersedeo.
4535 854 4721 937 Quod

2773 932 2905 998 nisi
2959 934 3055 999 ita
3111 955 3463 1017 persuasus
3518 956 3727 1002 essem
3744 987 3761 1015 ,
3820 958 3942 1003 vos
3992 936 4077 1002 ad
4118 940 4339 1005 omnia
4394 941 4724 1009 subeunda

2772 1024 3035 1100 paratos
3087 1020 3226 1085 fore
3279 1022 3528 1103 potius,
3586 1043 3784 1105 quam
3825 1023 4174 1090 minimum
4217 1025 4497 1110 digitum
4540 1047 4581 1092 a
4620 1029 4722 1095 via

2773 1103 3161 1182 deflexuros‚
3206 1106 3588 1191 diligentius
3633 1107 3715 1173 ad
3741 1129 3856 1174 vos
3876 1111 4355 1178 confirmandos
4377 1111 4719 1180 adniterer.

2771 1190 2867 1254 At
2908 1211 2993 1256 ne
3036 1191 3106 1255 in
3149 1213 3222 1257 re
3266 1212 3672 1276 supervacua
3713 1192 4024 1270 laborem,
4069 1203 4326 1262 tantum
4364 1196 4721 1264 Dominum

2770 1276 3100 1358 precabor,
3146 1285 3224 1342 ut
3265 1299 3384 1344 vos
3427 1279 3665 1362 spiritu
3707 1279 4115 1346 fortitudinis
4155 1303 4232 1349 ac
4275 1281 4553 1350 fiduciae
4595 1293 4721 1350 sta-

2769 1361 2985 1441 biliat,
3044 1383 3248 1447 eoque
3303 1385 3424 1430 vos
3498 1365 3777 1430 invictos
3845 1365 4077 1432 reddat
4130 1368 4448 1435 adversus
4500 1390 4722 1438 omnes

2767 1444 3055 1513 Satanae
3121 1450 3660 1516 machinationes.
3749 1450 3895 1517 Hoc
3958 1453 4212 1520 faciunt
4275 1475 4532 1521 mecum
4590 1477 4719 1522 uno

2765 1551 3086 1599 consensu
3131 1555 3358 1601 omnes
3402 1538 3532 1601 mei
3575 1535 3891 1620 collegae,
3949 1538 4030 1605 de
4074 1560 4353 1622 quorum
4396 1542 4720 1608 sententia

2763 1618 2925 1685 haec
2971 1620 3219 1703 scripsi.
3296 1621 3552 1699 Valete,
3598 1622 3834 1687 &atres
3877 1620 4301 1705 dilectissimi,
4347 1646 4424 1692 ac
4467 1628 4720 1711 pergite

2762 1705 2931 1768 sicut
2973 1707 3305 1789 coepistis:
3354 1715 3450 1773 ne‘
3480 1708 3535 1772 si
3580 1706 3815 1773 rimam
3859 1711 4294 1792 patefeceritis
4336 1711 4531 1792 hosti,
4578 1723 4720 1780 tan-

2758 1810 2957 1941 (fiiam
3025 1791 3096 1856 in
3165 1792 3327 1859 urbe
3396 1800 3588 1877 capta
3658 1792 3948 1860 insultet.
4050 1796 4396 1878 Genavae,
4453 1802 4513 1864 8.
4562 1799 4719 1866 Idus

2836 1876 2923 1940 aii
2975 1881 3155 1942 1544.

3565 2088 3977 2100 ————-

3653 2305 3806 2376 548.

3162 2458 3833 2528 BULLINGERUS
3878 2461 4306 2530 OALVINC.

2926 2642 3197 2711 Gratias
3237 2647 3295 2710 ei
3336 2648 3470 2732 ayit
3510 2649 3587 2713 de
3625 2667 3836 2715 recens
3890 2652 4086 2716 misso
4142 2650 4355 2717 libello.
4444 2652 4716 2720 Adoles-

2745 2729 2936 2879 ἔληξε
2947 2731 3307 2882 oxzttaesgam
3350 2753 3552 2814 nuper
3601 2734 3826 2801 Turio-i
3858 2736 3931 2800 in
3973 2736 4313 2817 hospitem
4354 2737 4497 2804 dat-i
4539 2759 4716 2823 neqo-

2745 3002 2858 3068 (Ex
2905 3004 3240 3073 autographo
3287 3004 3451 3059 Arcb.
3498 3006 3675 3059 Turic.
3720 3006 3865 3060 Plut.
3904 3006 4000 3061 VI.
4038 3006 4164 3061 Vol.
4203 3006 4302 3062 129
4350 3010 4488 3065 olim
4525 3013 4591 3066 B.
4630 3011 4715 3068 30.

3303 3072 3395 3129 fol.
3431 3073 3550 3128 302.
3619 3075 3833 3131 Simler.
3870 3075 3990 3132 Vol.
4026 3074 4142 3145 55.)

2913 3258 3297 3327 Clarissimo
3351 3262 3496 3327 viro
3554 3263 3639 3328 D.
3682 3262 3921 3329 Ioanni
3965 3263 4244 3331 Oalvino
4300 3266 4488 3333 fideli
4534 3267 4713 3352 apud

2741 3344 3118 3413 Genevates
3153 3346 3405 3414 Christi
3438 3348 3744 3415 ministro
3781 3350 4070 3416 Domino
4103 3358 4173 3417 et
4205 3353 4394 3418 fratri
4429 3352 4709 3421 colendo

4160 3453 4384 3522 Genff.

2907 3584 3211 3651 Gratiam
3255 3595 3324 3651 et
3365 3606 3594 3670 pacem
3636 3609 3677 3652 a
3721 3587 4024 3655 Domine.
4117 3593 4389 3675 Accepi,
4442 3592 4707 3660 Calvino

2732 3668 3104 3736 doctissime
3161 3671 3463 3756 idemque
3519 3673 3854 3740 carissime
3906 3675 4145 3754 irater,
4201 3698 4401 3760 quem
4458 3679 4707 3746 misisti

2730 3753 3123 3840 libellum,¹)
3188 3756 3304 3822 sed
3369 3769 3637 3842 propter
3701 3761 4006 3843 urgentia
4073 3763 4336 3845 negotia
4395 3764 4706 3831 nondum

2727 3841 2917 3907 licuit
2968 3843 3042 3906 in
3097 3842 3240 3924 ipso
3294 3843 3647 3927 quidquam
3710 3844 3948 3930 legere.
4038 3847 4184 3932 Ago
4248 3855 4481 3916 autem
4549 3863 4702 3916 tuae

2728 3927 3126 3992 humanitati
3168 3930 3413 4012 gratias
3457 3932 3878 3997 immortales.
3961 3930 4099 3997 Tua
4142 3933 4308 3998 mihi
4349 3937 4705 4002 carissima

2726 4020 2884 4077 sunt
2926 4023 3122 4095 atque
3165 4015 3553 4097 gratissima.
3646 4017 3816 4082 Nam
3862 4027 4127 4100 propter
4168 4020 4522 4101 praeclara
4565 4020 4700 4087 Dei

2725 4096 2896 4161 dona
2929 4108 2994 4161 te
3029 4120 3113 4162 ex
3148 4100 3366 4166 animo
3406 4102 3563 4179 cole,
3606 4123 3904 4182 veneror,
3950 4103 4310 4170 exosculor.
4353 4107 4699 4174 Dominus

2722 4189 2789 4248 te
2845 4181 2930 4248 ad
2985 4182 3261 4267 gloriam
3313 4188 3600 4252 nominis
3660 4189 3763 4253 sui
3822 4196 4043 4256 servet
4096 4188 4209 4254 diu
4262 4190 4695 4271 incolumem,

2720 4289 2849 4352 quo
2905 4269 3265 4351 plurimum
3328 4272 3670 4339 scribendo
3736 4275 3945 4356 prosis
4004 4275 4330 4343 ecclesiae.
4425 4278 4694 4345 Vereor

2720 4367 2940 4419 autem
2987 4377 3069 4420 ne
3103 4376 3366 4439 operam
3407 4358 3771 4441 perdideris
3806 4370 3872 4425 et
3905 4361 4276 4443 impensam
4309 4364 4494 4446 apud
4530 4365 4694 4431 Car-

2716 4440 2864 4505 lum.
2942 4441 3211 4505 Avertit
3261 4445 3439 4507 enim
3484 4464 3677 4511 aures
3720 4466 3872 4510 suas
3916 4454 3984 4511 et
4026 4468 4067 4512 a
4108 4447 4254 4512 Deo
4296 4449 4445 4532 ipso
4491 4461 4565 4516 et
4607 4450 4690 4516 ab

2714 4533 2985 4591 aeterna
3004 4525 3137 4592 Dei
3159 4530 3456 4594 veritate.
3524 4528 3940 4614 Superstitio,
3986 4532 4424 4614 mendacium,
4473 4535 4690 4602 idolo·

2711 4609 2907 4677 latria
2949 4622 3017 4678 et
3059 4613 3363 4696 impietas
3416 4613 3812 4682 obsederunt
3862 4638 3973 4684 cor
4016 4618 4448 4686 obstinatum.
4543 4622 4687 4690 Do-

2711 4697 2933 4764 minus
2976 4699 3367 4765 misereatur
3412 4701 3711 4767 hominis.
3805 4700 3882 4768 Si
3925 4724 4122 4787 quam
4166 4705 4293 4789 ipsi
4332 4707 4686 4780 Dominus

2709 4784 3052 4849 victoriam
3109 4787 3609 4871 concesserit,²)
3663 4786 3973 4854 abutetur
4025 4790 4140 4854 illa
4183 4789 4267 4856 ad
4308 4812 4684 4877 persequu-

3079 4925 3118 4932 ἡ.

2706 4987 3210 5068 superintendens}
3252 4988 3493 5044 habendi
3537 4995 3590 5045 et
3631 4992 4015 5060 prementum
4061 4993 4277 5049 duobus
4321 4997 4680 5056 comam-'ss

2701 5070 3018 5196 fflsswp
3047 5058 3254 5180 (ἔφα,
3291 5058 3370 5112 Η.
3398 5059 3594 5113 Πῖνίοὴ
3629 5062 3733 5115 ΠΙ.
3780 5060 3894 5126 152,
3933 5062 4158 5132 Gom,
4197 5061 4322 5130 Res.
4360 5065 4439 5121 dc
4473 5067 4674 5126 Mont-

2743 5192 2876 5254 5⁴8.
2914 5194 2972 5256 l)
3011 5194 3325 5318 Stffliceqn
3358 5196 3789 5253 exhor-tationem
3824 5199 3900 5254 ad
3936 5198 4242 5256 Gaesarem.

2710 5329 2721 5342 ⁶
2885 5262 3040 5344 “Da
3160 5279 3539 5346 macor-eye
3588 5268 4003 5338 reponendam,
4058 5275 4676 5340 mmmmm

2696 5345 2919 5401 smper-n
2949 5338 3315 5401 protem
3348 5333 3555 5406 ὅμως
3588 5337 3865 5394 aum-ziam
3897 5353 4063 5393 sum
4096 5341 4500 5411 protument&
