5050 6167
658 407 788 470 455

657 592 802 675 ipso
879 590 1263 669 accersitur,
1338 584 1752 667 crediturque
1827 603 1905 649 eo
1978 583 2385 666 profecturus
2450 603 2609 648 vere

659 683 926 744 sanctus
980 675 1226 741 Christi
1295 670 1643 755 apostolus.
1742 668 1931 734 Idem
1996 689 2154 735 vero
2207 669 2407 733 etiam
2462 668 2607 733 Mo-

658 763 1104 828 nasteriensem
1147 759 1519 843 episcopum
1542 755 1598 840 ⁸)
1641 755 1966 834 meditari,
2010 776 2086 820 ac
2128 763 2481 836 utrumque
2523 753 2608 818 ad

658 847 1182 913 Protestantium
1217 845 1444 909 foedus
1479 842 1783 924 aspirare.
1852 840 2022 905 Nam
2058 839 2139 904 de
2160 841 2609 922 Aryentinensi

658 932 973 998 nimirum
1018 930 1352 1013 accepisti,
1415 928 1527 1011 qui
1567 926 2153 1011 Argentinensium
2207 934 2276 989 et
2318 946 2605 1008 quorun-

657 1017 809 1083 dam
829 1038 1095 1083 suorum
1123 1014 1490 1080 hortatibus
1525 1013 1844 1095 impulsus
1877 1010 2273 1093 colloquium
2308 1011 2378 1074 in
2400 1009 2606 1075 Mols-

657 1101 835 1168 heim
891 1103 1193 1181 instituit,
1210 1103 1269 1183 ⁴)
1327 1097 1500 1182 quod
1552 1099 1675 1164 hoe
1733 1099 1875 1180 ipso
1932 1103 2222 1179 tempore
2264 1095 2418 1161 DD.
2465 1095 2608 1160 Bu-

654 1208 808 1269 cerO,
850 1188 1153 1267 Hedione,
1212 1185 1485 1268 aliisque
1527 1183 1978 1267 praesentibus
2020 1181 2391 1266 peragitur,
2446 1201 2605 1245 mox

654 1274 971 1339 nimirum
1025 1271 1485 1354 auspicatoque
1538 1277 1920 1352 aperturum
1976 1287 2093 1350 per
2151 1287 2295 1331 eam
2391 1287 2605 1348 uoque

652 1358 1062 1444 provinciam
1095 1355 1433 1440 evangelio
1471 1356 1728 1421 ostium.
1792 1353 2119 1418 Dominus
2138 1352 2327 1418 Iesus
2387 1352 2605 1436 argia-

654 1453 768 1510 tur
809 1443 1064 1509 felicem
1107 1462 1549 1525 progressum,
1606 1461 1737 1505 non
1791 1439 2002 1505 solum
2059 1444 2325 1521 propter
2366 1437 2606 1503 horum

656 1528 937 1594 ditiones
993 1526 1429 1610 amplissimas
1446 1577 1462 1604 ‚
1521 1546 1747 1592 verum
1802 1524 2000 1589 etiam
2055 1530 2324 1606 propter
2381 1544 2603 1588 exem-

653 1614 839 1697 plum
882 1612 1051 1695 quod
1093 1611 1411 1677 hactenus
1445 1611 1867 1675 inusitatum:
1911 1609 2009 1673 ita
2046 1609 2361 1673 nimirum
2405 1609 2604 1673 etiam

656 1699 820 1765 alios
861 1698 1296 1764 invitaturum
1353 1696 1435 1762 ad
1490 1694 1956 1779 capessendam
2000 1694 2281 1760 alacrius
2318 1714 2603 1777 evange·

654 1784 850 1851 licam
915 1783 1294 1861 veritatem,
1359 1782 1472 1865 qui
1527 1803 1646 1865 per
1692 1787 1941 1845 metum
1995 1778 2160 1845 forte
2225 1779 2394 1845 nihil
2450 1787 2607 1845 sunt

654 1869 853 1953 primi
896 1869 1037 1934 ausi
1079 1877 1350 1933 tentare.

824 1955 931 2019 De
988 1952 1241 2019 Farello
1304 1959 1528 2017 nostro
1592 1951 1904 2016 nimirum
1958 1970 2043 2015 ex
2098 1949 2339 2016 Bueeri
2390 1949 2604 2015 literis

653 2040 874 2105 omnia
915 2037 1259 2121 intelliges,
1303 2037 1488 2103 cuius
1522 2036 1862 2119 angustiae
1896 2036 2169 2102 mirifice
2203 2057 2423 2100 meum
2460 2036 2603 2100 ani-

651 2145 834 2190 mum
867 2124 1214 2189 sollicitum
1239 2121 1483 2187 habent·
1513 2128 1708 2205 atque
1729 2121 2108 2205 percellunt.
2175 2120 2503 2186 Dominus
2539 2127 2606 2185 et

651 2209 828 2275 illius
851 2217 918 2273 et
944 2207 1250 2274 ecelesiae
1275 2209 1677 2284 misereatur,
1711 2207 1824 2290 qui
1846 2207 2022 2273 solus
2044 2213 2262 2290 potest
2303 2224 2605 2288 repressa

651 2301 1038 2377 tempestate
1081 2293 1503 2358 serenitatem
1541 2291 1868 2371 inducere,
1914 2300 1990 2357 ut
2032 2294 2144 2375 qui
2181 2291 2385 2357 verbo
2418 2311 2603 2355 mare

650 2380 838 2447 sedat
879 2378 1236 2462 quamlibet
1276 2379 1562 2443 fremens
1605 2378 2009 2460 exitiumque
2052 2378 2384 2442 minitans.
2462 2375 2602 2442 Nos

649 2472 909 2530 tantum
952 2486 1100 2529 eum
1142 2464 1444 2547 precibus
1501 2464 1862 2529 excitemus
1920 2484 2125 2545 quum
2168 2463 2410 2528 nostris
2454 2469 2599 2526 tum

648 2551 1067 2617 ecelesiarum
1113 2557 1509 2625 nostrarum,
1555 2559 1620 2613 et
1659 2570 1963 2616 verorum
1983 2547 2232 2613 Christi
2278 2546 2601 2613 membro·

645 2656 797 2701 rum
841 2642 1224 2715 συμπαθείας
1267 2634 1686 2700 declaremus.
1754 2633 1906 2698 Non
1951 2633 2175 2699 desino
2219 2639 2601 2716 exspectare

642 2721 883 2822 laetius
939 2720 1200 2804 aliquod
1256 2720 1602 2798 nuncium,
1660 2718 1830 2802 quod
1885 2719 2143 2785 utinam
2199 2718 2387 2785 brevi
2431 2716 2598 2785 acci-

687 2827 918 2873 lamus.

641 2827 685 2890 P
815 2892 1241 2976 Vitebergae‚
1305 2911 1390 2955 ne
1457 2898 1525 2955 et
1586 2889 1712 2956 hoc
1772 2889 2058 2969 nescias,
2123 2888 2208 2954 D.
2279 2887 2599 2953 Lutherus

643 2977 1074 3044 eucharistiae
1117 2974 1665 3055 sublevationem,
1723 2975 1795 3039 in
1837 2995 2079 3042 coenae
2121 2996 2345 3041 sacrae
2388 2972 2596 3038 admi-

639 3063 1032 3129 nistratione
1087 3063 1442 3128 exercitam
1496 3060 1846 3139 haetenus,
1910 3061 2199 3140 sustulit,
2215 3061 2272 3144 ὁ)
2326 3059 2598 3124 tintina-

638 3149 904 3232 bulique
948 3147 1229 3231 pulsum,
1284 3155 1631 3229 propterea
1676 3145 1849 3230 quod
1894 3154 1960 3212 et
2003 3146 2234 3212 Gallos
2277 3145 2594 3229 quosdam

639 3241 710 3299 et
772 3232 1174 3300 Germaniae
1253 3232 1607 3317 superioris
1671 3231 1995 3298 studiosos
2060 3252 2137 3297 ea
2201 3231 2595 3297 caerimonia

638 3318 883 3386 offendi
926 3319 1378 3384 intellexisset.
1447 3317 1582 3383 Sed
1628 3325 1694 3382 et
1730 3318 1803 3381 in
1848 3317 2121 3383 ecclesia
2162 3317 2590 3400 Leipsensi⁰)

636 3406 781 3488 ipso
804 3405 1251 3470 consentiente
1296 3404 1400 3468 his
1442 3403 1799 3479 mensibuS,
1846 3412 2119 3487 excepto
2160 3424 2312 3482 uno,
2358 3401 2593 3465 altaria

638 3490 859 3556 omnia
914 3498 1070 3555 sunt
1125 3490 1452 3554 confracta
1506 3497 1572 3553 et
1631 3487 1978 3553 simulacra
2034 3489 2255 3553 omnia
2311 3486 2589 3565 sublata,

637 3582 716 3642 ut
768 3576 965 3659 plane
1023 3574 1371 3639 declararit
1426 3594 1496 3638 se
1552 3594 1685 3638 non
1743 3582 1881 3638 tam
1936 3573 2346 3639 cerebrosum
2399 3592 2592 3655 prae-

636 3662 1047 3742 fractumque
1091 3680 1284 3743 quam
1340 3657 1543 3740 vulgo
1601 3660 1884 3725 habetur
1938 3670 2006 3725 et
2049 3659 2252 3724 audit.
2342 3657 2421 3721 Id
2466 3657 2590 3741 igi-

634 3754 746 3812 tur
792 3747 1104 3811 nuncium
1149 3743 1311 3808 mihi
1357 3743 1439 3808 ab
1475 3744 1737 3809 homine
1771 3744 1924 3809 fidei
1967 3744 2343 3828 exploratae
2387 3740 2590 3827 signi-

632 3834 903 3897 ficatum
959 3851 1034 3896 eo
1090 3852 1195 3895 me
1252 3828 1597 3895 oblectavit
1651 3832 2042 3913 impensius,
2100 3828 2273 3913 quod
2329 3849 2589 3911 sperem

632 3916 992 4002 plurimum
1035 3915 1343 3997 ponderis
1399 3914 1483 3979 ad
1538 3915 1924 3982 catholicam
1970 3915 2388 3980 eeclesiarum
2433 3935 2588 3980 con-

634 4003 1007 4067 sensionem
1049 4000 1428 4065 habiturum
1484 3999 1657 4083 quod
1701 4002 1977 4078 factum,
2032 4000 2291 4083 quando
2335 4002 2587 4066 rituum

634 4088 742 4155 vcl
797 4087 983 4168 copia
1035 4087 1140 4151 vel
1198 4086 1579 4151 diversitate
1632 4086 1809 4169 apud
1853 4085 2155 4151 Saxones
2210 4107 2340 4150 non
2398 4086 2587 4169 pauci

634 4171 1064 4238 offenduntur
1097 4172 1432 4249 hactenus,
1469 4172 1753 4236 maxime
1788 4193 1988 4255 quum
2022 4193 2155 4236 non
2192 4169 2410 4236 desint
2443 4170 2586 4234 ubi-

633 4277 760 4341 que
803 4259 1083 4323 artifices
1117 4259 1282 4330 mire
1318 4255 1402 4322 ad
1436 4256 1831 4322 calumniam
1885 4258 2106 4322 omnia
2160 4255 2586 4339 detorquendi

722 4615 733 4626 .
840 4547 899 4608 3)
937 4545 1148 4600 Franc.
1186 4563 1224 4598 a
1261 4543 1676 4670 deoek’ff
1707 4548 1825 4601 iam
1898 4546 2080 4601 oederi
2113 4545 2475 4601 Smalcaldieo
2523 4560 2584 4599 sc

630 4613 937 4750 were
979 4620 1225 4683 paratus
1289 4619 1426 4669 erat.
1506 4616 1538 4682 (
1627 4615 1733 4669 nke
1874 4656 1885 4667 .
1939 4616 2079 4683 268,
2136 4614 2398 4669 Seekend.
2451 4614 2581 4670 III.

836 4751 897 4814 4)
937 4751 992 4804 ἆ.
1035 4750 1114 4803 16.
1158 4749 1270 4804 Oct.
1306 4750 1570 4804 habitum.
1640 4751 1785 4806 Fuit
1826 4752 1879 4807 is
1913 4752 2191 4807 Erasmus
2237 4769 2275 4804 a
2309 4752 2546 4806 Limbm·

631 4836 747 4876 non
778 4819 863 4874 ita
982 4820 993 4831 '
1144 4819 1221 4873 ad
1253 4819 1431 4873 sedem
1464 4824 1692 4875 evectus.
1748 4821 2155 4876 eamdem-mn
2177 4836 2247 4874 ca
2301 4821 2486 4874 ‘budam

633 4889 931 4945 concordia
964 4888 1215 4941 ineunda
1248 4893 1490 4942 tractare
1523 4905 1640 4942 non
1676 4890 1891 4957 abrmit,
1929 4891 2024 4945 sed
2061 4905 2151 4944 res
2184 4906 2213 4943 e
2255 4895 2432 4944 ectum
2461 4905 2581 4944 novt

631 4959 827 5014 habuit
862 4956 1163 5026 (Roehrich
1197 4956 1287 5010 11.
1322 4958 1407 5010 29.
1445 4956 1591 5025 277.)

837 5029 899 5084 5)
936 5026 1099 5080 Haec
1137 5040 1252 5078 non
1296 5026 1448 5078 omni
1488 5041 1558 5080 cx
1645 5032 1768 5081 arte
1811 5032 2069 5082 accurate
2112 5027 2203 5081 hic
2246 5032 2577 5082 narrantur.

639 5095 782 5151 Vide
819 5096 977 5165 Epp.
1015 5094 1252 5150 Lutheri
1283 5110 1379 5162 ap.
1415 5094 1504 5148 Dc
1600 5101 1703 5150 ette
1727 5097 1793 5151 V.
1817 5097 1948 5162 235.
1983 5097 2105 5151 478.
2153 5097 2278 5152 Eri.
2326 5096 2579 5151 &unche

642 5162 810 5219 WW.
845 5168 934 5234 55,
970 5165 1074 5218 256
1107 5169 1158 5218 et
1191 5165 1278 5229 56,
1315 5163 1400 5216 29.
1465 5162 1658 5219 Walch
1691 5165 1768 5219 X.
1804 5164 1959 5220 2759.

841 5235 900 5296 6)
940 5235 1001 5288 G.
1040 5233 1109 5288 G.
1144 5232 1454 5299 Hofmaom,
1504 5232 1630 5300 Res.
1665 5234 1818 5288 Hice.
1855 5234 1911 5289 ἅ.
1946 5234 2114 5290 stadt
2157 5234 2395 5303 Leipaeiy
2442 5233 2578 5288 1739

631 5316 696 5372 p.
725 5300 847 5356 388.
883 5303 1004 5357 421.
1038 5318 1154 5357 rem
1178 5301 1356 5371 paulo
1391 5301 1552 5356 aliter
1582 5309 1802 5359 narrat.

2185 392 2713 464 EPISTOLAE
2756 396 3094 460 429—-431

4530 394 4651 456 456

2712 589 2779 648 et
2821 580 3188 649 cavillandi.
3256 582 3507 648 Paulus
3550 580 3799 667 Fayius
3817 582 3873 665 ⁷)
3914 579 4210 647 Isncnsis
4242 580 4329 646 D.
4371 577 4656 661 Capitoni

2711 668 2857 752 piae
2901 667 3255 734 memoriae
3298 689 3714 734 successurus
3755 668 3965 733 fertur
3997 675 4140 731 tum
4181 667 4254 730 in
4295 664 4654 731 ministerio

2713 754 3146 821 ecclesiastico
3200 760 3347 818 tum
3413 753 3780 837 theologiae
3848 753 4275 836 professione,
4345 751 4533 833 isque
4583 750 4654 816 in

2711 839 2910 905 horas
2953 847 3388 922 exspectatur.
3490 839 3675 904 Haec
3720 846 3784 906 te
3826 838 3994 905 scire
4038 838 4236 903 volui.
4325 835 4655 920 Quidquid

2712 926 2840 990 erit
2881 934 2949 990 te
2992 945 3129 989 non
3172 925 3423 1005 celab0‚
3478 946 3674 1008 quem
3716 947 3798 991 ex
3838 924 4058 989 animo
4101 931 4167 988 et-
4212 943 4365 990 vere
4407 922 4550 989 eolo
4591 928 4658 987 et

2712 1010 2930 1094 diligo.
2997 1011 3327 1076 Dominus
3362 1018 3430 1075 te
3465 1019 3684 1076 servet
3724 1031 3874 1077 eum
3907 1029 4113 1075 uxore
4149 1015 4215 1074 et
4256 1008 4653 1093 symmystis,

2711 1117 2870 1178 quos
2925 1116 3072 1160 meo
3128 1097 3393 1161 nomine
3445 1106 3743 1162 amanter
3799 1103 3867 1162 et
3921 1095 4268 1179 diligenter
4324 1093 4653 1160 salutabis.

2711 1181 3023 1247 Salutant
3063 1189 3131 1246 te
3169 1180 3450 1247 Contzen.
3475 1181 3659 1248 Beat.
3703 1181 3902 1264 Gryn.
3944 1188 4014 1246 et
4041 1180 4350 1246 Telamon.
4363 1180 4427 1262 8)
4473 1178 4653 1245 Vale.

2709 1267 2970 1333 Bernae
3014 1268 3116 1331 21.
3162 1264 3390 1333 Octob.
3433 1268 3633 1333 Anno
3684 1271 3864 1332 1542.

3895 1404 4076 1470 'l'uus
4118 1401 4482 1468 Sultzerus.

3604 1897 3758 1970 43⁰.

3230 2051 3660 2120 BUOERUS
3703 2051 4134 2119 OALVINO.

2881 2221 3187 2288 Metenses
3238 2223 3570 2305 infeliciter
3621 2221 3748 2288 sibi
3810 2223 4259 2290 consuluerunt.
4365 2223 4661 2292 Coloniae

2704 2308 3063 2389 reformatio
3131 2307 3287 2373 bello
3344 2309 3662 2390 impedita.
3762 2307 3984 2374 Etiam
4046 2311 4453 2393 Argentorati
4513 2332 4661 2395 spec

2704 2394 2940 2544 mit-lais
2954 2393 3219 2545 cadmi}-
3280 2392 3509 2459 Petrus
3553 2393 3810 2477 Mar-tyr
3850 2414 3993 2461 cum
4032 2396 4349 2462 nonnullis
4381 2396 4539 2462 aliis
4581 2417 4658 2462 ex

2703 2649 2814 2716 (Ex
2859 2650 3116 2704 thesauro
3161 2650 3341 2703 Bonae
3385 2649 3489 2704 Ed.
3535 2648 3740 2704 Gener.
3776 2667 3830 2721 p.
3865 2649 3965 2718 42,
4012 2652 4173 2705 Laus.
4207 2668 4261 2722 p.
4296 2650 4393 2718 87,
4437 2652 4653 2708 Hanov.

3128 2735 3183 2787 p.
3217 2715 3303 2784 97,
3340 2716 3551 2773 Ohouet
3583 2735 3638 2789 p.
3672 2717 3759 2785 53,
3794 2720 3972 2774 Amat.
4008 2737 4063 2789 p.
4098 2718 4209 2787 25.)

2874 2889 3182 2956 Gratiam
3225 2895 3295 2953 et
3344 2910 3591 2972 pacem.
3681 2888 3901 2971 Quam
3940 2890 4287 2958 infeliciter
4326 2891 4451 2958 sibi
4492 2911 4654 2959 eon-

2700 2975 3027 3042 suluerint
3064 2975 3417 3053 Metenses,
3463 2995 3666 3057 quum
3708 2997 3985 3061 regnum
4046 2976 4298 3043 Christi
4340 2998 4474 3042 non
4517 2979 4655 3045 nisi

2699 3062 2865 3126 certi
2907 3060 2989 3125 de
3032 3060 3301 3127 brachio
3336 3061 3554 3125 carnis
3596 3060 3940 3127 admittere
3980 3062 4349 3144 voluerunt,
4394 3064 4467 3127 in
4509 3064 4655 3131 dies

2698 3146 3111 3231 gravioribus
3154 3144 3634 3211 calamitatibus
3677 3150 3919 3230 patefit.
3990 3149 4317 3213 Dominus
4360 3150 4655 3235 corrigat

2696 3232 2866 3316 quod
2905 3253 2945 3296 a
2979 3232 3165 3297 nobis
3196 3239 3534 3315 peccatum
3571 3240 3688 3310 est,
3735 3240 3800 3297 et
3836 3234 4077 3300 excitet
4115 3255 4395 3318 regnum
4445 3255 4652 3300 suum

2697 3340 2816 3384 suo
2851 3316 3136 3383 brachio.
3203 3316 3480 3383 Colonia
3511 3318 3906 3384 moliebatur
3942 3318 4185 3402 aliquid
4218 3340 4336 3404 pro
4359 3318 4650 3388 Christo.

2694 3402 2775 3467 Id
2818 3423 3053 3469 vereor
3094 3409 3172 3467 ut
3210 3421 3387 3467 nune
3445 3401 3644 3483 bello,
3700 3403 3873 3487 quod
3912 3404 4236 3471 Brabanti
4277 3406 4654 3472 intulerunt

2694 3488 3064 3567 Iuliacensi,
3110 3489 3309 3554 etiam
3345 3485 3703 3554 differatur.
3731 3488 3777 3574 ¹)
3843 3489 4084 3556 Noster
4099 3493 4158 3574 ²)
4203 3512 4461 3574 quoque
4503 3514 4649 3558 mo·

2694 3574 2802 3638 liri
2845 3575 3055 3656 coepit
3096 3571 3360 3656 aliquid,
3405 3573 3519 3638 sed
3560 3573 3940 3655 adversarii,
3986 3575 4139 3640 dum
4185 3598 4318 3641 non
4362 3576 4548 3643 valet
4580 3577 4649 3643 id

2695 3657 3054 3738 advertere,
3090 3658 3449 3723 extrahunt
3467 3660 3664 3724 etiam
3704 3668 3962 3745 tempus
3995 3669 4315 3744 quantum
4349 3671 4648 3745 possunt.

2694 3744 2968 3811 Utinam
3012 3744 3406 3811 sentiremus
3448 3753 3518 3809 et
3558 3744 3730 3811 bona
3772 3755 3839 3810 et
3869 3746 4045 3811 mala
4088 3757 4330 3827 nostra,
4376 3756 4446 3813 et
4485 3770 4645 3815 con—

2695 3830 3023 3913 spirantes
3065 3831 3192 3894 rite
3236 3829 3307 3893 in
3351 3829 3654 3909 Domino,
3698 3832 3877 3897 veris
3919 3832 4501 3915 supplicationibus
4547 3837 4653 3900 in-

2693 3916 3161 3982 cumberemus.
3247 3915 3669 3982 Poenitentia
3709 3937 3901 3996 vera,
3955 3920 4152 3983 etiam
4204 3916 4379 4001 apud
4435 3940 4642 3986 evan·

2693 4001 3133 4085 gelicissimos‚
3178 3999 3541 4084 ignoratur.
3628 3999 3933 4067 Christus
3967 4024 4086 4069 008
4128 4005 4371 4070 excitet
4413 4013 4481 4069 et
4522 4024 4642 4071 suo

2692 4086 2924 4169 spiritu
2966 4085 3253 4168 impleat.
3342 4084 3478 4150 Res
3520 4095 3781 4152 nostrae
3823 4088 3932 4154 hic
3974 4086 4237 4168 habent,
4283 4096 4360 4154 ut
4401 4090 4640 4171 solent,

2692 4173 2849 4236 satis
2910 4170 3219 4255 languide
3274 4191 3395 4253 pro
3453 4169 3638 4238 donis
3692 4173 3879 4239 nobis
3933 4173 4215 4239 collatis:
4280 4182 4463 4241 orate
4517 4197 4639 4260 pro

2690 4257 2876 4322 nobis
2920 4265 2995 4321 ut
3035 4278 3141 4321 ma
3193 4256 3247 4321 is
3289 4255 3795 4324 inardescamus.
3858 4257 4093 4325 Ludus
4133 4259 4464 4326 litei-arius
4500 4282 4638 4327 non

2686 4341 3096 4408 incommode
3203 4341 3368 4408 abet.
3468 4342 3763 4410 Advenit
3814 4365 3899 4409 ex
3950 4344 4146 4410 Italia
4205 4346 4311 4411 vir
4364 4346 4637 4428 quidam

2688 4449 2947 4512 graece,
3010 4427 3313 4493 hebraice
3370 4434 3439 4492 et
3488 4427 3692 4495 latine
3735 4428 4083 4495 admodum
4129 4429 4382 4511 doetus,
4439 4440 4510 4497 et
4561 4433 4633 4497 in

2687 4513 3029 4597 scripturis
3093 4513 3370 4578 feliciter
3426 4523 3756 4593 versatus,
3824 4535 4033 4581 annos
4099 4528 4295 4581 natus
4351 4517 4635 4599 quadra-

2684 4601 2871 4684 ginta
2913 4607 3207 4682 quatuor,
3263 4599 3487 4683 gravis
3531 4598 3818 4665 moribus
3860 4609 3928 4666 et
3959 4600 4200 4668 iudicio
4242 4603 4396 4680 acri,
4444 4601 4634 4669 Petro

2889 4820 2947 4882 7)
2985 4818 3204 4872 Paulus
3236 4819 3480 4874 Bao-min
3523 4835 3592 4874 ex
3632 4818 3899 4873 Tabes-nio
3933 4819 4240 4889 Rhenanis,
4288 4821 4416 4876 olim
4451 4823 4626 4892 Capi-

2680 4887 2828 4943 tonis
2862 4886 3190 4956 discipulus,
3226 4904 3380 4943 nunc
3404 4887 3562 4942 Petri
3582 4888 3827 4956 Buffleri
3858 4891 4130 4944 senatoris
4160 4890 4360 4958 opibus
4394 4891 4628 4948 adiutus

2678 4958 2745 5011 in
2776 4956 2985 5025 oppido
3020 4957 3163 5026 Isny
3196 4956 3369 5011 literis
3400 4957 3675 5011 hebraicis
3718 4963 3770 5012 ct
3800 4957 3957 5013 libris
4177 4961 4186 4971 '
4323 4976 4477 5015 eran·
4519 4978 4624 5016 na-

2679 5026 2865 5094 vabat,
2914 5025 3144 5093 officina
3181 5026 3415 5093 privata
3459 5026 3734 5079 instituta.
3816 5025 4117 5095 (Βοῶν-ἰώ
4162 5028 4249 5083 ΙΙ.
4293 5030 4379 5083 33.
4425 5029 4642 5085 Huber-

2679 5096 2803 5150 hist.
2840 5094 2908 5148 de
2940 5095 3059 5150 vita
3089 5094 3299 5147 Bucari
3331 5100 3382 5148 et
3415 5094 3603 5162 Faqii.
3655 5096 3794 5163 Ary.
3830 5096 4006 5163 1562.)

2884 5164 2945 5230 8)
2983 5162 3069 5229 Cf.
3105 5162 3186 5217 N.
3221 5161 3344 5231 422,
3378 5168 3494 5218 not.
3529 5162 3580 5217 4.

2714 5231 2846 5295 430,
2883 5235 2944 5369 ἐξ
2978 5230 3024 5286 C
3051 5232 3557 5355 ‘mZBmoe
3582 5247 3647 5369 Ξ.
3682 5230 3804 5314 533.
