5050 6167
393 391 519 454 813

394 576 609 662 specie
662 585 887 643 careat
938 573 1118 643 mali.
1216 572 1660 657 Quamobrem
1710 575 1786 642 in
1838 580 2132 660 tempore
2185 574 2343 641 dum

394 670 496 731 est
536 658 1008 729 occurrendum
1052 660 1136 726 ad
1179 682 1476 728 rumores
1517 670 1951 747 peccatorum,
2003 682 2086 727 ne
2130 660 2343 726 dicam

394 747 478 814 ad
539 756 824 832 poecata,
889 767 1026 812 non
1087 755 1187 813 est
1249 746 1503 812 tamdiu
1565 747 2047 813 connivendum
2115 756 2195 810 ut
2257 745 2341 812 ad

392 833 644 918 flagitia
682 832 1105 916 reliquorum,
1158 839 1353 916 atque
1394 831 1462 898 id
1505 831 1765 916 quidem
1808 853 1894 898 ne
1935 832 2340 898 contamine-

392 927 505 986 tur
579 918 795 1003 aliquo
873 916 1068 983 modo
1147 918 1460 984 doctrina.
1585 917 1671 983 In
1745 918 2001 983 ratione
2064 916 2342 983 Domini

391 1013 729 1090 praeterea
781 1025 1084 1072 censores
1140 1003 1534 1069 adhibentur
1585 1002 1761 1070 laici:
1829 1012 2074 1087 quanto
2138 1003 2344 1089 igitur

390 1090 630 1157 melius
692 1090 778 1156 sit
840 1101 917 1155 ut
978 1090 1216 1155 fratres
1280 1090 1456 1154 inter
1525 1109 1597 1155 se
1658 1089 1940 1155 invicem
2010 1090 2345 1173 corrigant

390 1175 526 1242 illis
566 1196 699 1241 non
741 1172 1074 1254 adhibitis,
1127 1175 1273 1258 quis
1316 1172 1570 1241 nescit?
1658 1175 1752 1240 Et
1806 1174 2014 1241 veluti
2070 1196 2339 1259 praeve-

388 1261 613 1328 nimus
671 1261 940 1345 speciali
994 1260 1119 1326 hac
1172 1261 1605 1340 coi-rectione,
1673 1269 1792 1346 aut
1854 1260 2086 1326 saltem
2154 1281 2339 1344 prae-

390 1346 622 1414 venire
677 1346 968 1413 studium
1025 1354 1127 1411 est
1178 1347 1455 1412 formam
1515 1345 1786 1411 Domini
1848 1345 2338 1496 praescriptam,

2104 1452 2215 1498 rae
2243 1432 2341 1496 uit

388 1455 476 1500 ne
531 1431 790 1517 quando
846 1432 1106 1516 publice
1161 1429 1252 1498 sit
1313 1430 1815 1498 denunciandus
1878 1432 1991 1515 qui
2205 1518 2217 1531 ·

2154 1537 2343 1584 mnus

385 1518 734 1603 evangelio
790 1515 1065 1596 Christi,
1119 1516 1320 1584 Pauli
1370 1519 1743 1601 exemplum
1800 1527 1978 1584 recte

387 1602 665 1688 adaptat
703 1604 779 1668 in
831 1602 1341 1687 reprehensione
1395 1603 1611 1669 Petri:
1670 1603 1782 1702 qui
1839 1603 2120 1688 quidem,
2179 1603 2340 1668 dum

384 1699 565 1756 esset
640 1688 1177 1773 reprehensibilis
1247 1710 1469 1756 coram
1532 1687 1838 1756 omnibus
1901 1686 2339 1773 reprehende-

381 1776 584 1842 batur
606 1825 622 1854 ,
702 1776 931 1842 statim
1004 1776 1115 1841 ubi
1186 1773 1257 1839 id
1318 1776 1559 1842 Petrus
1618 1777 1833 1841 fuerat
1895 1774 2336 1840 commeritus.

381 1858 584 1961 Quod
615 1860 868 1928 Paulus
899 1861 1106 1946 igitur
1147 1860 1319 1938 fecit,
1362 1882 1583 1927 annon
1629 1859 1847 1927 licebit
1887 1860 2087 1928 etiam
2131 1860 2339 1939 nobie,

377 1967 437 2012 si
487 1946 661 2011 idem
702 1947 854 2012 finis
898 1969 1047 2012 cum
1092 1966 1169 2011 eo
1212 1946 1413 2012 fuerit
1430 1948 1823 2030 propositus,
1861 1944 2135 2013 cavendi
2157 1946 2338 2011 vide-

374 2030 543 2099 licet
664 2032 965 2098 riculum.
1052 2032 1185 2097 Hic
1229 2043 1447 2098 autem
1492 2032 1705 2100 munit
1758 2053 1876 2098 nos
1930 2030 2197 2111 Paulus,
2252 2052 2339 2096 ne

377 2116 541 2201 quis
630 2118 773 2196 'cat,
818 2137 979 2183 num
1023 2116 1290 2184 Christo
1345 2118 1622 2184 velimus
1664 2139 1809 2185 esse
1851 2116 2335 2199 prudentiores:

372 2210 729 2286 postquam
786 2203 1194 2287 corripiendo
1238 2203 1534 2283 Petrum,
1599 2213 1740 2269 tam
1780 2223 2096 2287 magnum
2148 2222 2336 2286 apos-

372 2288 616 2366 tolum,
695 2286 777 2354 de
855 2288 1102 2354 Christi
1180 2287 1493 2354 mandato
1569 2309 1654 2355 ne
1730 2288 1980 2373 cogitat
2054 2288 2334 2371 quidem.

371 2373 561 2440 Puto
603 2372 712 2438 hic
753 2373 923 2439 nihil
963 2372 1205 2440 habere
1249 2384 1542 2442 vestrum
1597 2375 1785 2440 illum
1840 2372 2014 2458 quod
2057 2374 2336 2441 obiicere

370 2460 593 2543 possit
633 2469 897 2541 praeter
950 2459 1376 2542 pertinaciam
1395 2509 1411 2538 ,
1470 2479 1598 2543 qua
1655 2469 1883 2526 tamen
1940 2459 2000 2526 si
2056 2460 2339 2526 voluerit

369 2545 508 2697 atii,
550 2563 768 2695 floram
809 2543 1098 2612 Domino
1141 2544 1305 2628 dico,
1345 2566 1480 2612 non
1513 2544 1786 2630 dignum
1823 2566 1969 2613 esse
2001 2545 2113 2629 qui
2136 2546 2339 2612 frater

605 2638 770 2695 etur.

460 2651 671 2782 peAd
691 2715 1119 2783 obiectionem
1144 2715 1288 2783 eius
1309 2723 1649 2800 postquam
1678 2714 1985 2784 Calvinus
2192 2716 2339 2783 ndit

376 2801 568 2881 satis,
611 2801 830 2901 nescio
873 2801 933 2868 si
971 2822 1135 2885 opus
1176 2810 1280 2868 est
1320 2812 1399 2867 ut
1440 2801 1689 2886 aliquid
1732 2802 2050 2869 adiiciam.
2108 2738 2337 2884 guan-

374 2907 584 3037 ssuam
628 2896 896 2952 interim
936 2897 1055 2965 est,
1109 2887 1281 2972 quod
1336 2909 1471 2954 non
1523 2897 1661 2954 tam
1714 2898 1946 2956 exacte
2001 2890 2206 2954 rimor
2262 2897 2339 2954 ut

406 2972 543 3040 ecit
591 2968 911 3052 Calvinus,
968 2971 1073 3038 vir
1125 2972 1308 3039 naris
1365 2974 1910 3041 emunctissimae.
1997 2972 2337 3041 Articulus

470 3058 485 3072 .
715 3058 728 3072 .
900 3060 929 3098 ⁴
1134 3057 1148 3072 .
1265 3057 1279 3071 .
1326 3058 1339 3073 .
1696 3060 1710 3075 .

372 3079 609 3211 3:3¹..
630 3056 1925 3227 1’::·..⁰⁸..>;...¹23‚‘¹¹·⁰¹‘..:.⁰:¹·:⁰.::⁰::
1974 3060 2339 3230 {mr

372 3250 518 3300 non
565 3225 774 3296 habeo
815 3227 991 3312 quod
1032 3225 1492 3295 contradicam.
1570 3228 1669 3297 Ut
1707 3229 1888 3296 enim
1928 3230 2221 3306 stati-em,
2265 3228 2337 3295 id

374 3323 483 3382 est
540 3314 1008 3390 christianum,
1064 3312 1372 3380 dehorter
1423 3335 1466 3379 a
1519 3314 1691 3382 malo
1744 3325 1814 3382 et
1876 3314 2187 3381 adhorter
2248 3314 2334 3382 ad

370 3401 655 3480 bonum,
699 3398 869 3465 nihil
910 3408 1013 3466 est
1053 3399 1226 3483 quod
1268 3420 1424 3467 vere
1465 3419 1572 3466 me
1614 3401 2015 3481 exstimulet,
2064 3402 2122 3466 si
2165 3401 2333 3467 cari-

372 3493 591 3554 tatem
635 3485 986 3570 exceperis.
1072 3486 1297 3570 Atque
1349 3484 1446 3551 ita
1498 3505 1666 3568 quae
1715 3491 2082 3568 sequuntur
2133 3487 2335 3552 etiam

371 3592 632 3657 negare
675 3593 810 3638 non
851 3591 1144 3656 possum:
1198 3570 1667 3641 correctionem
1718 3569 1904 3658 illam
1947 3590 2092 3638 esse
2142 3591 2333 3653 prae-

372 3668 652 3743 ceptum
702 3656 851 3736 Dei,
917 3664 1116 3742 atque
1170 3658 1406 3725 melius
1470 3677 1615 3724 esse
1676 3656 2004 3742 corrigere
2062 3655 2337 3722 fratrem

370 3765 586 3829 quam
628 3743 736 3810 vel
777 3741 995 3810 cibare
1051 3741 1161 3809 vel
1202 3743 1459 3809 vestire.
1547 3741 1742 3825 Quod
1801 3743 1860 3809 si
1915 3750 2336 3826 praeceptum

370 3838 498 3910 est,
559 3837 815 3895 constat
870 3828 1041 3912 quod
1095 3828 1357 3895 nemme'
1360 3850 1427 3894 m
1474 3849 1605 3893 non
1651 3826 1911 3913 obligat.
1998 3826 2337 3893 Articulus

371 3911 721 3983 secundus
775 3914 1173 3999 praeteritur
1224 3934 1266 3979 a
1321 3912 1599 3993 Calvim,
1657 3913 1829 3980 sicut
1883 3914 2079 3979 etiam
2138 3931 2180 3976 a
2231 3932 2340 3978 me

368 4008 610 4084 posset
674 4000 1035 4083 praeteriri.
1143 3998 1315 4066 Nam
1378 3999 1667 4084 ingenue
1724 3999 1969 4078 fateor,
2032 3997 2341 4082 ignorare

366 4107 486 4153 me
534 4084 684 4152 eius
719 4084 1119 4154 dialecticen.
1209 4082 1631 4151 Contrarium
1675 4104 1799 4169 ego
1841 4082 2154 4150 dicerem:
2199 4081 2308 4148 Ad

366 4170 791 4238 firmativum
837 4179 957 4250 est,
1006 4171 1213 4256 igitur
1254 4192 1373 4255 pro
1408 4171 1586 4238 omni
1630 4179 1922 4254 tempore
1963 4167 2230 4253 obligat,
2273 4167 2344 4234 id

369 4264 505 4336 est,
554 4259 1066 4340 quotiescunque
1120 4258 1322 4322 frater
1359 4277 1524 4340 opus
1564 4254 1884 4322 habuerit.
1970 4253 2342 4320 Articulum

368 4341 661 4410 tertium
704 4362 788 4408 ex
830 4340 1244 4426 praecedenti
1284 4342 1508 4420 infert,
1551 4362 1679 4425 quo
1714 4348 1954 4442 negato
1988 4349 2056 4405 et
2087 4339 2343 4406 illatam

367 4428 624 4498 falsam
667 4448 810 4493 esse
852 4427 1067 4510 palam
1110 4434 1226 4494 est.
1294 4427 1499 4493 Errat
1534 4437 1751 4493 autem
1797 4448 1870 4492 m
1913 4427 2046 4492 fine
2089 4447 2343 4494 correc-

369 4512 589 4595 tionis
645 4512 996 4579 statuendo
1050 4512 1409 4591 fraternae,
1481 4512 1651 4578 sicut
1709 4510 2012 4578 Calvinus
2067 4510 2340 4578 adserit:

368 4621 542 4672 nam
582 4618 713 4666 non
758 4598 897 4666 sola
939 4599 1162 4668 fratris
1205 4596 1593 4678 emendatio,
1638 4595 1753 4665 sed
1788 4597 1992 4664 etiam
2017 4595 2341 4677 ,ecclesiae

369 4684 727 4770 quaeritur
786 4683 1068 4764 utilitas,
1133 4704 1371 4768 nempe
1434 4704 1522 4749 ne
1584 4682 1967 4750 scandalum
2032 4705 2075 4749 a
2136 4682 2341 4749 fratre

369 4771 581 4840 cuius
622 4777 965 4855 peccatum
1006 4769 1220 4837 adhuc
1260 4770 1424 4836 latet
1462 4778 1764 4853 ponatur.
1856 4766 1973 4834 Vel
2022 4769 2078 4835 si
2121 4768 2339 4853 palam

260 4901 265 4905 -
369 4864 483 4926 est
550 4864 924 4940 peccatum,
996 4863 1077 4923 ut
1137 4854 1366 4922 eadem
1430 4853 1715 4940 gaudeat
1776 4853 1859 4920 de
1921 4863 2210 4922 correcto
2272 4861 2342 4921 et

369 4939 753 5022 emendato,
820 4949 889 5009 et
947 4939 1106 5012 inde
1165 4942 1378 5025 magis
1433 4942 1631 5008 etiam
1688 4940 1814 5010 sibi
1870 4939 1944 5006 in
1999 4950 2337 5024 posterum

366 5036 643 5102 caveat.
725 5028 834 5095 De
891 5026 1166 5098 articulo
1220 5034 1455 5110 quarto
1512 5025 1674 5094 satis
1733 5023 2039 5095 calvam
2096 5033 2165 5093 et
2217 5047 2340 5112 ego

597 5300 661 5369 4)
697 5299 1038 5370 Captae-au.-
1074 5302 1142 5356 N.
1175 5299 1297 5358 580.

2087 390 2251 454 1544
2293 386 2702 454 Dssomffl.

4266 394 4398 458 814

3752 576 3960 661 posui.
4055 578 4397 648 Articulus

2446 661 2717 742 quintus
2781 659 2864 726 de
2929 669 3192 745 peccato
3254 660 3481 728 fratris
3541 662 3797 728 notorio
3860 663 4124 728 videtur
4199 664 4410 747 plane.

2446 748 2694 828 positus
2746 746 3244 823 inconsiderate,
3303 769 3386 813 ne
3445 748 3602 831 quid
3657 748 3836 815 aliud
3896 748 4124 815 dicam.
4223 748 4410 832 Quis·

2444 832 2625 896 enim
2671 830 2751 897 de
2793 833 3198 898 correctione
3238 855 3527 918 unquam
3571 833 3666 900 sic
3708 834 3963 900 audivit
3994 845 4069 900 ut
4090 834 4410 908 videlicet,

2445 918 2594 998 quis
2636 916 3064 984 admoneatur
3106 917 3189 983 ob
3231 929 3570 1003 peccatum
3611 921 3742 986 iam
3786 918 4058 987 notum?
4148 921 4408 994 Annon.

2444 1000 2701 1070 Paulus
2763 1003 3018 1070 scribit:
3099 1001 3179 1070 Si
3252 1008 3397 1088 quis
3474 1026 3677 1090 quum
3749 1004 3954 1072 frater
4027 1006 4396 1090 appelletur

2444 1087 2649 1154 fuerit
2690 1100 3012 1155 scortator
3067 1098 3181 1154 aut
3222 1110 3466 1157 avarus
3522 1099 3666 1170 etc„
3726 1111 3878 1157 cum
3933 1090 4249 1158 eiusmodi
4306 1110 4398 1158 ne

2444 1173 2663 1240 cibum
2707 1175 2973 1257 quidem
3015 1174 3330 1259 capiatis?
3419 1174 3863 1258 Quamobrem
3901 1197 4023 1261 ego
4065 1199 4217 1244 cum
4260 1178 4394 1244 fra-

2446 1259 2659 1326 tribus
2723 1262 2792 1326 in
2858 1260 2983 1328 hac
3046 1262 3375 1330 sententia
3438 1282 3696 1346 semper
3759 1261 4036 1329 fuimus:
4113 1264 4404 1330 Peccata

2444 1347 2702 1411 notoria
2741 1346 3366 1413 excommunicanda
3408 1368 3569 1414 esse.
3657 1349 3751 1414 Et
3796 1348 3926 1414 nisi
3967 1349 4400 1449 magistratus

2445 1451 2565 1496 sua
2607 1451 2819 1515 poena
2858 1432 2968 1498 vel
3000 1432 3246 1499 mulcta
3269 1453 3403 1500 ’nos
3435 1432 3769 1500 interdum
3810 1443 4241 1518 praeveniret,
4283 1434 4393 1501 ius

2444 1516 2757 1583 ecclesiae
2818 1538 3380 1601 prosequeremur.
3502 1517 3757 1585 Verum
3828 1540 4042 1604 poena
4102 1520 4410 1606 irrogata,

2443 1605 2579 1667 'non
2641 1604 2788 1669 vult
2850 1616 2928 1668 ut
2990 1601 3261 1683 duabus,
3327 1603 3498 1688 quod
3561 1603 3819 1684 dicitur,
3886 1605 4092 1691 virgis
4157 1605 4391 1690 aliquis

2443 1687 2771 1755 caedatur.
2879 1687 3203 1769 Quamvis
3257 1691 3521 1756 interim
3577 1690 3953 1771 mulctatus,
4007 1691 4068 1756 si
4109 1690 4398 1758 voluerit

2442 1770 2526 1838 ad
2569 1793 2838 1840 coenam
2873 1772 3153 1855 admitti,
3197 1785 3472 1860 cogatur
3502 1795 3650 1842 cum
3675 1776 3949 1843 ecclesia
3965 1776 4389 1843 reconciliari.

2441 1858 2520 1925 In
2565 1858 2798 1925 ultimo
2843 1860 3117 1927 articulo
3167 1862 3272 1927 vir
3322 1861 3434 1926 ille
3486 1859 3726 1927 oblitus
3778 1864 3918 1928 eius
3971 1861 4144 1946 quod
4196 1879 4393 1928 nemo

2440 1945 2843 2012 christianus
2884 1947 3113 2025 nescit,
3173 1967 3310 2011 non
3365 1944 3593 2013 scribit
3645 1947 4019 2031 prudenter.
4107 1946 4395 2013 Videtur

2441 2031 2622 2096 enim
2672 2032 2979 2117 ignorare
3035 2031 3209 2098 velle
3260 2052 3472 2098 unum
3527 2053 3781 2115 corpus,
3838 2053 4042 2098 unam
4098 2043 4394 2099 sanctam

2441 2137 2586 2183 esse
2629 2117 2968 2184 ecclesiam
3003 2116 3409 2184 catholicam.
3498 2116 3695 2200 Quod
3739 2119 3796 2183 si
3837 2138 3996 2185 vero
4038 2117 4392 2202 particula-

2440 2223 2548 2268 res
2613 2202 2925 2270 ecclesiae
2986 2204 3233 2268 multae
3295 2213 3485 2284 sunt,
3563 2203 3934 2269 communio
4002 2212 4224 2271 tamen
4291 2210 4397 2270 est

2440 2297 2837 2356 sanctorum.
2924 2288 3102 2355 Hinc
3138 2288 3344 2354 frater
3377 2289 3812 2357 denunciatus
3844 2288 3918 2353 in
3951 2309 4085 2354 una
4117 2289 4394 2357 ecclesia

2438 2375 2817 2458 particulari
2862 2373 3294 2441 denunciatus
3338 2384 3438 2440 est
3478 2376 3549 2440 in
3583 2383 3722 2441 tota
3754 2374 4138 2441 universali.
4207 2372 4392 2457 Quid

2438 2460 2647 2546 igitur
2693 2460 2867 2540 velit,
2909 2480 3047 2526 non
3089 2460 3251 2526 satis
3289 2468 3695 2545 compertum
3732 2471 3851 2527 est.

2609 2546 2796 2613 Haec
2838 2556 2995 2613 sunt
3035 2566 3201 2630 quae
3235 2556 3485 2630 quanta
3514 2547 3701 2631 potui
3734 2545 4058 2613 brevitate
4078 2543 4162 2612 ad
4182 2545 4390 2629 petita

2438 2631 2743 2699 rescribo.
2846 2632 3148 2697 Aliorum
3204 2633 3464 2716 scripta,
3529 2640 3606 2699 ut
3656 2640 3815 2699 sunt
3865 2632 4241 2716 copiosiora,
4291 2632 4391 2696 ita

2440 2725 2509 2782 et
2563 2716 2964 2803 elegantiora
3028 2727 3098 2783 et
3158 2717 3523 2785 efficaciora
3576 2726 3646 2783 et
3699 2718 4014 2784 nimirum
4078 2716 4390 2783 utilitatis

2438 2802 2722 2869 maioris.
2843 2802 2983 2868 Nos
3047 2802 3282 2870 damus
3348 2825 3515 2887 quae
3576 2823 3941 2890 possumus.
4061 2803 4164 2869 'Pu
4230 2802 4412 2869 boni-⁶

2438 2889 2764 3038 conlsulas.
2852 2886 3024 2954 Vale
3074 2909 3225 2956 cum
3264 2889 3592 2957 fratribus.
3677 2889 3979 2956 Basileae
4019 2888 4311 2955 Thomas
4326 2885 4414 2973 θ’

2438 2994 2495 3039 a.
2588 2980 2729 3039 544.

2444 572 2644 657 paulo
2711 581 2866 642 ante
2928 576 3323 642 sententiam
3387 597 3605 642 meam
3667 596 3750 643 ex

3335 3483 3492 3559 59⁶.

2967 3636 3439 3707 OALVINUS
3481 3636 3854 3705 VIRETO.

2625 3810 2827 3878 Varia
2870 3811 3110 3895 raptim
3153 3810 3403 3895 attiotyit
3444 3830 3606 3877 nova
3650 3814 3708 3877 et
3735 3811 4099 3896 praesentia
4139 3810 4211 3875 in
4253 3811 4414 3894 qui-s

2440 3894 2557 3961 bas
2596 3895 2778 3966 lecwr
2816 3916 2982 3964 nunc
3021 3896 3248 3963 haeret.

2443 4068 2467 4127 ί
2473 4066 2622 4120 Anto
2757 4065 2866 4121 hon
2899 4084 2959 4122 re
3030 4066 3140 4122 ries
3172 4068 3230 4121 in
3268 4064 3400 4122 Cod.
3423 4065 3559 4122 Gen.
3595 4063 3715 4133 106,
3749 4065 3841 4120 fol.
3863 4062 3983 4118 122.
4039 4064 4214 4120 Exem
4253 4064 4416 4120 laria'

2440 4083 2721 4192 Ionvilfm
2770 4135 2906 4189 ibid.
3059 4177 3072 4190 .
3111 4134 3242 4203 196,
3287 4136 3380 4192 fol.
3537 4134 3813 4189 'l'urretini
3847 4133 3980 4189 Ood.
4016 4131 4140 4196 111,
4174 4133 4232 4188 fo
4255 4171 4268 4184 .
4304 4131 4420 4188 9932

2702 4201 2983 4259 Ber-nense
3013 4204 3155 4276 Epp.
3190 4205 3320 4261 VII.
3352 4220 3408 4274 p.
3547 4243 3563 4272 ,
3600 4203 3820 4258 simleri
3853 4201 3980 4258 Vol.
4013 4200 4130 4270 56.)
4409 4223 4422 4252 ι

2442 4391 2645 4459 Petro
2705 4391 2937 4460 Vireto
2997 4391 3497 4460 Lausannensis
3573 4390 3885 4459 ecelesiae
3946 4389 4080 4457 fido
4144 4390 4418 4476 pastori·

2895 4477 3085 4544 fratri
3128 4485 3197 4544 et
3238 4478 3448 4546 amico
3489 4477 3936 4564 integerrimo.
4413 4479 4422 4508 ⁵

2615 4615 3022 4683 Promiserat
3041 4614 3305 4698 quidem
3321 4613 3798 4699 Chri-stephane
3815 4613 3927 4679 hic
3945 4632 4019 4679 se
4038 4609 4148 4679 die
4159 4612 4424 4682 Lumo,

2442 4701 2742 4784 proxime
2775 4700 2998 4785 elapso
3030 4701 3347 4767 futurum.
3413 4699 3651 4766 Nescio
3682 4700 3837 4781 quid
3871 4699 4202 4766 obstiterit
4235 4716 4422 4781 quor.

2442 4787 2665 4853 minus
2707 4786 2981 4853 veniret.
3070 4784 3310 4854 Adhuc
3358 4806 3512 4852 eum
3555 4792 3879 4867 exspecto.
3965 4783 4098 4852 Ubi
4139 4782 4402 4852 venerit

2441 4872 2708 4939 audiam
2728 4894 2816 4938 ex
2837 4892 2916 4939 eo
2989 4893 3116 4939 uae
3150 4871 3315 4938 mihi
3350 4871 3432 4938 ab
3466 4890 3544 4939 eo
3576 4871 3835 4936 narrari
3868 4869 4161 4936 maluisti
4195 4887 4400 4954 quam

2440 4958 2581 5042 ipse
2602 4957 2904 5025 scribere.
3048 4959 3076 5023 i
3093 4955 3378 5039 audiero,
3400 4957 3456 5025 si
3477 4975 3715 5042 operae
3734 4955 4025 5040 pretium
4047 4953 4424 5034 videbitur„

2436 5299 2498 5355 n
2557 5225 4414 5354 765)210D29·n0n23mk9inoeap.Kirchhofemt,Fmflf

2500 5338 2518 5355 .
2627 5338 2644 5355 .
4407 5333 4426 5384 ι
