<?xml version="1.0" encoding="UTF-8"?>
<!DOCTYPE html PUBLIC "-//W3C//DTD XHTML 1.0 Transitional//EN"
    "http://www.w3.org/TR/xhtml1/DTD/xhtml1-transitional.dtd">
<html xmlns="http://www.w3.org/1999/xhtml" xml:lang="en" lang="en">
 <head>
  <title>
</title>
<meta http-equiv="Content-Type" content="text/html;charset=utf-8" />
  <meta name='ocr-system' content='tesseract 3.04.00' />
  <meta name='ocr-capabilities' content='ocr_page ocr_carea ocr_par ocr_line ocrx_word'/>
</head>
<body>
  <div class='ocr_page' id='page_1' title='image "./ioanniscalvinio13unkngoog_0293.png"; bbox 0 0 5050 6167; ppageno 0'>
   <div class='ocr_carea' id='block_1_1' title="bbox 393 434 4405 508">
    <p class='ocr_par' dir='ltr' id='par_1_1' title="bbox 393 434 4405 508">
     <span class='ocr_line' id='line_1_1' title="bbox 393 434 4405 508; baseline -0.001 -1"><span class='ocrx_word' id='word_1_1' title='bbox 393 442 518 508; x_wconf 71' lang='lat'>557</span> <span class='ocrx_word' id='word_1_2' title='bbox 2194 440 2360 503; x_wconf 80' lang='lat'>1543</span> <span class='ocrx_word' id='word_1_3' title='bbox 2403 434 2601 504; x_wconf 76' lang='lat' dir='ltr'>MAI.</span> <span class='ocrx_word' id='word_1_4' title='bbox 4276 439 4405 505; x_wconf 77' lang='lat'>658</span> 
     </span>
    </p>
   </div>
   <div class='ocr_carea' id='block_1_2' title="bbox 390 658 2347 678">
    <p class='ocr_par' dir='ltr' id='par_1_2' title="bbox 390 658 2347 678">
     <span class='ocr_line' id='line_1_2' title="bbox 390 658 2347 678; baseline -0.003 0"><span class='ocrx_word' id='word_1_5' title='bbox 390 658 2347 678; x_wconf 50' lang='lat'><strong>-————-—--—‘—-———</strong></span> 
     </span>
    </p>
   </div>
   <div class='ocr_carea' id='block_1_3' title="bbox 387 711 2346 1402">
    <p class='ocr_par' dir='ltr' id='par_1_3' title="bbox 561 711 2346 799">
     <span class='ocr_line' id='line_1_3' title="bbox 561 711 2346 799; baseline -0.003 -19"><span class='ocrx_word' id='word_1_6' title='bbox 561 715 699 781; x_wconf 90' lang='lat' dir='ltr'>Les</span> <span class='ocrx_word' id='word_1_7' title='bbox 752 712 931 799; x_wconf 83' lang='lat' dir='ltr'>susdj</span> <span class='ocrx_word' id='word_1_8' title='bbox 986 714 1240 779; x_wconf 90' lang='lat' dir='ltr'>moiens</span> <span class='ocrx_word' id='word_1_9' title='bbox 1296 718 1570 794; x_wconf 81' lang='lat' dir='ltr'>excepte</span> <span class='ocrx_word' id='word_1_10' title='bbox 1623 711 1814 795; x_wconf 80' lang='lat' dir='ltr'><strong>celuy</strong></span> <span class='ocrx_word' id='word_1_11' title='bbox 1874 711 1958 776; x_wconf 90' lang='lat' dir='ltr'>de</span> <span class='ocrx_word' id='word_1_12' title='bbox 2008 712 2346 795; x_wconf 85' lang='lat' dir='ltr'>recepvoir</span> 
     </span>
    </p>

    <p class='ocr_par' dir='ltr' id='par_1_4' title="bbox 387 797 2345 1402">
     <span class='ocr_line' id='line_1_4' title="bbox 387 797 2345 885; baseline -0.004 -17"><span class='ocrx_word' id='word_1_13' title='bbox 387 801 485 868; x_wconf 88' lang='grc'>103</span> <span class='ocrx_word' id='word_1_14' title='bbox 528 802 644 885; x_wconf 86' lang='lat' dir='ltr'>xiij</span> <span class='ocrx_word' id='word_1_15' title='bbox 701 801 890 866; x_wconf 90' lang='lat' dir='ltr'>banis</span> <span class='ocrx_word' id='word_1_16' title='bbox 945 798 1288 883; x_wconf 79' lang='lat' dir='ltr'>lesquelles</span> <span class='ocrx_word' id='word_1_17' title='bbox 1341 818 1412 862; x_wconf 91' lang='lat' dir='ltr'>se</span> <span class='ocrx_word' id='word_1_18' title='bbox 1468 797 1695 863; x_wconf 89' lang='lat' dir='ltr'>deient</span> <span class='ocrx_word' id='word_1_19' title='bbox 1751 798 1915 862; x_wconf 86' lang='lat' dir='ltr'>faire</span> <span class='ocrx_word' id='word_1_20' title='bbox 1969 798 2162 881; x_wconf 87' lang='lat' dir='ltr'>ainsy</span> <span class='ocrx_word' id='word_1_21' title='bbox 2217 818 2345 880; x_wconf 92' lang='lat' dir='ltr'>que</span> 
     </span>
     <span class='ocr_line' id='line_1_5' title="bbox 389 884 2342 966; baseline -0.002 -15"><span class='ocrx_word' id='word_1_22' title='bbox 389 885 620 953; x_wconf 87' lang='lat' dir='ltr'>dessus</span> <span class='ocrx_word' id='word_1_23' title='bbox 655 894 759 952; x_wconf 89' lang='lat' dir='ltr'>est</span> <span class='ocrx_word' id='word_1_24' title='bbox 792 886 905 963; x_wconf 88' lang='lat' dir='ltr'>dit,</span> <span class='ocrx_word' id='word_1_25' title='bbox 942 896 1060 950; x_wconf 84' lang='lat' dir='ltr'>ent</span> <span class='ocrx_word' id='word_1_26' title='bbox 1093 892 1388 966; x_wconf 76' lang='lat' dir='ltr'>acceptes</span> <span class='ocrx_word' id='word_1_27' title='bbox 1410 891 1630 949; x_wconf 89' lang='lat' dir='ltr'>toutes</span> <span class='ocrx_word' id='word_1_28' title='bbox 1665 884 1761 948; x_wconf 87' lang='lat' dir='ltr'>les</span> <span class='ocrx_word' id='word_1_29' title='bbox 1796 885 2062 966; x_wconf 89' lang='lat' dir='ltr'>parties,</span> <span class='ocrx_word' id='word_1_30' title='bbox 2103 893 2342 948; x_wconf 88' lang='lat' dir='ltr'>toutte·</span> 
     </span>
     <span class='ocr_line' id='line_1_6' title="bbox 387 968 2345 1053; baseline -0.003 -15"><span class='ocrx_word' id='word_1_31' title='bbox 387 973 512 1039; x_wconf 87' lang='lat' dir='ltr'>fois</span> <span class='ocrx_word' id='word_1_32' title='bbox 551 973 602 1037; x_wconf 93' lang='lat' dir='ltr'>il</span> <span class='ocrx_word' id='word_1_33' title='bbox 647 973 716 1037; x_wconf 88' lang='lat' dir='ltr'>le</span> <span class='ocrx_word' id='word_1_34' title='bbox 753 973 1019 1039; x_wconf 85' lang='lat' dir='ltr'>veulent</span> <span class='ocrx_word' id='word_1_35' title='bbox 1075 980 1375 1053; x_wconf 86' lang='lat' dir='ltr'>raporter</span> <span class='ocrx_word' id='word_1_36' title='bbox 1431 990 1471 1034; x_wconf 88' lang='lat' dir='ltr'>a</span> <span class='ocrx_word' id='word_1_37' title='bbox 1524 970 1670 1034; x_wconf 90' lang='lat' dir='ltr'>leur</span> <span class='ocrx_word' id='word_1_38' title='bbox 1721 970 2027 1035; x_wconf 76' lang='lat' dir='ltr'>maistres</span> <span class='ocrx_word' id='word_1_39' title='bbox 2085 982 2152 1033; x_wconf 92' lang='lat' dir='ltr'>et</span> <span class='ocrx_word' id='word_1_40' title='bbox 2209 968 2345 1032; x_wconf 88' lang='lat' dir='ltr'>doit</span> 
     </span>
     <span class='ocr_line' id='line_1_7' title="bbox 387 1054 2344 1142; baseline -0.003 -18"><span class='ocrx_word' id='word_1_41' title='bbox 387 1080 518 1125; x_wconf 90' lang='lat' dir='ltr'>une</span> <span class='ocrx_word' id='word_1_42' title='bbox 562 1058 855 1125; x_wconf 89' lang='lat' dir='ltr'>chacune</span> <span class='ocrx_word' id='word_1_43' title='bbox 897 1057 1110 1142; x_wconf 89' lang='lat' dir='ltr'>partie</span> <span class='ocrx_word' id='word_1_44' title='bbox 1155 1055 1401 1121; x_wconf 81' lang='lat' dir='ltr'>dedans</span> <span class='ocrx_word' id='word_1_45' title='bbox 1437 1056 1576 1139; x_wconf 87' lang='lat' dir='ltr'>xiiij</span> <span class='ocrx_word' id='word_1_46' title='bbox 1614 1058 1801 1139; x_wconf 87' lang='lat' dir='ltr'>jours</span> <span class='ocrx_word' id='word_1_47' title='bbox 1836 1076 2026 1137; x_wconf 84' lang='lat' dir='ltr'>apres</span> <span class='ocrx_word' id='word_1_48' title='bbox 2059 1054 2126 1119; x_wconf 92' lang='lat' dir='ltr'>la</span> <span class='ocrx_word' id='word_1_49' title='bbox 2166 1054 2344 1119; x_wconf 85' lang='lat' dir='ltr'>datte</span> 
     </span>
     <span class='ocr_line' id='line_1_8' title="bbox 388 1141 2342 1227; baseline -0.003 -17"><span class='ocrx_word' id='word_1_50' title='bbox 388 1143 469 1211; x_wconf 93' lang='lat' dir='ltr'>de</span> <span class='ocrx_word' id='word_1_51' title='bbox 510 1154 649 1210; x_wconf 85' lang='lat' dir='ltr'>cest</span> <span class='ocrx_word' id='word_1_52' title='bbox 693 1143 1149 1227; x_wconf 87' lang='lat' dir='ltr'>departement</span> <span class='ocrx_word' id='word_1_53' title='bbox 1191 1143 1520 1224; x_wconf 86' lang='lat' dir='ltr'>escripvre</span> <span class='ocrx_word' id='word_1_54' title='bbox 1564 1154 1632 1204; x_wconf 90' lang='lat' dir='ltr'>et</span> <span class='ocrx_word' id='word_1_55' title='bbox 1673 1162 1974 1206; x_wconf 88' lang='lat' dir='ltr'>asseurer</span> <span class='ocrx_word' id='word_1_56' title='bbox 2016 1141 2079 1206; x_wconf 90' lang='lat' dir='ltr'>le</span> <span class='ocrx_word' id='word_1_57' title='bbox 2125 1141 2342 1205; x_wconf 81' lang='lat' dir='ltr'>Land-</span> 
     </span>
     <span class='ocr_line' id='line_1_9' title="bbox 459 1226 2344 1297; baseline -0.004 0"><span class='ocrx_word' id='word_1_58' title='bbox 459 1251 573 1297; x_wconf 80' lang='lat' dir='ltr'>ave</span> <span class='ocrx_word' id='word_1_59' title='bbox 616 1231 696 1296; x_wconf 90' lang='lat' dir='ltr'>de</span> <span class='ocrx_word' id='word_1_60' title='bbox 737 1230 1001 1295; x_wconf 89' lang='lat' dir='ltr'>Hessen</span> <span class='ocrx_word' id='word_1_61' title='bbox 1044 1239 1111 1295; x_wconf 90' lang='lat' dir='ltr'>et</span> <span class='ocrx_word' id='word_1_62' title='bbox 1153 1228 1516 1292; x_wconf 86' lang='lat' dir='ltr'>Messieurs</span> <span class='ocrx_word' id='word_1_63' title='bbox 1574 1226 1655 1291; x_wconf 93' lang='lat' dir='ltr'>de</span> <span class='ocrx_word' id='word_1_64' title='bbox 1701 1228 1765 1291; x_wconf 86' lang='lat' dir='ltr'>la</span> <span class='ocrx_word' id='word_1_65' title='bbox 1807 1229 1934 1293; x_wconf 82' lang='lat' dir='ltr'>cite</span> <span class='ocrx_word' id='word_1_66' title='bbox 1993 1227 2074 1291; x_wconf 90' lang='lat' dir='ltr'>de</span> <span class='ocrx_word' id='word_1_67' title='bbox 2118 1226 2344 1293; x_wconf 72' lang='grc'><strong>81133-</strong></span> 
     </span>
     <span class='ocr_line' id='line_1_10' title="bbox 429 1311 2341 1402; baseline -0.003 -20"><span class='ocrx_word' id='word_1_68' title='bbox 429 1338 598 1401; x_wconf 82' lang='lat' dir='ltr'>ourg</span> <span class='ocrx_word' id='word_1_69' title='bbox 633 1338 712 1402; x_wconf 79' lang='lat' dir='ltr'>sy</span> <span class='ocrx_word' id='word_1_70' title='bbox 747 1315 911 1400; x_wconf 85' lang='lat' dir='ltr'>lesdj</span> <span class='ocrx_word' id='word_1_71' title='bbox 948 1317 1202 1380; x_wconf 91' lang='lat' dir='ltr'>moiens</span> <span class='ocrx_word' id='word_1_72' title='bbox 1235 1313 1412 1378; x_wconf 90' lang='lat' dir='ltr'>leurs</span> <span class='ocrx_word' id='word_1_73' title='bbox 1447 1319 1600 1379; x_wconf 85' lang='lat' dir='ltr'>sont</span> <span class='ocrx_word' id='word_1_74' title='bbox 1631 1311 2033 1397; x_wconf 87' lang='lat' dir='ltr'>acceptablos</span> <span class='ocrx_word' id='word_1_75' title='bbox 2068 1333 2154 1377; x_wconf 91' lang='lat' dir='ltr'>ou</span> <span class='ocrx_word' id='word_1_76' title='bbox 2191 1334 2341 1376; x_wconf 91' lang='lat' dir='ltr'>non.</span> 
     </span>
    </p>
   </div>
   <div class='ocr_carea' id='block_1_4' title="bbox 384 1398 1751 1487">
    <p class='ocr_par' dir='ltr' id='par_1_5' title="bbox 384 1398 1751 1487">
     <span class='ocr_line' id='line_1_11' title="bbox 384 1398 1751 1487; baseline -0.003 -19"><span class='ocrx_word' id='word_1_77' title='bbox 384 1402 656 1487; x_wconf 86' lang='lat' dir='ltr'>Escript</span> <span class='ocrx_word' id='word_1_78' title='bbox 697 1403 760 1467; x_wconf 91' lang='lat' dir='ltr'>le</span> <span class='ocrx_word' id='word_1_79' title='bbox 803 1404 919 1486; x_wconf 85' lang='lat' dir='ltr'>xxj</span> <span class='ocrx_word' id='word_1_80' title='bbox 958 1403 1111 1484; x_wconf 88' lang='lat' dir='ltr'>jour</span> <span class='ocrx_word' id='word_1_81' title='bbox 1155 1398 1238 1465; x_wconf 91' lang='lat' dir='ltr'>de</span> <span class='ocrx_word' id='word_1_82' title='bbox 1280 1399 1446 1483; x_wconf 78' lang='lat' dir='ltr'>May</span> <span class='ocrx_word' id='word_1_83' title='bbox 1500 1403 1751 1477; x_wconf 82' lang='lat'>1543.⁹)</span> 
     </span>
    </p>
   </div>
   <div class='ocr_carea' id='block_1_5' title="bbox 1161 1722 1564 1730">
    <p class='ocr_par' dir='ltr' id='par_1_6' title="bbox 1161 1722 1564 1730">
     <span class='ocr_line' id='line_1_12' title="bbox 1161 1722 1564 1730; baseline -0.005 -1"><span class='ocrx_word' id='word_1_84' title='bbox 1161 1722 1540 1730; x_wconf 49' lang='grc' dir='ltr'>ὑ-ῇ-ς--ι--ῇ</span> <span class='ocrx_word' id='word_1_85' title='bbox 1559 1724 1564 1727; x_wconf 97' lang='grc'>.</span> 
     </span>
    </p>
   </div>
   <div class='ocr_carea' id='block_1_6' title="bbox 915 1962 1808 2187">
    <p class='ocr_par' dir='ltr' id='par_1_7' title="bbox 915 1962 1808 2187">
     <span class='ocr_line' id='line_1_13' title="bbox 1285 1962 1437 2036; baseline 0.013 -2"><span class='ocrx_word' id='word_1_86' title='bbox 1285 1962 1437 2036; x_wconf 79' lang='lat'>473.</span> 
     </span>
     <span class='ocr_line' id='line_1_14' title="bbox 915 2116 1808 2187; baseline -0.004 0"><span class='ocrx_word' id='word_1_87' title='bbox 915 2118 1389 2187; x_wconf 83' lang='lat' dir='ltr'><strong>CALVINUS</strong></span> <span class='ocrx_word' id='word_1_88' title='bbox 1432 2116 1808 2184; x_wconf 78' lang='lat' dir='ltr'>VIRETO.</span> 
     </span>
    </p>
   </div>
   <div class='ocr_carea' id='block_1_7' title="bbox 380 2289 2341 2459">
    <p class='ocr_par' dir='ltr' id='par_1_8' title="bbox 380 2289 2341 2459">
     <span class='ocr_line' id='line_1_15' title="bbox 560 2289 2341 2374; baseline -0.003 -17"><span class='ocrx_word' id='word_1_89' title='bbox 560 2290 691 2359; x_wconf 80' lang='lat' dir='ltr'>Res</span> <span class='ocrx_word' id='word_1_90' title='bbox 721 2292 1208 2358; x_wconf 77' lang='lat' dir='ltr'>Lausannenses</span> <span class='ocrx_word' id='word_1_91' title='bbox 1243 2294 1298 2355; x_wconf 81' lang='lat' dir='ltr'>et</span> <span class='ocrx_word' id='word_1_92' title='bbox 1323 2289 1763 2357; x_wconf 76' lang='lat' dir='ltr'>Neooomenses</span> <span class='ocrx_word' id='word_1_93' title='bbox 1795 2289 2032 2372; x_wconf 77' lang='lat' dir='ltr'>paucis</span> <span class='ocrx_word' id='word_1_94' title='bbox 2072 2289 2341 2374; x_wconf 71' lang='grc'><strong>(11113911,</strong></span> 
     </span>
     <span class='ocr_line' id='line_1_16' title="bbox 380 2376 2065 2459; baseline -0.003 -14"><span class='ocrx_word' id='word_1_95' title='bbox 380 2378 460 2445; x_wconf 80' lang='lat' dir='ltr'>de</span> <span class='ocrx_word' id='word_1_96' title='bbox 503 2378 892 2446; x_wconf 79' lang='lat' dir='ltr'>Metensibus</span> <span class='ocrx_word' id='word_1_97' title='bbox 913 2378 1116 2459; x_wconf 78' lang='lat' dir='ltr'>paulo</span> <span class='ocrx_word' id='word_1_98' title='bbox 1149 2376 1349 2458; x_wconf 76' lang='lat' dir='ltr'>plura</span> <span class='ocrx_word' id='word_1_99' title='bbox 1383 2381 1440 2442; x_wconf 86' lang='lat' dir='ltr'>et</span> <span class='ocrx_word' id='word_1_100' title='bbox 1481 2376 1825 2441; x_wconf 78' lang='lat' dir='ltr'>novissima</span> <span class='ocrx_word' id='word_1_101' title='bbox 1868 2376 2065 2441; x_wconf 74' lang='lat' dir='ltr'>addit.</span> 
     </span>
    </p>
   </div>
   <div class='ocr_carea' id='block_1_8' title="bbox 377 2562 2341 2774">
    <p class='ocr_par' dir='ltr' id='par_1_9' title="bbox 377 2562 2341 2774">
     <span class='ocr_line' id='line_1_17' title="bbox 381 2562 2341 2637; baseline -0.004 -15"><span class='ocrx_word' id='word_1_102' title='bbox 381 2567 501 2632; x_wconf 77' lang='lat' dir='ltr'>(Ex</span> <span class='ocrx_word' id='word_1_103' title='bbox 538 2566 877 2637; x_wconf 76' lang='lat' dir='ltr'>autographo</span> <span class='ocrx_word' id='word_1_104' title='bbox 913 2565 1045 2619; x_wconf 78' lang='lat' dir='ltr'>eod.</span> <span class='ocrx_word' id='word_1_105' title='bbox 1071 2564 1273 2619; x_wconf 73' lang='lat' dir='ltr'>Gener.</span> <span class='ocrx_word' id='word_1_106' title='bbox 1313 2564 1428 2632; x_wconf 82' lang='lat'>106,</span> <span class='ocrx_word' id='word_1_107' title='bbox 1465 2564 1555 2618; x_wconf 82' lang='lat' dir='ltr'>fol.</span> <span class='ocrx_word' id='word_1_108' title='bbox 1596 2562 1711 2618; x_wconf 79' lang='lat'>121.</span> <span class='ocrx_word' id='word_1_109' title='bbox 1783 2564 1830 2617; x_wconf 85' lang='grc' dir='ltr'><strong>Δ</strong></span> <span class='ocrx_word' id='word_1_110' title='bbox 1876 2562 2119 2632; x_wconf 80' lang='lat' dir='ltr'>ographa</span> <span class='ocrx_word' id='word_1_111' title='bbox 2152 2567 2341 2617; x_wconf 87' lang='lat' dir='ltr'>contu·</span> 
     </span>
     <span class='ocr_line' id='line_1_18' title="bbox 377 2630 2340 2702; baseline -0.002 -11"><span class='ocrx_word' id='word_1_112' title='bbox 377 2637 547 2691; x_wconf 80' lang='lat' dir='ltr'>limus</span> <span class='ocrx_word' id='word_1_113' title='bbox 564 2635 848 2691; x_wconf 75' lang='lat' dir='ltr'>Ionvillaei</span> <span class='ocrx_word' id='word_1_114' title='bbox 870 2636 1001 2689; x_wconf 91' lang='lat' dir='ltr'>Cod.</span> <span class='ocrx_word' id='word_1_115' title='bbox 1027 2634 1171 2688; x_wconf 73' lang='lat'>111⁸,</span> <span class='ocrx_word' id='word_1_116' title='bbox 1199 2635 1288 2687; x_wconf 85' lang='lat' dir='ltr'>sol.</span> <span class='ocrx_word' id='word_1_117' title='bbox 1317 2634 1400 2697; x_wconf 83' lang='lat'>36,</span> <span class='ocrx_word' id='word_1_118' title='bbox 1439 2632 1714 2686; x_wconf 86' lang='lat' dir='ltr'>Turretini</span> <span class='ocrx_word' id='word_1_119' title='bbox 1736 2631 1811 2686; x_wconf 89' lang='lat' dir='ltr'>Co</span> <span class='ocrx_word' id='word_1_120' title='bbox 1853 2670 1866 2683; x_wconf 94' lang='lat'>.</span> <span class='ocrx_word' id='word_1_121' title='bbox 1911 2633 2020 2693; x_wconf 84' lang='grc'><strong>111,</strong></span> <span class='ocrx_word' id='word_1_122' title='bbox 2057 2633 2148 2686; x_wconf 83' lang='lat' dir='ltr'>fol.</span> <span class='ocrx_word' id='word_1_123' title='bbox 2171 2630 2242 2685; x_wconf 88' lang='grc'>98</span> <span class='ocrx_word' id='word_1_124' title='bbox 2266 2649 2340 2702; x_wconf 71' lang='lat' dir='ltr'>v0,</span> 
     </span>
     <span class='ocr_line' id='line_1_19' title="bbox 624 2700 2088 2774; baseline -0.005 -16"><span class='ocrx_word' id='word_1_125' title='bbox 624 2705 904 2759; x_wconf 83' lang='lat' dir='ltr'>Beruense</span> <span class='ocrx_word' id='word_1_126' title='bbox 938 2704 1080 2773; x_wconf 86' lang='lat' dir='ltr'>Epp.</span> <span class='ocrx_word' id='word_1_127' title='bbox 1117 2703 1215 2757; x_wconf 85' lang='lat' dir='ltr'>VI.</span> <span class='ocrx_word' id='word_1_128' title='bbox 1253 2722 1305 2774; x_wconf 89' lang='lat' dir='ltr'>p.</span> <span class='ocrx_word' id='word_1_129' title='bbox 1344 2702 1447 2756; x_wconf 86' lang='grc'>636</span> <span class='ocrx_word' id='word_1_130' title='bbox 1474 2709 1531 2755; x_wconf 88' lang='lat' dir='ltr'>et</span> <span class='ocrx_word' id='word_1_131' title='bbox 1566 2702 1785 2755; x_wconf 86' lang='lat' dir='ltr'>Simleri</span> <span class='ocrx_word' id='word_1_132' title='bbox 1819 2702 1938 2756; x_wconf 85' lang='lat' dir='ltr'>Vol.</span> <span class='ocrx_word' id='word_1_133' title='bbox 1974 2700 2088 2769; x_wconf 83' lang='grc'><strong>52.)</strong></span> 
     </span>
    </p>
   </div>
   <div class='ocr_carea' id='block_1_9' title="bbox 375 2852 2342 3043">
    <p class='ocr_par' dir='ltr' id='par_1_10' title="bbox 375 2852 2342 3043">
     <span class='ocr_line' id='line_1_20' title="bbox 375 2852 2342 2974; baseline -0.003 -13"><span class='ocrx_word' id='word_1_134' title='bbox 375 2893 586 2961; x_wconf 87' lang='lat' dir='ltr'>Petro</span> <span class='ocrx_word' id='word_1_135' title='bbox 653 2892 888 2960; x_wconf 85' lang='lat' dir='ltr'>Vireto</span> <span class='ocrx_word' id='word_1_136' title='bbox 954 2891 1450 2959; x_wconf 86' lang='lat' dir='ltr'>Lausannensis</span> <span class='ocrx_word' id='word_1_137' title='bbox 1515 2852 1822 2956; x_wconf 84' lang='lat' dir='ltr'>ecclesiae</span> <span class='ocrx_word' id='word_1_138' title='bbox 1896 2888 2027 2956; x_wconf 91' lang='lat' dir='ltr'>fido</span> <span class='ocrx_word' id='word_1_139' title='bbox 2090 2864 2342 2974; x_wconf 83' lang='lat' dir='ltr'>pastori</span> 
     </span>
     <span class='ocr_line' id='line_1_21' title="bbox 966 2976 1763 3043; baseline 0 -1"><span class='ocrx_word' id='word_1_140' title='bbox 966 2977 1158 3043; x_wconf 86' lang='lat' dir='ltr'>fratri</span> <span class='ocrx_word' id='word_1_141' title='bbox 1199 2976 1366 3042; x_wconf 90' lang='lat' dir='ltr'>mihi</span> <span class='ocrx_word' id='word_1_142' title='bbox 1409 2978 1763 3043; x_wconf 87' lang='lat' dir='ltr'>carissimo.</span> 
     </span>
    </p>
   </div>
   <div class='ocr_carea' id='block_1_10' title="bbox 367 3112 2346 4829">
    <p class='ocr_par' dir='ltr' id='par_1_11' title="bbox 367 3112 2342 3712">
     <span class='ocr_line' id='line_1_22' title="bbox 553 3112 2342 3194; baseline -0.003 -14"><span class='ocrx_word' id='word_1_143' title='bbox 553 3112 627 3180; x_wconf 78' lang='lat' dir='ltr'>S.</span> <span class='ocrx_word' id='word_1_144' title='bbox 693 3112 1013 3179; x_wconf 79' lang='lat' dir='ltr'><strong>Narravit</strong></span> <span class='ocrx_word' id='word_1_145' title='bbox 1050 3113 1217 3179; x_wconf 87' lang='lat' dir='ltr'>mihi</span> <span class='ocrx_word' id='word_1_146' title='bbox 1258 3112 1544 3181; x_wconf 88' lang='lat' dir='ltr'>Ioannes</span> <span class='ocrx_word' id='word_1_147' title='bbox 1571 3113 1896 3179; x_wconf 77' lang='lat' dir='ltr'>Tornacus</span> <span class='ocrx_word' id='word_1_148' title='bbox 1919 3112 1967 3194; x_wconf 90' lang='lat'>¹)</span> <span class='ocrx_word' id='word_1_149' title='bbox 2014 3130 2342 3177; x_wconf 90' lang='lat' dir='ltr'>summam</span> 
     </span>
     <span class='ocr_line' id='line_1_23' title="bbox 375 3200 2341 3267; baseline -0.003 0"><span class='ocrx_word' id='word_1_150' title='bbox 375 3200 659 3267; x_wconf 86' lang='lat' dir='ltr'>actionis</span> <span class='ocrx_word' id='word_1_151' title='bbox 713 3208 993 3265; x_wconf 82' lang='lat' dir='ltr'>vestrae.</span> <span class='ocrx_word' id='word_1_152' title='bbox 1108 3200 1245 3266; x_wconf 87' lang='lat' dir='ltr'>Nos</span> <span class='ocrx_word' id='word_1_153' title='bbox 1303 3200 1660 3265; x_wconf 89' lang='lat' dir='ltr'>stultorum</span> <span class='ocrx_word' id='word_1_154' title='bbox 1712 3220 1896 3264; x_wconf 88' lang='lat' dir='ltr'>more</span> <span class='ocrx_word' id='word_1_155' title='bbox 1954 3219 2036 3263; x_wconf 88' lang='lat' dir='ltr'>ex</span> <span class='ocrx_word' id='word_1_156' title='bbox 2093 3206 2341 3263; x_wconf 81' lang='lat' dir='ltr'>eventu</span> 
     </span>
     <span class='ocr_line' id='line_1_24' title="bbox 374 3283 2339 3367; baseline -0.003 -15"><span class='ocrx_word' id='word_1_157' title='bbox 374 3286 872 3352; x_wconf 76' lang='lat' dir='ltr'>aestimabimus</span> <span class='ocrx_word' id='word_1_158' title='bbox 916 3284 1300 3351; x_wconf 81' lang='lat' dir='ltr'>debueritne</span> <span class='ocrx_word' id='word_1_159' title='bbox 1336 3288 1432 3351; x_wconf 91' lang='lat' dir='ltr'>sie</span> <span class='ocrx_word' id='word_1_160' title='bbox 1474 3287 1636 3351; x_wconf 89' lang='lat' dir='ltr'>ficri.</span> <span class='ocrx_word' id='word_1_161' title='bbox 1725 3284 1909 3367; x_wconf 80' lang='lat' dir='ltr'>Quin</span> <span class='ocrx_word' id='word_1_162' title='bbox 1950 3283 2189 3367; x_wconf 91' lang='lat' dir='ltr'>potius,</span> <span class='ocrx_word' id='word_1_163' title='bbox 2234 3292 2339 3348; x_wconf 84' lang='lat' dir='ltr'>ut-</span> 
     </span>
     <span class='ocr_line' id='line_1_25' title="bbox 374 3370 2340 3455; baseline -0.004 -15"><span class='ocrx_word' id='word_1_164' title='bbox 374 3393 639 3455; x_wconf 87' lang='lat' dir='ltr'>cunque</span> <span class='ocrx_word' id='word_1_165' title='bbox 693 3390 801 3437; x_wconf 90' lang='lat' dir='ltr'>res</span> <span class='ocrx_word' id='word_1_166' title='bbox 853 3371 1073 3451; x_wconf 87' lang='lat' dir='ltr'>cedat,</span> <span class='ocrx_word' id='word_1_167' title='bbox 1131 3372 1430 3438; x_wconf 82' lang='lat' dir='ltr'>fruemur</span> <span class='ocrx_word' id='word_1_168' title='bbox 1483 3370 1608 3438; x_wconf 91' lang='lat' dir='ltr'>hac</span> <span class='ocrx_word' id='word_1_169' title='bbox 1667 3370 2083 3438; x_wconf 82' lang='lat' dir='ltr'>eonscientia-</span> <span class='ocrx_word' id='word_1_170' title='bbox 2119 3389 2340 3435; x_wconf 89' lang='lat' dir='ltr'>coram</span> 
     </span>
     <span class='ocr_line' id='line_1_26' title="bbox 369 3455 2335 3542; baseline -0.002 -19"><span class='ocrx_word' id='word_1_171' title='bbox 369 3457 559 3538; x_wconf 88' lang='lat' dir='ltr'>Deo,</span> <span class='ocrx_word' id='word_1_172' title='bbox 630 3458 725 3523; x_wconf 91' lang='lat' dir='ltr'>sie</span> <span class='ocrx_word' id='word_1_173' title='bbox 775 3458 920 3523; x_wconf 88' lang='lat' dir='ltr'>fieri</span> <span class='ocrx_word' id='word_1_174' title='bbox 989 3459 1356 3542; x_wconf 85' lang='lat' dir='ltr'>oportuisse</span> <span class='ocrx_word' id='word_1_175' title='bbox 1410 3458 1563 3541; x_wconf 87' lang='lat' dir='ltr'>quia</span> <span class='ocrx_word' id='word_1_176' title='bbox 1616 3477 1755 3522; x_wconf 88' lang='lat' dir='ltr'>non</span> <span class='ocrx_word' id='word_1_177' title='bbox 1810 3463 2068 3541; x_wconf 86' lang='lat' dir='ltr'>poterat</span> <span class='ocrx_word' id='word_1_178' title='bbox 2127 3455 2335 3520; x_wconf 85' lang='lat' dir='ltr'>aliter.</span> 
     </span>
     <span class='ocr_line' id='line_1_27' title="bbox 372 3540 2334 3625; baseline -0.003 -14"><span class='ocrx_word' id='word_1_179' title='bbox 372 3544 736 3611; x_wconf 81' lang='lat' dir='ltr'>Caeterum</span> <span class='ocrx_word' id='word_1_180' title='bbox 793 3544 851 3609; x_wconf 90' lang='grc'>31</span> <span class='ocrx_word' id='word_1_181' title='bbox 905 3541 989 3607; x_wconf 85' lang='grc'>3(1</span> <span class='ocrx_word' id='word_1_182' title='bbox 1040 3565 1147 3609; x_wconf 90' lang='grc'><strong>1110</strong></span> <span class='ocrx_word' id='word_1_183' title='bbox 1200 3544 1536 3623; x_wconf 78' lang='lat' dir='ltr'>venerint,</span> <span class='ocrx_word' id='word_1_184' title='bbox 1581 3564 1658 3608; x_wconf 89' lang='lat' dir='ltr'>ac</span> <span class='ocrx_word' id='word_1_185' title='bbox 1699 3541 1865 3609; x_wconf 87' lang='lat' dir='ltr'>illud</span> <span class='ocrx_word' id='word_1_186' title='bbox 1908 3540 2334 3625; x_wconf 73' lang='lat' dir='ltr'>supercilium</span> 
     </span>
     <span class='ocr_line' id='line_1_28' title="bbox 367 3628 2337 3712; baseline -0.002 -16"><span class='ocrx_word' id='word_1_187' title='bbox 367 3630 752 3706; x_wconf 83' lang='lat' dir='ltr'>attulerint,</span> <span class='ocrx_word' id='word_1_188' title='bbox 818 3629 1016 3711; x_wconf 86' lang='lat' dir='ltr'>paule</span> <span class='ocrx_word' id='word_1_189' title='bbox 1082 3649 1194 3695; x_wconf 90' lang='lat' dir='ltr'>eos</span> <span class='ocrx_word' id='word_1_190' title='bbox 1259 3628 1492 3694; x_wconf 89' lang='lat' dir='ltr'>durius</span> <span class='ocrx_word' id='word_1_191' title='bbox 1556 3629 1892 3712; x_wconf 80' lang='lat' dir='ltr'>accipiam.</span> <span class='ocrx_word' id='word_1_192' title='bbox 2003 3629 2094 3692; x_wconf 86' lang='lat' dir='ltr'>Et</span> <span class='ocrx_word' id='word_1_193' title='bbox 2157 3633 2337 3692; x_wconf 88' lang='lat' dir='ltr'>certe</span> 
     </span>
    </p>

    <p class='ocr_par' dir='ltr' id='par_1_12' title="bbox 369 3711 2346 4829">
     <span class='ocr_line' id='line_1_29' title="bbox 415 3711 2337 3798; baseline -0.003 -17"><span class='ocrx_word' id='word_1_194' title='bbox 415 3714 897 3781; x_wconf 84' lang='lat' dir='ltr'>raecavendum</span> <span class='ocrx_word' id='word_1_195' title='bbox 945 3724 1045 3781; x_wconf 87' lang='lat' dir='ltr'>est</span> <span class='ocrx_word' id='word_1_196' title='bbox 1088 3736 1173 3780; x_wconf 90' lang='lat' dir='ltr'>ne</span> <span class='ocrx_word' id='word_1_197' title='bbox 1216 3716 1403 3798; x_wconf 84' lang='lat' dir='ltr'>quasi</span> <span class='ocrx_word' id='word_1_198' title='bbox 1459 3714 1740 3782; x_wconf 83' lang='lat' dir='ltr'>victores</span> <span class='ocrx_word' id='word_1_199' title='bbox 1785 3713 2117 3791; x_wconf 67' lang='lat' dir='ltr'>ferociam,</span> <span class='ocrx_word' id='word_1_200' title='bbox 2162 3711 2337 3796; x_wconf 91' lang='lat' dir='ltr'>quod</span> 
     </span>
     <span class='ocr_line' id='line_1_30' title="bbox 505 3797 2337 3882; baseline -0.002 -16"><span class='ocrx_word' id='word_1_201' title='bbox 505 3821 664 3866; x_wconf 91' lang='lat' dir='ltr'>uros</span> <span class='ocrx_word' id='word_1_202' title='bbox 711 3808 970 3867; x_wconf 88' lang='lat' dir='ltr'>constat</span> <span class='ocrx_word' id='word_1_203' title='bbox 1019 3802 1147 3866; x_wconf 87' lang='lat' dir='ltr'>nisi</span> <span class='ocrx_word' id='word_1_204' title='bbox 1191 3801 1485 3867; x_wconf 86' lang='lat' dir='ltr'>severius</span> <span class='ocrx_word' id='word_1_205' title='bbox 1527 3811 1967 3867; x_wconf 86' lang='lat' dir='ltr'>coerceantur.</span> <span class='ocrx_word' id='word_1_206' title='bbox 2057 3797 2134 3865; x_wconf 78' lang='lat' dir='ltr'>Si</span> <span class='ocrx_word' id='word_1_207' title='bbox 2178 3797 2337 3882; x_wconf 88' lang='lat' dir='ltr'>quid</span> 
     </span>
     <span class='ocr_line' id='line_1_31' title="bbox 369 3883 2337 3971; baseline -0.004 -17"><span class='ocrx_word' id='word_1_208' title='bbox 369 3908 534 3971; x_wconf 85' lang='lat' dir='ltr'>ergo</span> <span class='ocrx_word' id='word_1_209' title='bbox 580 3886 790 3951; x_wconf 85' lang='lat' dir='ltr'>velint</span> <span class='ocrx_word' id='word_1_210' title='bbox 833 3887 1178 3970; x_wconf 84' lang='lat' dir='ltr'>consequi,</span> <span class='ocrx_word' id='word_1_211' title='bbox 1235 3893 1618 3970; x_wconf 79' lang='lat' dir='ltr'>comparent</span> <span class='ocrx_word' id='word_1_212' title='bbox 1670 3907 1740 3952; x_wconf 89' lang='lat' dir='ltr'>se</span> <span class='ocrx_word' id='word_1_213' title='bbox 1796 3885 1880 3951; x_wconf 90' lang='lat' dir='ltr'>ad</span> <span class='ocrx_word' id='word_1_214' title='bbox 1938 3883 2337 3952; x_wconf 88' lang='lat' dir='ltr'>audiendum</span> 
     </span>
     <span class='ocr_line' id='line_1_32' title="bbox 370 3970 2336 4059; baseline -0.003 -20"><span class='ocrx_word' id='word_1_215' title='bbox 370 3971 550 4059; x_wconf 89' lang='lat' dir='ltr'>quod</span> <span class='ocrx_word' id='word_1_216' title='bbox 585 3972 831 4037; x_wconf 89' lang='lat' dir='ltr'>nolent.</span> <span class='ocrx_word' id='word_1_217' title='bbox 901 3972 1084 4037; x_wconf 87' lang='lat' dir='ltr'>Nihil</span> <span class='ocrx_word' id='word_1_218' title='bbox 1120 3972 1467 4040; x_wconf 90' lang='lat' dir='ltr'>dicendum</span> <span class='ocrx_word' id='word_1_219' title='bbox 1503 3974 1631 4037; x_wconf 87' lang='lat' dir='ltr'>nisi</span> <span class='ocrx_word' id='word_1_220' title='bbox 1661 3971 1832 4055; x_wconf 91' lang='lat' dir='ltr'>quod</span> <span class='ocrx_word' id='word_1_221' title='bbox 1867 3972 2040 4037; x_wconf 87' lang='lat' dir='ltr'>ferre</span> <span class='ocrx_word' id='word_1_222' title='bbox 2074 3970 2336 4055; x_wconf 87' lang='lat' dir='ltr'>possim.</span> 
     </span>
     <span class='ocr_line' id='line_1_33' title="bbox 557 4056 2342 4140; baseline -0.003 -15"><span class='ocrx_word' id='word_1_223' title='bbox 557 4056 995 4140; x_wconf 74' lang='lat' dir='ltr'>capum-utus,</span> <span class='ocrx_word' id='word_1_224' title='bbox 1077 4070 1153 4123; x_wconf 90' lang='lat' dir='ltr'>ut</span> <span class='ocrx_word' id='word_1_225' title='bbox 1217 4058 1422 4137; x_wconf 89' lang='lat' dir='ltr'>nosti,</span> <span class='ocrx_word' id='word_1_226' title='bbox 1488 4059 1764 4124; x_wconf 88' lang='lat' dir='ltr'>classem</span> <span class='ocrx_word' id='word_1_227' title='bbox 1828 4058 1889 4122; x_wconf 89' lang='lat' dir='ltr'>N</span> <span class='ocrx_word' id='word_1_228' title='bbox 1894 4076 2342 4124; x_wconf 87' lang='lat' dir='ltr'>eoeomensem</span> 
     </span>
     <span class='ocr_line' id='line_1_34' title="bbox 372 4141 2339 4227; baseline -0.002 -17"><span class='ocrx_word' id='word_1_229' title='bbox 372 4165 558 4210; x_wconf 86' lang='grc'><strong>1111110</strong></span> <span class='ocrx_word' id='word_1_230' title='bbox 601 4144 825 4208; x_wconf 80' lang='lat' dir='ltr'>turbat</span> <span class='ocrx_word' id='word_1_231' title='bbox 867 4154 934 4208; x_wconf 90' lang='lat' dir='ltr'>et</span> <span class='ocrx_word' id='word_1_232' title='bbox 976 4165 1046 4209; x_wconf 92' lang='lat' dir='ltr'>se</span> <span class='ocrx_word' id='word_1_233' title='bbox 1082 4143 1314 4209; x_wconf 88' lang='lat' dir='ltr'>callide</span> <span class='ocrx_word' id='word_1_234' title='bbox 1349 4165 1544 4227; x_wconf 86' lang='lat' dir='ltr'>agere</span> <span class='ocrx_word' id='word_1_235' title='bbox 1578 4152 1768 4226; x_wconf 86' lang='lat' dir='ltr'>putat</span> <span class='ocrx_word' id='word_1_236' title='bbox 1803 4143 1973 4226; x_wconf 92' lang='lat' dir='ltr'>quod</span> <span class='ocrx_word' id='word_1_237' title='bbox 2007 4141 2267 4208; x_wconf 86' lang='lat' dir='ltr'>flabello</span> <span class='ocrx_word' id='word_1_238' title='bbox 2281 4143 2339 4223; x_wconf 74' lang='lat'>²)</span> 
     </span>
     <span class='ocr_line' id='line_1_35' title="bbox 375 4225 2343 4297; baseline -0.003 0"><span class='ocrx_word' id='word_1_239' title='bbox 375 4231 465 4297; x_wconf 85' lang='lat' dir='ltr'>ad</span> <span class='ocrx_word' id='word_1_240' title='bbox 509 4228 929 4294; x_wconf 85' lang='lat' dir='ltr'>inferendum</span> <span class='ocrx_word' id='word_1_241' title='bbox 971 4228 1346 4294; x_wconf 88' lang='lat' dir='ltr'>incondium</span> <span class='ocrx_word' id='word_1_242' title='bbox 1407 4230 1633 4295; x_wconf 86' lang='lat' dir='ltr'>utitur.</span> <span class='ocrx_word' id='word_1_243' title='bbox 1723 4230 2050 4295; x_wconf 71' lang='lat' dir='ltr'>Miserunt</span> <span class='ocrx_word' id='word_1_244' title='bbox 2107 4225 2191 4292; x_wconf 90' lang='lat' dir='ltr'>ad</span> <span class='ocrx_word' id='word_1_245' title='bbox 2234 4247 2343 4292; x_wconf 90' lang='lat' dir='ltr'>me</span> 
     </span>
     <span class='ocr_line' id='line_1_36' title="bbox 373 4310 2343 4399; baseline -0.003 -17"><span class='ocrx_word' id='word_1_246' title='bbox 373 4317 622 4382; x_wconf 72' lang='lat' dir='ltr'>fratres</span> <span class='ocrx_word' id='word_1_247' title='bbox 666 4317 963 4398; x_wconf 83' lang='lat' dir='ltr'>egregios</span> <span class='ocrx_word' id='word_1_248' title='bbox 1005 4315 1153 4379; x_wconf 91' lang='lat' dir='ltr'>illos</span> <span class='ocrx_word' id='word_1_249' title='bbox 1195 4314 1521 4393; x_wconf 82' lang='lat' dir='ltr'>articulos,</span> <span class='ocrx_word' id='word_1_250' title='bbox 1575 4324 2101 4399; x_wconf 79' lang='lat' dir='ltr'>rogaveruntque</span> <span class='ocrx_word' id='word_1_251' title='bbox 2140 4322 2216 4377; x_wconf 89' lang='lat' dir='ltr'>ut</span> <span class='ocrx_word' id='word_1_252' title='bbox 2259 4310 2343 4377; x_wconf 91' lang='lat' dir='ltr'>ad</span> 
     </span>
     <span class='ocr_line' id='line_1_37' title="bbox 376 4397 2342 4482; baseline -0.004 -13"><span class='ocrx_word' id='word_1_253' title='bbox 376 4401 750 4469; x_wconf 85' lang='lat' dir='ltr'>condictum</span> <span class='ocrx_word' id='word_1_254' title='bbox 784 4399 957 4466; x_wconf 91' lang='lat' dir='ltr'>diem</span> <span class='ocrx_word' id='word_1_255' title='bbox 988 4402 1308 4468; x_wconf 86' lang='lat' dir='ltr'>venerim:</span> <span class='ocrx_word' id='word_1_256' title='bbox 1352 4401 1455 4464; x_wconf 89' lang='lat' dir='ltr'>sin</span> <span class='ocrx_word' id='word_1_257' title='bbox 1486 4403 1725 4477; x_wconf 90' lang='lat' dir='ltr'>minus,</span> <span class='ocrx_word' id='word_1_258' title='bbox 1763 4400 2132 4465; x_wconf 89' lang='lat' dir='ltr'>refellerem</span> <span class='ocrx_word' id='word_1_259' title='bbox 2167 4397 2342 4482; x_wconf 90' lang='lat' dir='ltr'>quod</span> 
     </span>
     <span class='ocr_line' id='line_1_38' title="bbox 377 4484 2345 4570; baseline -0.002 -18"><span class='ocrx_word' id='word_1_260' title='bbox 377 4488 546 4553; x_wconf 89' lang='lat' dir='ltr'>mihi</span> <span class='ocrx_word' id='word_1_261' title='bbox 603 4485 997 4569; x_wconf 84' lang='lat' dir='ltr'>displiceret.</span> <span class='ocrx_word' id='word_1_262' title='bbox 1100 4486 1354 4551; x_wconf 89' lang='lat' dir='ltr'>Verum</span> <span class='ocrx_word' id='word_1_263' title='bbox 1415 4485 1686 4552; x_wconf 81' lang='lat' dir='ltr'>Ioannes</span> <span class='ocrx_word' id='word_1_264' title='bbox 1704 4490 1760 4564; x_wconf 73' lang='lat'>⁸)</span> <span class='ocrx_word' id='word_1_265' title='bbox 1818 4486 2172 4570; x_wconf 82' lang='lat' dir='ltr'>chirurgus</span> <span class='ocrx_word' id='word_1_266' title='bbox 2232 4484 2345 4566; x_wconf 92' lang='lat' dir='ltr'>qui</span> 
     </span>
     <span class='ocr_line' id='line_1_39' title="bbox 380 4570 2344 4655; baseline -0.002 -17"><span class='ocrx_word' id='word_1_267' title='bbox 380 4575 699 4638; x_wconf 87' lang='lat' dir='ltr'>attulerat</span> <span class='ocrx_word' id='word_1_268' title='bbox 741 4594 873 4637; x_wconf 90' lang='lat' dir='ltr'>nen</span> <span class='ocrx_word' id='word_1_269' title='bbox 918 4574 1045 4638; x_wconf 90' lang='lat' dir='ltr'>nisi</span> <span class='ocrx_word' id='word_1_270' title='bbox 1082 4573 1357 4655; x_wconf 89' lang='lat' dir='ltr'>septimo</span> <span class='ocrx_word' id='word_1_271' title='bbox 1391 4571 1659 4635; x_wconf 89' lang='lat' dir='ltr'>tandem</span> <span class='ocrx_word' id='word_1_272' title='bbox 1699 4570 1805 4637; x_wconf 92' lang='lat' dir='ltr'>die</span> <span class='ocrx_word' id='word_1_273' title='bbox 1840 4571 2002 4636; x_wconf 90' lang='lat' dir='ltr'>mihi</span> <span class='ocrx_word' id='word_1_274' title='bbox 2038 4571 2344 4635; x_wconf 89' lang='lat' dir='ltr'>reddidit.</span> 
     </span>
     <span class='ocr_line' id='line_1_40' title="bbox 379 4654 2346 4742; baseline -0.002 -18"><span class='ocrx_word' id='word_1_275' title='bbox 379 4658 643 4724; x_wconf 79' lang='lat' dir='ltr'>Verum</span> <span class='ocrx_word' id='word_1_276' title='bbox 685 4679 803 4740; x_wconf 86' lang='lat' dir='ltr'>per</span> <span class='ocrx_word' id='word_1_277' title='bbox 827 4657 1200 4725; x_wconf 78' lang='lat' dir='ltr'>Michaelem</span> <span class='ocrx_word' id='word_1_278' title='bbox 1242 4654 1490 4742; x_wconf 91' lang='lat' dir='ltr'>aliquid</span> <span class='ocrx_word' id='word_1_279' title='bbox 1532 4657 1906 4737; x_wconf 88' lang='lat' dir='ltr'>rescribam,</span> <span class='ocrx_word' id='word_1_280' title='bbox 1952 4657 2108 4741; x_wconf 88' lang='grc'><strong>(11113</strong></span> <span class='ocrx_word' id='word_1_281' title='bbox 2150 4656 2346 4722; x_wconf 84' lang='grc'><strong>0111113</strong></span> 
     </span>
     <span class='ocr_line' id='line_1_41' title="bbox 381 4744 763 4829; baseline -0.003 -20"><span class='ocrx_word' id='word_1_282' title='bbox 381 4765 521 4810; x_wconf 87' lang='grc'><strong>1103</strong></span> <span class='ocrx_word' id='word_1_283' title='bbox 565 4744 763 4829; x_wconf 87' lang='lat' dir='ltr'>potui.</span> 
     </span>
    </p>
   </div>
   <div class='ocr_carea' id='block_1_11' title="bbox 384 4918 801 4929">
    <p class='ocr_par' dir='ltr' id='par_1_13' title="bbox 384 4918 801 4929">
     <span class='ocr_line' id='line_1_42' title="bbox 384 4918 801 4929; baseline -0.007 0"><span class='ocrx_word' id='word_1_284' title='bbox 384 4918 801 4929; x_wconf 76' lang='lat'>——.--——.-.—-</span> 
     </span>
    </p>
   </div>
   <div class='ocr_carea' id='block_1_12' title="bbox 386 5033 2349 5450">
    <p class='ocr_par' dir='ltr' id='par_1_14' title="bbox 386 5033 2349 5450">
     <span class='ocr_line' id='line_1_43' title="bbox 594 5033 2345 5103; baseline -0.002 -15"><span class='ocrx_word' id='word_1_285' title='bbox 594 5033 654 5096; x_wconf 73' lang='lat'>9)</span> <span class='ocrx_word' id='word_1_286' title='bbox 686 5033 1005 5089; x_wconf 78' lang='lat' dir='ltr'>Suiventles</span> <span class='ocrx_word' id='word_1_287' title='bbox 1024 5050 1179 5087; x_wconf 79' lang='lat' dir='ltr'>noma</span> <span class='ocrx_word' id='word_1_288' title='bbox 1201 5034 1298 5088; x_wconf 86' lang='lat' dir='ltr'>des</span> <span class='ocrx_word' id='word_1_289' title='bbox 1315 5040 1494 5087; x_wconf 71' lang='lat' dir='ltr'>trenes</span> <span class='ocrx_word' id='word_1_290' title='bbox 1511 5033 1683 5099; x_wconf 88' lang='lat' dir='ltr'>banis,</span> <span class='ocrx_word' id='word_1_291' title='bbox 1701 5048 1804 5103; x_wconf 77' lang='lat' dir='ltr'>que</span> <span class='ocrx_word' id='word_1_292' title='bbox 1819 5046 1962 5087; x_wconf 80' lang='lat' dir='ltr'>nous</span> <span class='ocrx_word' id='word_1_293' title='bbox 1979 5034 2345 5102; x_wconf 79' lang='lat' dir='ltr'>supprimens.</span> 
     </span>
     <span class='ocr_line' id='line_1_44' title="bbox 422 5101 1160 5170; baseline 0 -14"><span class='ocrx_word' id='word_1_294' title='bbox 422 5102 552 5164; x_wconf 74' lang='lat'>478,</span> <span class='ocrx_word' id='word_1_295' title='bbox 586 5103 642 5170; x_wconf 96' lang='lat'>1)</span> <span class='ocrx_word' id='word_1_296' title='bbox 682 5103 757 5158; x_wconf 88' lang='lat' dir='ltr'>N.</span> <span class='ocrx_word' id='word_1_297' title='bbox 792 5101 913 5167; x_wconf 86' lang='lat'>404,</span> <span class='ocrx_word' id='word_1_298' title='bbox 948 5108 1045 5157; x_wconf 78' lang='lat' dir='ltr'>not</span> <span class='ocrx_word' id='word_1_299' title='bbox 1082 5102 1160 5156; x_wconf 89' lang='lat'>10.</span> 
     </span>
     <span class='ocr_line' id='line_1_45' title="bbox 593 5169 2349 5239; baseline -0.001 -14"><span class='ocrx_word' id='word_1_300' title='bbox 593 5174 649 5234; x_wconf 82' lang='lat'>2)</span> <span class='ocrx_word' id='word_1_301' title='bbox 683 5189 883 5239; x_wconf 57' lang='lat' dir='ltr'>,qenero</span> <span class='ocrx_word' id='word_1_302' title='bbox 917 5188 1018 5226; x_wconf 81' lang='lat' dir='ltr'>suo</span> <span class='ocrx_word' id='word_1_303' title='bbox 1058 5173 1312 5227; x_wconf 75' lang='lat' dir='ltr'>Cortesio.</span> <span class='ocrx_word' id='word_1_304' title='bbox 1385 5169 1476 5223; x_wconf 88' lang='lat' dir='ltr'>De</span> <span class='ocrx_word' id='word_1_305' title='bbox 1510 5176 1620 5225; x_wconf 82' lang='lat' dir='ltr'>toto</span> <span class='ocrx_word' id='word_1_306' title='bbox 1655 5170 1754 5224; x_wconf 78' lang='grc' dir='ltr'>11οο</span> <span class='ocrx_word' id='word_1_307' title='bbox 1788 5170 2003 5239; x_wconf 65' lang='lat' dir='ltr'>nepotio</span> <span class='ocrx_word' id='word_1_308' title='bbox 2036 5173 2149 5224; x_wconf 78' lang='lat' dir='ltr'>iam</span> <span class='ocrx_word' id='word_1_309' title='bbox 2184 5175 2349 5223; x_wconf 81' lang='lat' dir='ltr'>antea</span> 
     </span>
     <span class='ocr_line' id='line_1_46' title="bbox 386 5241 1814 5311; baseline -0.001 -14"><span class='ocrx_word' id='word_1_310' title='bbox 386 5241 553 5311; x_wconf 73' lang='lat' dir='ltr'>plura</span> <span class='ocrx_word' id='word_1_311' title='bbox 588 5243 834 5297; x_wconf 71' lang='lat' dir='ltr'>habuisti</span> <span class='ocrx_word' id='word_1_312' title='bbox 868 5249 916 5294; x_wconf 80' lang='lat' dir='ltr'>et</span> <span class='ocrx_word' id='word_1_313' title='bbox 950 5257 1076 5295; x_wconf 68' lang='lat' dir='ltr'>moer</span> <span class='ocrx_word' id='word_1_314' title='bbox 1111 5242 1328 5294; x_wconf 66' lang='lat' dir='ltr'>habebis</span> <span class='ocrx_word' id='word_1_315' title='bbox 1362 5242 1500 5292; x_wconf 75' lang='lat' dir='ltr'>eatis</span> <span class='ocrx_word' id='word_1_316' title='bbox 1535 5255 1814 5308; x_wconf 74' lang='lat' dir='ltr'>superque.</span> 
     </span>
     <span class='ocr_line' id='line_1_47' title="bbox 596 5306 2347 5380; baseline -0.003 -15"><span class='ocrx_word' id='word_1_317' title='bbox 596 5310 655 5375; x_wconf 84' lang='lat'>3)</span> <span class='ocrx_word' id='word_1_318' title='bbox 699 5310 992 5380; x_wconf 71' lang='lat' dir='ltr'>Rogyerius.</span> <span class='ocrx_word' id='word_1_319' title='bbox 1033 5340 1097 5349; x_wconf 94' lang='lat'>—</span> <span class='ocrx_word' id='word_1_320' title='bbox 1155 5307 1312 5377; x_wconf 78' lang='lat' dir='ltr'>Quod</span> <span class='ocrx_word' id='word_1_321' title='bbox 1362 5310 1690 5375; x_wconf 71' lang='lat' dir='ltr'>scripturum</span> <span class='ocrx_word' id='word_1_322' title='bbox 1739 5324 1795 5363; x_wconf 82' lang='lat' dir='ltr'>se</span> <span class='ocrx_word' id='word_1_323' title='bbox 1840 5306 1974 5361; x_wconf 77' lang='lat' dir='ltr'>dicit</span> <span class='ocrx_word' id='word_1_324' title='bbox 2019 5306 2347 5362; x_wconf 79' lang='lat' dir='ltr'>Neocomen-</span> 
     </span>
     <span class='ocr_line' id='line_1_48' title="bbox 389 5378 1970 5450; baseline -0.003 -15"><span class='ocrx_word' id='word_1_325' title='bbox 389 5380 560 5450; x_wconf 61' lang='lat' dir='ltr'>efflue,</span> <span class='ocrx_word' id='word_1_326' title='bbox 594 5381 657 5435; x_wconf 66' lang='lat' dir='ltr'>id</span> <span class='ocrx_word' id='word_1_327' title='bbox 688 5382 869 5449; x_wconf 78' lang='lat' dir='ltr'>ipsum</span> <span class='ocrx_word' id='word_1_328' title='bbox 905 5385 984 5434; x_wconf 81' lang='lat' dir='ltr'>est</span> <span class='ocrx_word' id='word_1_329' title='bbox 1018 5379 1163 5449; x_wconf 72' lang='lat' dir='ltr'>quod</span> <span class='ocrx_word' id='word_1_330' title='bbox 1198 5379 1287 5432; x_wconf 81' lang='grc' dir='ltr'>11ἰο</span> <span class='ocrx_word' id='word_1_331' title='bbox 1319 5380 1566 5446; x_wconf 76' lang='lat' dir='ltr'>proxime</span> <span class='ocrx_word' id='word_1_332' title='bbox 1598 5378 1970 5446; x_wconf 73' lang='lat' dir='ltr'>subiunqetur.</span> 
     </span>
    </p>
   </div>
   <div class='ocr_carea' id='block_1_13' title="bbox 2389 625 2410 5397">
    <p class='ocr_par' dir='ltr' id='par_1_15' title="bbox 2389 625 2410 5397">
     <span class='ocr_line' id='line_1_49' title="bbox 2389 625 2410 5397; baseline 0 0"><span class='ocrx_word' id='word_1_333' title='bbox 2389 625 2410 5397; x_wconf 95' lang='lat' dir='ltr'> </span> 
     </span>
    </p>
   </div>
   <div class='ocr_carea' id='block_1_14' title="bbox 2443 622 4407 2853">
    <p class='ocr_par' dir='ltr' id='par_1_16' title="bbox 2443 622 4407 2853">
     <span class='ocr_line' id='line_1_50' title="bbox 2624 622 4400 708; baseline 0.003 -18"><span class='ocrx_word' id='word_1_334' title='bbox 2624 624 2755 691; x_wconf 89' lang='lat' dir='ltr'>Hic</span> <span class='ocrx_word' id='word_1_335' title='bbox 2797 624 3114 691; x_wconf 89' lang='lat' dir='ltr'>habemus</span> <span class='ocrx_word' id='word_1_336' title='bbox 3157 622 3520 690; x_wconf 82' lang='lat' dir='ltr'>Boscanum</span> <span class='ocrx_word' id='word_1_337' title='bbox 3554 624 3635 690; x_wconf 90' lang='lat' dir='ltr'>de</span> <span class='ocrx_word' id='word_1_338' title='bbox 3677 646 3806 708; x_wconf 90' lang='lat' dir='ltr'>quo</span> <span class='ocrx_word' id='word_1_339' title='bbox 3846 626 4040 692; x_wconf 87' lang='lat' dir='ltr'>toties</span> <span class='ocrx_word' id='word_1_340' title='bbox 4082 626 4400 695; x_wconf 84' lang='lat' dir='ltr'>audieras.</span> 
     </span>
     <span class='ocr_line' id='line_1_51' title="bbox 2449 709 4402 780; baseline 0.003 -6"><span class='ocrx_word' id='word_1_341' title='bbox 2449 709 2601 774; x_wconf 87' lang='lat' dir='ltr'>Non</span> <span class='ocrx_word' id='word_1_342' title='bbox 2646 723 2826 777; x_wconf 88' lang='lat' dir='ltr'>caret</span> <span class='ocrx_word' id='word_1_343' title='bbox 2869 712 3169 777; x_wconf 89' lang='lat' dir='ltr'>acumine</span> <span class='ocrx_word' id='word_1_344' title='bbox 3215 720 3281 775; x_wconf 85' lang='lat' dir='ltr'>et</span> <span class='ocrx_word' id='word_1_345' title='bbox 3323 722 3423 775; x_wconf 87' lang='lat' dir='ltr'>est</span> <span class='ocrx_word' id='word_1_346' title='bbox 3464 713 3533 775; x_wconf 92' lang='lat' dir='ltr'>in</span> <span class='ocrx_word' id='word_1_347' title='bbox 3565 709 3861 777; x_wconf 86' lang='lat' dir='ltr'>doctrina</span> <span class='ocrx_word' id='word_1_348' title='bbox 3895 712 4256 779; x_wconf 84' lang='lat' dir='ltr'>christiana</span> <span class='ocrx_word' id='word_1_349' title='bbox 4297 734 4402 780; x_wconf 87' lang='lat' dir='ltr'>sa-</span> 
     </span>
     <span class='ocr_line' id='line_1_52' title="bbox 2449 795 4403 881; baseline 0.003 -21"><span class='ocrx_word' id='word_1_350' title='bbox 2449 796 2536 860; x_wconf 88' lang='lat' dir='ltr'>tis</span> <span class='ocrx_word' id='word_1_351' title='bbox 2580 798 2994 863; x_wconf 84' lang='lat' dir='ltr'>exercitatus.</span> <span class='ocrx_word' id='word_1_352' title='bbox 3085 795 3479 879; x_wconf 82' lang='lat' dir='ltr'>Quanquam</span> <span class='ocrx_word' id='word_1_353' title='bbox 3540 797 3811 861; x_wconf 90' lang='lat' dir='ltr'>minime</span> <span class='ocrx_word' id='word_1_354' title='bbox 3869 810 3969 863; x_wconf 89' lang='lat' dir='ltr'>est</span> <span class='ocrx_word' id='word_1_355' title='bbox 4021 796 4193 881; x_wconf 90' lang='lat' dir='ltr'>qued</span> <span class='ocrx_word' id='word_1_356' title='bbox 4235 799 4403 865; x_wconf 86' lang='lat' dir='ltr'>fere-</span> 
     </span>
     <span class='ocr_line' id='line_1_53' title="bbox 2449 881 4403 967; baseline 0.001 -20"><span class='ocrx_word' id='word_1_357' title='bbox 2449 883 2661 947; x_wconf 89' lang='lat' dir='ltr'>batur.</span> <span class='ocrx_word' id='word_1_358' title='bbox 2765 884 2869 948; x_wconf 88' lang='lat' dir='ltr'>De</span> <span class='ocrx_word' id='word_1_359' title='bbox 2920 881 3144 948; x_wconf 84' lang='lat' dir='ltr'>Carolo</span> <span class='ocrx_word' id='word_1_360' title='bbox 3201 883 3317 947; x_wconf 85' lang='lat' dir='ltr'>tibi</span> <span class='ocrx_word' id='word_1_361' title='bbox 3371 891 3709 948; x_wconf 85' lang='lat' dir='ltr'>narratum</span> <span class='ocrx_word' id='word_1_362' title='bbox 3766 883 3964 949; x_wconf 85' lang='lat' dir='ltr'>fuisse</span> <span class='ocrx_word' id='word_1_363' title='bbox 4022 883 4320 949; x_wconf 87' lang='lat' dir='ltr'>arbitror.</span> <span class='ocrx_word' id='word_1_364' title='bbox 4340 885 4403 967; x_wconf 87' lang='lat'>⁴)</span> 
     </span>
     <span class='ocr_line' id='line_1_54' title="bbox 2451 967 4403 1052; baseline 0.002 -21"><span class='ocrx_word' id='word_1_365' title='bbox 2451 967 2600 1032; x_wconf 91' lang='lat' dir='ltr'>Non</span> <span class='ocrx_word' id='word_1_366' title='bbox 2637 967 2863 1033; x_wconf 89' lang='lat' dir='ltr'>dubito</span> <span class='ocrx_word' id='word_1_367' title='bbox 2898 968 3060 1051; x_wconf 90' lang='lat' dir='ltr'>quin</span> <span class='ocrx_word' id='word_1_368' title='bbox 3095 968 3236 1033; x_wconf 88' lang='lat' dir='ltr'>eius</span> <span class='ocrx_word' id='word_1_369' title='bbox 3280 969 3537 1032; x_wconf 83' lang='lat' dir='ltr'>insania</span> <span class='ocrx_word' id='word_1_370' title='bbox 3568 969 3814 1050; x_wconf 87' lang='lat' dir='ltr'>optima</span> <span class='ocrx_word' id='word_1_371' title='bbox 3855 969 3969 1034; x_wconf 82' lang='lat' dir='ltr'>via</span> <span class='ocrx_word' id='word_1_372' title='bbox 4002 970 4090 1034; x_wconf 90' lang='lat' dir='ltr'>sit</span> <span class='ocrx_word' id='word_1_373' title='bbox 4133 968 4213 1033; x_wconf 88' lang='lat' dir='ltr'>ad</span> <span class='ocrx_word' id='word_1_374' title='bbox 4251 990 4403 1052; x_wconf 88' lang='lat' dir='ltr'>pro·</span> 
     </span>
     <span class='ocr_line' id='line_1_55' title="bbox 2448 1054 4404 1137; baseline 0.002 -20"><span class='ocrx_word' id='word_1_375' title='bbox 2448 1054 2847 1118; x_wconf 86' lang='lat' dir='ltr'>movendum</span> <span class='ocrx_word' id='word_1_376' title='bbox 2893 1054 3327 1137; x_wconf 85' lang='lat' dir='ltr'>evangelium.</span> <span class='ocrx_word' id='word_1_377' title='bbox 3416 1054 3690 1136; x_wconf 86' lang='lat' dir='ltr'>Aliquid</span> <span class='ocrx_word' id='word_1_378' title='bbox 3743 1064 3960 1119; x_wconf 87' lang='lat' dir='ltr'>tamen</span> <span class='ocrx_word' id='word_1_379' title='bbox 4020 1054 4247 1120; x_wconf 87' lang='lat' dir='ltr'>audire</span> <span class='ocrx_word' id='word_1_380' title='bbox 4294 1077 4404 1121; x_wconf 87' lang='lat' dir='ltr'>ve-</span> 
     </span>
     <span class='ocr_line' id='line_1_56' title="bbox 2446 1138 4403 1223; baseline 0.002 -21"><span class='ocrx_word' id='word_1_381' title='bbox 2446 1138 2789 1205; x_wconf 89' lang='lat' dir='ltr'>hementer</span> <span class='ocrx_word' id='word_1_382' title='bbox 2823 1140 3032 1223; x_wconf 90' lang='lat' dir='ltr'>cupio.</span> <span class='ocrx_word' id='word_1_383' title='bbox 3100 1139 3552 1205; x_wconf 87' lang='lat' dir='ltr'>Praeteribam</span> <span class='ocrx_word' id='word_1_384' title='bbox 3598 1160 3763 1223; x_wconf 88' lang='grc'><strong>(11130</strong></span> <span class='ocrx_word' id='word_1_385' title='bbox 3806 1140 3968 1204; x_wconf 92' lang='lat' dir='ltr'>mihi</span> <span class='ocrx_word' id='word_1_386' title='bbox 4012 1141 4239 1205; x_wconf 86' lang='lat' dir='ltr'>retulit</span> <span class='ocrx_word' id='word_1_387' title='bbox 4271 1142 4403 1205; x_wconf 88' lang='lat' dir='ltr'>fra-</span> 
     </span>
     <span class='ocr_line' id='line_1_57' title="bbox 2449 1225 4404 1309; baseline 0.002 -21"><span class='ocrx_word' id='word_1_388' title='bbox 2449 1225 2571 1288; x_wconf 86' lang='lat' dir='ltr'>tris</span> <span class='ocrx_word' id='word_1_389' title='bbox 2615 1227 2744 1290; x_wconf 90' lang='lat' dir='ltr'>mei</span> <span class='ocrx_word' id='word_1_390' title='bbox 2780 1228 3061 1303; x_wconf 75' lang='lat' dir='ltr'>socer,⁵)</span> <span class='ocrx_word' id='word_1_391' title='bbox 3106 1225 3258 1309; x_wconf 87' lang='lat' dir='ltr'>quia</span> <span class='ocrx_word' id='word_1_392' title='bbox 3292 1226 3463 1290; x_wconf 91' lang='lat' dir='ltr'>istuc</span> <span class='ocrx_word' id='word_1_393' title='bbox 3497 1248 3752 1309; x_wconf 87' lang='lat' dir='ltr'>quoque</span> <span class='ocrx_word' id='word_1_394' title='bbox 3787 1226 4040 1307; x_wconf 85' lang='lat' dir='ltr'>perlata</span> <span class='ocrx_word' id='word_1_395' title='bbox 4085 1247 4227 1291; x_wconf 88' lang='lat' dir='ltr'>esse</span> <span class='ocrx_word' id='word_1_396' title='bbox 4263 1247 4404 1292; x_wconf 90' lang='grc'><strong>010-</strong></span> 
     </span>
     <span class='ocr_line' id='line_1_58' title="bbox 2450 1309 4403 1395; baseline 0.002 -21"><span class='ocrx_word' id='word_1_397' title='bbox 2450 1309 2647 1376; x_wconf 88' lang='lat' dir='ltr'>dibile</span> <span class='ocrx_word' id='word_1_398' title='bbox 2692 1321 2811 1377; x_wconf 88' lang='lat' dir='ltr'>est.</span> <span class='ocrx_word' id='word_1_399' title='bbox 2901 1310 3076 1391; x_wconf 80' lang='lat' dir='ltr'>Quia</span> <span class='ocrx_word' id='word_1_400' title='bbox 3132 1324 3355 1376; x_wconf 88' lang='lat' dir='ltr'>tamen</span> <span class='ocrx_word' id='word_1_401' title='bbox 3410 1333 3543 1375; x_wconf 91' lang='lat' dir='ltr'>non</span> <span class='ocrx_word' id='word_1_402' title='bbox 3604 1322 3704 1376; x_wconf 89' lang='lat' dir='ltr'>est</span> <span class='ocrx_word' id='word_1_403' title='bbox 3746 1311 4111 1395; x_wconf 87' lang='lat' dir='ltr'>periculum</span> <span class='ocrx_word' id='word_1_404' title='bbox 4154 1333 4241 1376; x_wconf 92' lang='grc'>110</span> <span class='ocrx_word' id='word_1_405' title='bbox 4281 1311 4403 1377; x_wconf 89' lang='lat' dir='ltr'>tibi</span> 
     </span>
     <span class='ocr_line' id='line_1_59' title="bbox 2448 1396 4403 1481; baseline 0.001 -22"><span class='ocrx_word' id='word_1_406' title='bbox 2448 1396 2666 1461; x_wconf 86' lang='lat' dir='ltr'>taedio</span> <span class='ocrx_word' id='word_1_407' title='bbox 2733 1398 2822 1461; x_wconf 90' lang='lat' dir='ltr'>sit</span> <span class='ocrx_word' id='word_1_408' title='bbox 2900 1418 3048 1463; x_wconf 90' lang='lat' dir='ltr'>mea</span> <span class='ocrx_word' id='word_1_409' title='bbox 3123 1397 3513 1479; x_wconf 82' lang='lat' dir='ltr'>loquacitas,</span> <span class='ocrx_word' id='word_1_410' title='bbox 3595 1396 3808 1462; x_wconf 88' lang='lat' dir='ltr'>adhuc</span> <span class='ocrx_word' id='word_1_411' title='bbox 3891 1398 3998 1463; x_wconf 90' lang='lat' dir='ltr'>hic</span> <span class='ocrx_word' id='word_1_412' title='bbox 4063 1419 4403 1481; x_wconf 79' lang='lat' dir='ltr'>exponam.</span> 
     </span>
     <span class='ocr_line' id='line_1_60' title="bbox 2452 1480 4404 1567; baseline 0.002 -21"><span class='ocrx_word' id='word_1_413' title='bbox 2452 1480 2684 1562; x_wconf 82' lang='lat' dir='ltr'>Quum</span> <span class='ocrx_word' id='word_1_414' title='bbox 2731 1483 2897 1548; x_wconf 86' lang='lat' dir='ltr'>Meti</span> <span class='ocrx_word' id='word_1_415' title='bbox 2942 1490 3130 1559; x_wconf 88' lang='lat' dir='ltr'>esset,</span> <span class='ocrx_word' id='word_1_416' title='bbox 3178 1485 3416 1548; x_wconf 87' lang='lat' dir='ltr'>citatus</span> <span class='ocrx_word' id='word_1_417' title='bbox 3460 1492 3561 1547; x_wconf 85' lang='lat' dir='ltr'>est</span> <span class='ocrx_word' id='word_1_418' title='bbox 3603 1492 3869 1548; x_wconf 88' lang='lat' dir='ltr'>senatus</span> <span class='ocrx_word' id='word_1_419' title='bbox 3927 1504 4076 1549; x_wconf 90' lang='lat' dir='ltr'>cum</span> <span class='ocrx_word' id='word_1_420' title='bbox 4133 1483 4404 1567; x_wconf 84' lang='lat' dir='ltr'>collegio</span> 
     </span>
     <span class='ocr_line' id='line_1_61' title="bbox 2450 1568 4403 1651; baseline 0 -18"><span class='ocrx_word' id='word_1_421' title='bbox 2450 1570 2910 1633; x_wconf 89' lang='lat' dir='ltr'>canonicorum</span> <span class='ocrx_word' id='word_1_422' title='bbox 2970 1568 3049 1632; x_wconf 89' lang='lat' dir='ltr'>ad</span> <span class='ocrx_word' id='word_1_423' title='bbox 3124 1568 3514 1633; x_wconf 83' lang='lat' dir='ltr'>audiendam</span> <span class='ocrx_word' id='word_1_424' title='bbox 3572 1570 4075 1651; x_wconf 85' lang='lat' dir='ltr'>protestantium</span> <span class='ocrx_word' id='word_1_425' title='bbox 4140 1578 4403 1633; x_wconf 90' lang='lat' dir='ltr'>senten-</span> 
     </span>
     <span class='ocr_line' id='line_1_62' title="bbox 2452 1654 4405 1738; baseline 0.002 -22"><span class='ocrx_word' id='word_1_426' title='bbox 2452 1654 2632 1719; x_wconf 86' lang='lat' dir='ltr'>tiam.</span> <span class='ocrx_word' id='word_1_427' title='bbox 2722 1655 2883 1718; x_wconf 87' lang='lat' dir='ltr'>Dies</span> <span class='ocrx_word' id='word_1_428' title='bbox 2928 1654 3058 1719; x_wconf 88' lang='lat' dir='ltr'>illis</span> <span class='ocrx_word' id='word_1_429' title='bbox 3117 1654 3329 1719; x_wconf 90' lang='lat' dir='ltr'>dictus</span> <span class='ocrx_word' id='word_1_430' title='bbox 3386 1665 3486 1720; x_wconf 90' lang='lat' dir='ltr'>est</span> <span class='ocrx_word' id='word_1_431' title='bbox 3545 1654 3870 1719; x_wconf 88' lang='lat' dir='ltr'>sccundus</span> <span class='ocrx_word' id='word_1_432' title='bbox 3921 1663 4070 1737; x_wconf 88' lang='lat' dir='ltr'>post</span> <span class='ocrx_word' id='word_1_433' title='bbox 4126 1654 4405 1738; x_wconf 87' lang='lat' dir='ltr'>penthe-</span> 
     </span>
     <span class='ocr_line' id='line_1_63' title="bbox 2451 1739 4404 1824; baseline 0.001 -20"><span class='ocrx_word' id='word_1_434' title='bbox 2451 1739 2821 1822; x_wconf 83' lang='lat' dir='ltr'>costhen,⁶)</span> <span class='ocrx_word' id='word_1_435' title='bbox 2864 1760 2994 1822; x_wconf 91' lang='lat' dir='ltr'>quo</span> <span class='ocrx_word' id='word_1_436' title='bbox 3039 1741 3557 1824; x_wconf 83' lang='lat' dir='ltr'>Argentoratum</span> <span class='ocrx_word' id='word_1_437' title='bbox 3613 1742 4057 1805; x_wconf 86' lang='lat' dir='ltr'>convenirent.</span> <span class='ocrx_word' id='word_1_438' title='bbox 4161 1739 4404 1822; x_wconf 87' lang='lat' dir='ltr'>Capta-</span> 
     </span>
     <span class='ocr_line' id='line_1_64' title="bbox 2449 1825 4405 1909; baseline 0.001 -18"><span class='ocrx_word' id='word_1_439' title='bbox 2449 1825 2611 1891; x_wconf 87' lang='lat' dir='ltr'>bant</span> <span class='ocrx_word' id='word_1_440' title='bbox 2652 1825 3130 1909; x_wconf 84' lang='lat' dir='ltr'>subterfugium</span> <span class='ocrx_word' id='word_1_441' title='bbox 3176 1827 3468 1892; x_wconf 89' lang='lat' dir='ltr'>canonici</span> <span class='ocrx_word' id='word_1_442' title='bbox 3512 1826 3666 1909; x_wconf 87' lang='lat' dir='ltr'>quia</span> <span class='ocrx_word' id='word_1_443' title='bbox 3709 1835 3928 1892; x_wconf 89' lang='lat' dir='ltr'>essent</span> <span class='ocrx_word' id='word_1_444' title='bbox 3970 1846 4123 1909; x_wconf 87' lang='lat' dir='ltr'>pars</span> <span class='ocrx_word' id='word_1_445' title='bbox 4173 1826 4405 1892; x_wconf 87' lang='lat' dir='ltr'>civita-</span> 
     </span>
     <span class='ocr_line' id='line_1_65' title="bbox 2447 1911 4406 1994; baseline 0.001 -19"><span class='ocrx_word' id='word_1_446' title='bbox 2447 1911 2552 1989; x_wconf 85' lang='lat' dir='ltr'>tis,</span> <span class='ocrx_word' id='word_1_447' title='bbox 2599 1912 2710 1976; x_wconf 89' lang='lat' dir='ltr'>sed</span> <span class='ocrx_word' id='word_1_448' title='bbox 2757 1913 2910 1993; x_wconf 87' lang='lat' dir='ltr'>quia.</span> <span class='ocrx_word' id='word_1_449' title='bbox 2964 1912 3348 1976; x_wconf 87' lang='lat' dir='ltr'>nominatim</span> <span class='ocrx_word' id='word_1_450' title='bbox 3406 1933 3475 1976; x_wconf 91' lang='lat' dir='ltr'>se</span> <span class='ocrx_word' id='word_1_451' title='bbox 3531 1912 4024 1977; x_wconf 86' lang='lat' dir='ltr'>obstrinxerant</span> <span class='ocrx_word' id='word_1_452' title='bbox 4076 1912 4203 1994; x_wconf 92' lang='lat' dir='ltr'>ipsi</span> <span class='ocrx_word' id='word_1_453' title='bbox 4245 1932 4406 1993; x_wconf 89' lang='lat' dir='ltr'>quo-</span> 
     </span>
     <span class='ocr_line' id='line_1_66' title="bbox 2443 1996 4407 2081; baseline 0.002 -20"><span class='ocrx_word' id='word_1_454' title='bbox 2443 2018 2600 2079; x_wconf 92' lang='lat' dir='ltr'>que,</span> <span class='ocrx_word' id='word_1_455' title='bbox 2647 2006 2916 2063; x_wconf 89' lang='lat' dir='ltr'>senatus</span> <span class='ocrx_word' id='word_1_456' title='bbox 2964 2017 3191 2062; x_wconf 90' lang='lat' dir='ltr'>eorum</span> <span class='ocrx_word' id='word_1_457' title='bbox 3240 2018 3506 2062; x_wconf 87' lang='lat' dir='ltr'>causam</span> <span class='ocrx_word' id='word_1_458' title='bbox 3549 1998 3878 2081; x_wconf 87' lang='lat' dir='ltr'>suscipere</span> <span class='ocrx_word' id='word_1_459' title='bbox 3920 1997 4149 2063; x_wconf 91' lang='lat' dir='ltr'>noluit.</span> <span class='ocrx_word' id='word_1_460' title='bbox 4217 1996 4407 2078; x_wconf 78' lang='lat' dir='ltr'>Quae</span> 
     </span>
     <span class='ocr_line' id='line_1_67' title="bbox 2447 2080 4405 2167; baseline -0.001 -20"><span class='ocrx_word' id='word_1_461' title='bbox 2447 2094 2669 2147; x_wconf 85' lang='lat' dir='ltr'>autem</span> <span class='ocrx_word' id='word_1_462' title='bbox 2713 2103 2798 2147; x_wconf 85' lang='lat' dir='ltr'>ex</span> <span class='ocrx_word' id='word_1_463' title='bbox 2846 2080 3061 2148; x_wconf 79' lang='lat' dir='ltr'>Caroli</span> <span class='ocrx_word' id='word_1_464' title='bbox 3104 2082 3524 2159; x_wconf 83' lang='lat' dir='ltr'>concionibus</span> <span class='ocrx_word' id='word_1_465' title='bbox 3566 2092 3842 2165; x_wconf 83' lang='lat' dir='ltr'>excepta</span> <span class='ocrx_word' id='word_1_466' title='bbox 3883 2084 4144 2148; x_wconf 85' lang='lat' dir='ltr'>fuerant</span> <span class='ocrx_word' id='word_1_467' title='bbox 4186 2084 4405 2167; x_wconf 88' lang='lat' dir='ltr'>obsig-</span> 
     </span>
     <span class='ocr_line' id='line_1_68' title="bbox 2449 2167 4405 2253; baseline 0 -20"><span class='ocrx_word' id='word_1_468' title='bbox 2449 2179 2607 2234; x_wconf 85' lang='lat' dir='ltr'>nata</span> <span class='ocrx_word' id='word_1_469' title='bbox 2672 2190 2712 2234; x_wconf 89' lang='lat' dir='ltr'>a</span> <span class='ocrx_word' id='word_1_470' title='bbox 2791 2167 3017 2234; x_wconf 90' lang='lat' dir='ltr'>decem</span> <span class='ocrx_word' id='word_1_471' title='bbox 3094 2168 3371 2234; x_wconf 87' lang='lat' dir='ltr'>testibus</span> <span class='ocrx_word' id='word_1_472' title='bbox 3449 2169 3818 2251; x_wconf 86' lang='lat' dir='ltr'>perferebat</span> <span class='ocrx_word' id='word_1_473' title='bbox 3885 2170 4405 2253; x_wconf 82' lang='lat' dir='ltr'>Argentoratum</span> 
     </span>
     <span class='ocr_line' id='line_1_69' title="bbox 2446 2253 4405 2338; baseline 0 -18"><span class='ocrx_word' id='word_1_474' title='bbox 2446 2254 2674 2320; x_wconf 88' lang='lat' dir='ltr'>consul</span> <span class='ocrx_word' id='word_1_475' title='bbox 2731 2254 2886 2319; x_wconf 91' lang='lat' dir='ltr'>anni</span> <span class='ocrx_word' id='word_1_476' title='bbox 2945 2254 3408 2337; x_wconf 85' lang='lat' dir='ltr'>superioris,⁷)</span> <span class='ocrx_word' id='word_1_477' title='bbox 3476 2275 3673 2338; x_wconf 89' lang='lat' dir='ltr'>quem</span> <span class='ocrx_word' id='word_1_478' title='bbox 3736 2253 4216 2320; x_wconf 75' lang='lat' dir='ltr'>comitabantur</span> <span class='ocrx_word' id='word_1_479' title='bbox 4267 2256 4405 2320; x_wconf 86' lang='lat' dir='ltr'>sere</span> 
     </span>
     <span class='ocr_line' id='line_1_70' title="bbox 2447 2340 4401 2424; baseline 0.001 -19"><span class='ocrx_word' id='word_1_480' title='bbox 2447 2340 2782 2424; x_wconf 85' lang='lat' dir='ltr'>octoginta</span> <span class='ocrx_word' id='word_1_481' title='bbox 2839 2342 3030 2405; x_wconf 87' lang='lat' dir='ltr'>cives.</span> <span class='ocrx_word' id='word_1_482' title='bbox 3120 2340 3226 2404; x_wconf 89' lang='lat' dir='ltr'>De</span> <span class='ocrx_word' id='word_1_483' title='bbox 3285 2348 3458 2404; x_wconf 87' lang='lat' dir='ltr'>statu</span> <span class='ocrx_word' id='word_1_484' title='bbox 3519 2340 3700 2405; x_wconf 90' lang='lat' dir='ltr'>urbis</span> <span class='ocrx_word' id='word_1_485' title='bbox 3756 2342 4006 2423; x_wconf 85' lang='lat' dir='ltr'>optima</span> <span class='ocrx_word' id='word_1_486' title='bbox 4048 2361 4197 2423; x_wconf 89' lang='lat' dir='ltr'>spes</span> <span class='ocrx_word' id='word_1_487' title='bbox 4241 2348 4401 2406; x_wconf 87' lang='lat' dir='ltr'>erat.</span> 
     </span>
     <span class='ocr_line' id='line_1_71' title="bbox 2445 2424 4405 2502; baseline -0.001 -10"><span class='ocrx_word' id='word_1_488' title='bbox 2445 2428 2551 2492; x_wconf 91' lang='lat' dir='ltr'>De</span> <span class='ocrx_word' id='word_1_489' title='bbox 2597 2426 2832 2492; x_wconf 86' lang='lat' dir='ltr'>comite</span> <span class='ocrx_word' id='word_1_490' title='bbox 2881 2425 3292 2502; x_wconf 70' lang='lat' dir='ltr'>Guillelmoss)</span> <span class='ocrx_word' id='word_1_491' title='bbox 3348 2425 3711 2491; x_wconf 86' lang='lat' dir='ltr'>verendum</span> <span class='ocrx_word' id='word_1_492' title='bbox 3770 2448 3855 2491; x_wconf 90' lang='lat' dir='ltr'>ne</span> <span class='ocrx_word' id='word_1_493' title='bbox 3915 2426 4094 2490; x_wconf 84' lang='lat' dir='ltr'>ultra</span> <span class='ocrx_word' id='word_1_494' title='bbox 4134 2424 4405 2491; x_wconf 88' lang='lat' dir='ltr'>modum</span> 
     </span>
     <span class='ocr_line' id='line_1_72' title="bbox 2448 2509 4405 2596; baseline 0 -20"><span class='ocrx_word' id='word_1_495' title='bbox 2448 2511 2925 2596; x_wconf 84' lang='lat' dir='ltr'>progrediendo</span> <span class='ocrx_word' id='word_1_496' title='bbox 2982 2532 3052 2576; x_wconf 90' lang='lat' dir='ltr'>se</span> <span class='ocrx_word' id='word_1_497' title='bbox 3111 2512 3654 2594; x_wconf 84' lang='lat' dir='ltr'>praecipitaverit.</span> <span class='ocrx_word' id='word_1_498' title='bbox 3760 2509 4102 2594; x_wconf 81' lang='lat' dir='ltr'>Siquidem</span> <span class='ocrx_word' id='word_1_499' title='bbox 4155 2510 4405 2576; x_wconf 88' lang='lat' dir='ltr'>bellum</span> 
     </span>
     <span class='ocr_line' id='line_1_73' title="bbox 2444 2596 4405 2680; baseline -0.001 -19"><span class='ocrx_word' id='word_1_500' title='bbox 2444 2598 2690 2663; x_wconf 82' lang='lat' dir='ltr'>indixit</span> <span class='ocrx_word' id='word_1_501' title='bbox 2714 2597 3110 2680; x_wconf 74' lang='lat' dir='ltr'>Lotharinqo,</span> <span class='ocrx_word' id='word_1_502' title='bbox 3154 2617 3353 2679; x_wconf 90' lang='lat' dir='ltr'>quum</span> <span class='ocrx_word' id='word_1_503' title='bbox 3394 2618 3607 2680; x_wconf 89' lang='lat' dir='ltr'>neque</span> <span class='ocrx_word' id='word_1_504' title='bbox 3643 2597 3801 2662; x_wconf 87' lang='lat' dir='ltr'>satis</span> <span class='ocrx_word' id='word_1_505' title='bbox 3843 2599 4087 2661; x_wconf 85' lang='lat' dir='ltr'>iustam</span> <span class='ocrx_word' id='word_1_506' title='bbox 4130 2596 4405 2661; x_wconf 85' lang='lat' dir='ltr'>haberet</span> 
     </span>
     <span class='ocr_line' id='line_1_74' title="bbox 2446 2682 4406 2769; baseline -0.003 -19"><span class='ocrx_word' id='word_1_507' title='bbox 2446 2703 2712 2750; x_wconf 84' lang='grc'><strong>03113313</strong></span> <span class='ocrx_word' id='word_1_508' title='bbox 2755 2692 2823 2749; x_wconf 87' lang='lat' dir='ltr'>et</span> <span class='ocrx_word' id='word_1_509' title='bbox 2864 2682 3117 2748; x_wconf 83' lang='lat' dir='ltr'>viribus</span> <span class='ocrx_word' id='word_1_510' title='bbox 3158 2682 3353 2769; x_wconf 84' lang='lat' dir='ltr'>longe</span> <span class='ocrx_word' id='word_1_511' title='bbox 3395 2683 3612 2766; x_wconf 87' lang='lat' dir='ltr'>impar</span> <span class='ocrx_word' id='word_1_512' title='bbox 3655 2684 3839 2748; x_wconf 83' lang='lat' dir='ltr'>foret.</span> <span class='ocrx_word' id='word_1_513' title='bbox 3928 2683 4123 2748; x_wconf 88' lang='lat' dir='ltr'>Nunc</span> <span class='ocrx_word' id='word_1_514' title='bbox 4164 2683 4406 2747; x_wconf 83' lang='lat' dir='ltr'>rescire</span> 
     </span>
     <span class='ocr_line' id='line_1_75' title="bbox 2447 2766 4404 2853; baseline -0.002 -18"><span class='ocrx_word' id='word_1_515' title='bbox 2447 2771 2636 2853; x_wconf 91' lang='lat' dir='ltr'>cupio</span> <span class='ocrx_word' id='word_1_516' title='bbox 2681 2766 2839 2853; x_wconf 90' lang='lat' dir='ltr'>quid</span> <span class='ocrx_word' id='word_1_517' title='bbox 2882 2778 3101 2834; x_wconf 88' lang='lat' dir='ltr'>actum</span> <span class='ocrx_word' id='word_1_518' title='bbox 3147 2770 3252 2835; x_wconf 89' lang='lat' dir='ltr'>sit.</span> <span class='ocrx_word' id='word_1_519' title='bbox 3319 2768 3508 2834; x_wconf 89' lang='lat' dir='ltr'>Vale.</span> <span class='ocrx_word' id='word_1_520' title='bbox 3574 2769 3902 2834; x_wconf 90' lang='lat' dir='ltr'>Dominus</span> <span class='ocrx_word' id='word_1_521' title='bbox 3944 2777 4010 2833; x_wconf 91' lang='grc'>10</span> <span class='ocrx_word' id='word_1_522' title='bbox 4053 2769 4404 2833; x_wconf 86' lang='lat' dir='ltr'>familiam-</span> 
     </span>
    </p>
   </div>
   <div class='ocr_carea' id='block_1_15' title="bbox 2446 2852 4520 2950">
    <p class='ocr_par' dir='ltr' id='par_1_17' title="bbox 2446 2852 4520 2950">
     <span class='ocr_line' id='line_1_76' title="bbox 2446 2852 4520 2950; baseline 0 -31"><span class='ocrx_word' id='word_1_523' title='bbox 2446 2875 2573 2938; x_wconf 89' lang='lat' dir='ltr'>que</span> <span class='ocrx_word' id='word_1_524' title='bbox 2628 2863 2814 2921; x_wconf 88' lang='lat' dir='ltr'>tuam</span> <span class='ocrx_word' id='word_1_525' title='bbox 2871 2864 2940 2919; x_wconf 90' lang='lat' dir='ltr'>et</span> <span class='ocrx_word' id='word_1_526' title='bbox 2992 2856 3231 2921; x_wconf 88' lang='lat' dir='ltr'>fratres</span> <span class='ocrx_word' id='word_1_527' title='bbox 3288 2875 3515 2920; x_wconf 89' lang='lat' dir='ltr'>omnes</span> <span class='ocrx_word' id='word_1_528' title='bbox 3573 2862 3949 2933; x_wconf 84' lang='lat' dir='ltr'>conservet,</span> <span class='ocrx_word' id='word_1_529' title='bbox 4009 2875 4170 2938; x_wconf 92' lang='lat' dir='ltr'>ques</span> <span class='ocrx_word' id='word_1_530' title='bbox 4226 2852 4403 2919; x_wconf 86' lang='lat' dir='ltr'>salu-</span> <span class='ocrx_word' id='word_1_531' title='bbox 4516 2945 4520 2950; x_wconf 88' lang='lat'>.</span> 
     </span>
    </p>
   </div>
   <div class='ocr_carea' id='block_1_16' title="bbox 2445 2940 2713 3026">
    <p class='ocr_par' dir='ltr' id='par_1_18' title="bbox 2445 2940 2713 3026">
     <span class='ocr_line' id='line_1_77' title="bbox 2445 2940 2713 3026; baseline 0.004 -21"><span class='ocrx_word' id='word_1_532' title='bbox 2445 2940 2633 3007; x_wconf 72' lang='lat' dir='ltr'>tabis.</span> <span class='ocrx_word' id='word_1_533' title='bbox 2657 2940 2713 3026; x_wconf 65' lang='grc' dir='ltr'>ο)</span> 
     </span>
    </p>
   </div>
   <div class='ocr_carea' id='block_1_17' title="bbox 2445 3097 2857 3106">
    <p class='ocr_par' dir='ltr' id='par_1_19' title="bbox 2445 3097 2857 3106">
     <span class='ocr_line' id='line_1_78' title="bbox 2445 3097 2857 3106; baseline 0 0"><span class='ocrx_word' id='word_1_534' title='bbox 2445 3097 2857 3106; x_wconf 95' lang='lat' dir='ltr'> </span> 
     </span>
    </p>
   </div>
   <div class='ocr_carea' id='block_1_18' title="bbox 2442 3190 4406 3868">
    <p class='ocr_par' dir='ltr' id='par_1_20' title="bbox 2442 3190 4406 3868">
     <span class='ocr_line' id='line_1_79' title="bbox 2651 3190 4403 3266; baseline -0.002 -17"><span class='ocrx_word' id='word_1_535' title='bbox 2651 3193 2713 3262; x_wconf 81' lang='lat'>4)</span> <span class='ocrx_word' id='word_1_536' title='bbox 2763 3193 2901 3251; x_wconf 71' lang='lat' dir='ltr'>Vide</span> <span class='ocrx_word' id='word_1_537' title='bbox 2931 3211 3012 3264; x_wconf 81' lang='lat' dir='ltr'>ep.</span> <span class='ocrx_word' id='word_1_538' title='bbox 3058 3194 3296 3250; x_wconf 67' lang='lat' dir='ltr'>Tosaeme&#39;</span> <span class='ocrx_word' id='word_1_539' title='bbox 3339 3195 3418 3253; x_wconf 79' lang='lat' dir='ltr'>N.</span> <span class='ocrx_word' id='word_1_540' title='bbox 3460 3193 3582 3266; x_wconf 77' lang='lat'>457,</span> <span class='ocrx_word' id='word_1_541' title='bbox 3620 3193 3961 3259; x_wconf 76' lang='lat' dir='ltr'>Seckendorf</span> <span class='ocrx_word' id='word_1_542' title='bbox 4001 3192 4125 3248; x_wconf 85' lang='grc' dir='ltr'>ΙΙΙ.</span> <span class='ocrx_word' id='word_1_543' title='bbox 4179 3209 4239 3263; x_wconf 77' lang='lat' dir='ltr'>p.</span> <span class='ocrx_word' id='word_1_544' title='bbox 4266 3190 4403 3248; x_wconf 70' lang='lat'>4002</span> 
     </span>
     <span class='ocr_line' id='line_1_80' title="bbox 2446 3261 4402 3333; baseline -0.001 -15"><span class='ocrx_word' id='word_1_545' title='bbox 2446 3265 2638 3333; x_wconf 79' lang='lat' dir='ltr'>Questi</span> <span class='ocrx_word' id='word_1_546' title='bbox 2675 3269 2804 3319; x_wconf 85' lang='lat' dir='ltr'>sunt</span> <span class='ocrx_word' id='word_1_547' title='bbox 2837 3264 2895 3317; x_wconf 89' lang='lat' dir='ltr'>in</span> <span class='ocrx_word' id='word_1_548' title='bbox 2930 3272 3201 3318; x_wconf 81' lang='lat' dir='ltr'>conventu</span> <span class='ocrx_word' id='word_1_549' title='bbox 3236 3265 3591 3319; x_wconf 83' lang='lat' dir='ltr'>Smalcaldieo</span> <span class='ocrx_word' id='word_1_550' title='bbox 3625 3265 3875 3318; x_wconf 80' lang='lat' dir='ltr'>scabinus</span> <span class='ocrx_word' id='word_1_551' title='bbox 3894 3263 4087 3333; x_wconf 82' lang='lat' dir='ltr'>Huyns</span> <span class='ocrx_word' id='word_1_552' title='bbox 4123 3267 4181 3315; x_wconf 90' lang='lat' dir='ltr'>et</span> <span class='ocrx_word' id='word_1_553' title='bbox 4213 3262 4280 3315; x_wconf 92' lang='lat' dir='ltr'>D.</span> <span class='ocrx_word' id='word_1_554' title='bbox 4315 3261 4402 3316; x_wconf 91' lang='lat' dir='ltr'>Io·</span> 
     </span>
     <span class='ocr_line' id='line_1_81' title="bbox 2445 3331 4402 3404; baseline -0.001 -18"><span class='ocrx_word' id='word_1_555' title='bbox 2445 3335 2653 3388; x_wconf 86' lang='grc'><strong>11311303</strong></span> <span class='ocrx_word' id='word_1_556' title='bbox 2678 3331 3108 3402; x_wconf 79' lang='lat' dir='ltr'>[Niedbrucker]</span> <span class='ocrx_word' id='word_1_557' title='bbox 3145 3335 3310 3404; x_wconf 80' lang='lat' dir='ltr'>legati</span> <span class='ocrx_word' id='word_1_558' title='bbox 3334 3335 3675 3398; x_wconf 81' lang='lat' dir='ltr'>Metensimn,</span> <span class='ocrx_word' id='word_1_559' title='bbox 3714 3335 4009 3386; x_wconf 77' lang='lat' dir='ltr'>referentes</span> <span class='ocrx_word' id='word_1_560' title='bbox 4048 3331 4193 3400; x_wconf 86' lang='lat' dir='ltr'>quod</span> <span class='ocrx_word' id='word_1_561' title='bbox 4226 3346 4402 3384; x_wconf 81' lang='lat' dir='ltr'>sacer·</span> 
     </span>
     <span class='ocr_line' id='line_1_82' title="bbox 2444 3401 4404 3456; baseline -0.003 0"><span class='ocrx_word' id='word_1_562' title='bbox 2444 3403 2630 3456; x_wconf 88' lang='lat' dir='ltr'>dotem</span> <span class='ocrx_word' id='word_1_563' title='bbox 2707 3401 2938 3455; x_wconf 88' lang='lat' dir='ltr'>uendam</span> <span class='ocrx_word' id='word_1_564' title='bbox 2974 3401 3187 3455; x_wconf 86' lang='lat' dir='ltr'>Gallum</span> <span class='ocrx_word' id='word_1_565' title='bbox 3224 3421 3257 3456; x_wconf 97' lang='grc'>3</span> <span class='ocrx_word' id='word_1_566' title='bbox 3292 3404 3426 3456; x_wconf 89' lang='grc'><strong>(1300</strong></span> <span class='ocrx_word' id='word_1_567' title='bbox 3461 3403 3754 3456; x_wconf 82' lang='lat' dir='ltr'>Aureliano</span> <span class='ocrx_word' id='word_1_568' title='bbox 3792 3419 3849 3454; x_wconf 83' lang='lat' dir='ltr'>re</span> <span class='ocrx_word' id='word_1_569' title='bbox 3891 3403 3936 3454; x_wconf 89' lang='lat' dir='ltr'>is</span> <span class='ocrx_word' id='word_1_570' title='bbox 3971 3402 4142 3453; x_wconf 78' lang='lat' dir='ltr'>fratre</span> <span class='ocrx_word' id='word_1_571' title='bbox 4177 3401 4404 3452; x_wconf 84' lang='lat' dir='ltr'>missum</span> 
     </span>
     <span class='ocr_line' id='line_1_83' title="bbox 2443 3469 4403 3541; baseline -0.003 -16"><span class='ocrx_word' id='word_1_572' title='bbox 2443 3472 2500 3525; x_wconf 90' lang='grc'>111</span> <span class='ocrx_word' id='word_1_573' title='bbox 2521 3472 2660 3524; x_wconf 88' lang='lat' dir='ltr'>urbe</span> <span class='ocrx_word' id='word_1_574' title='bbox 2720 3472 2949 3524; x_wconf 85' lang='lat' dir='ltr'>aberent</span> <span class='ocrx_word' id='word_1_575' title='bbox 2966 3471 3034 3524; x_wconf 91' lang='lat' dir='ltr'>de</span> <span class='ocrx_word' id='word_1_576' title='bbox 3059 3472 3271 3541; x_wconf 89' lang='lat' dir='ltr'>pulpito</span> <span class='ocrx_word' id='word_1_577' title='bbox 3289 3471 3624 3525; x_wconf 87' lang='lat' dir='ltr'>atrocissime</span> <span class='ocrx_word' id='word_1_578' title='bbox 3646 3487 3850 3539; x_wconf 79' lang='lat' dir='ltr'>evange</span> <span class='ocrx_word' id='word_1_579' title='bbox 3876 3471 3982 3522; x_wconf 87' lang='lat' dir='ltr'>ium</span> <span class='ocrx_word' id='word_1_580' title='bbox 4009 3469 4403 3535; x_wconf 85' lang='lat' dir='ltr'>criminantem,</span> 
     </span>
     <span class='ocr_line' id='line_1_84' title="bbox 2443 3539 4406 3610; baseline -0.002 -17"><span class='ocrx_word' id='word_1_581' title='bbox 2443 3540 2643 3593; x_wconf 89' lang='lat' dir='ltr'>deinde</span> <span class='ocrx_word' id='word_1_582' title='bbox 2680 3540 2825 3607; x_wconf 86' lang='lat' dir='ltr'>quod</span> <span class='ocrx_word' id='word_1_583' title='bbox 2861 3540 3183 3593; x_wconf 78' lang='lat' dir='ltr'>connivente</span> <span class='ocrx_word' id='word_1_584' title='bbox 3220 3543 3540 3610; x_wconf 79' lang='lat' dir='ltr'>magistratu</span> <span class='ocrx_word' id='word_1_585' title='bbox 3577 3541 3734 3610; x_wconf 86' lang='lat' dir='ltr'>plebs</span> <span class='ocrx_word' id='word_1_586' title='bbox 3767 3539 3952 3593; x_wconf 81' lang='lat' dir='ltr'>infima</span> <span class='ocrx_word' id='word_1_587' title='bbox 3969 3539 4406 3592; x_wconf 81' lang='lat' dir='ltr'>concionatorem</span> 
     </span>
     <span class='ocr_line' id='line_1_85' title="bbox 2444 3605 4405 3679; baseline -0.002 -16"><span class='ocrx_word' id='word_1_588' title='bbox 2444 3608 2813 3679; x_wconf 81' lang='lat' dir='ltr'>evangelicum</span> <span class='ocrx_word' id='word_1_589' title='bbox 2849 3609 2905 3661; x_wconf 91' lang='grc'>13</span> <span class='ocrx_word' id='word_1_590' title='bbox 2941 3609 3123 3678; x_wconf 80' lang='lat' dir='ltr'>platea</span> <span class='ocrx_word' id='word_1_591' title='bbox 3157 3616 3376 3663; x_wconf 82' lang='lat' dir='ltr'>euntem</span> <span class='ocrx_word' id='word_1_592' title='bbox 3410 3610 3577 3663; x_wconf 79' lang='lat' dir='ltr'>variis</span> <span class='ocrx_word' id='word_1_593' title='bbox 3611 3609 3952 3663; x_wconf 85' lang='lat' dir='ltr'>contumeliis</span> <span class='ocrx_word' id='word_1_594' title='bbox 3997 3607 4262 3673; x_wconf 82' lang='lat' dir='ltr'>afficeret,</span> <span class='ocrx_word' id='word_1_595' title='bbox 4310 3605 4405 3659; x_wconf 85' lang='lat' dir='ltr'>de·</span> 
     </span>
     <span class='ocr_line' id='line_1_86' title="bbox 2442 3674 4405 3733; baseline -0.002 -2"><span class='ocrx_word' id='word_1_596' title='bbox 2442 3678 2496 3731; x_wconf 86' lang='lat' dir='ltr'>ni</span> <span class='ocrx_word' id='word_1_597' title='bbox 2543 3695 2610 3731; x_wconf 88' lang='lat' dir='ltr'>ue</span> <span class='ocrx_word' id='word_1_598' title='bbox 2662 3678 2829 3730; x_wconf 84' lang='lat' dir='ltr'>ctiam</span> <span class='ocrx_word' id='word_1_599' title='bbox 2872 3678 3017 3731; x_wconf 84' lang='lat' dir='ltr'>ferre</span> <span class='ocrx_word' id='word_1_600' title='bbox 3069 3677 3282 3733; x_wconf 87' lang='lat' dir='ltr'>nollent</span> <span class='ocrx_word' id='word_1_601' title='bbox 3332 3683 3396 3732; x_wconf 82' lang='lat' dir='ltr'>ut</span> <span class='ocrx_word' id='word_1_602' title='bbox 3440 3678 3633 3732; x_wconf 86' lang='lat' dir='ltr'>diebus</span> <span class='ocrx_word' id='word_1_603' title='bbox 3690 3694 3801 3732; x_wconf 90' lang='lat' dir='ltr'>non</span> <span class='ocrx_word' id='word_1_604' title='bbox 3856 3676 4068 3732; x_wconf 79' lang='lat' dir='ltr'>feriatis</span> <span class='ocrx_word' id='word_1_605' title='bbox 4118 3674 4405 3732; x_wconf 79' lang='lat' dir='ltr'>conciones</span> 
     </span>
     <span class='ocr_line' id='line_1_87' title="bbox 2443 3746 3218 3868; baseline 0 -68"><span class='ocrx_word' id='word_1_606' title='bbox 2443 3747 2513 3800; x_wconf 87' lang='grc'>113</span> <span class='ocrx_word' id='word_1_607' title='bbox 2555 3751 2966 3868; x_wconf 46' lang='grc' dir='ltr'><strong>01οἒ1111ῂο0011.</strong></span> <span class='ocrx_word' id='word_1_608' title='bbox 3213 3746 3218 3751; x_wconf 79' lang='grc'><strong>’</strong></span> 
     </span>
    </p>
   </div>
   <div class='ocr_carea' id='block_1_19' title="bbox 2445 3881 4413 4843">
    <p class='ocr_par' dir='ltr' id='par_1_21' title="bbox 2651 3881 3035 3946">
     <span class='ocr_line' id='line_1_88' title="bbox 2651 3881 3035 3946; baseline 0.005 -11"><span class='ocrx_word' id='word_1_609' title='bbox 2651 3881 2708 3946; x_wconf 88' lang='grc'>6)</span> <span class='ocrx_word' id='word_1_610' title='bbox 2747 3883 2829 3936; x_wconf 91' lang='grc'>15.</span> <span class='ocrx_word' id='word_1_611' title='bbox 2870 3883 3035 3937; x_wconf 75' lang='lat' dir='ltr'>Maii.</span> 
     </span>
    </p>

    <p class='ocr_par' dir='ltr' id='par_1_22' title="bbox 2652 3950 3252 4022">
     <span class='ocr_line' id='line_1_89' title="bbox 2652 3950 3252 4022; baseline -0.002 -17"><span class='ocrx_word' id='word_1_612' title='bbox 2652 3950 2706 4019; x_wconf 78' lang='grc'>7)</span> <span class='ocrx_word' id='word_1_613' title='bbox 2748 3951 2966 4019; x_wconf 74' lang='lat' dir='ltr'>Gaspar</span> <span class='ocrx_word' id='word_1_614' title='bbox 3000 3952 3067 4005; x_wconf 83' lang='lat' dir='ltr'>de</span> <span class='ocrx_word' id='word_1_615' title='bbox 3100 3950 3252 4022; x_wconf 77' lang='lat' dir='ltr'>Huy.</span> 
     </span>
    </p>

    <p class='ocr_par' dir='ltr' id='par_1_23' title="bbox 2445 4013 4413 4431">
     <span class='ocr_line' id='line_1_90' title="bbox 2651 4013 4413 4089; baseline -0.001 -15"><span class='ocrx_word' id='word_1_616' title='bbox 2651 4019 2712 4087; x_wconf 86' lang='grc'>8)</span> <span class='ocrx_word' id='word_1_617' title='bbox 2755 4019 3216 4089; x_wconf 69' lang='lat' dir='ltr'>Fursoenberqiue</span> <span class='ocrx_word' id='word_1_618' title='bbox 3267 4018 3687 4087; x_wconf 72' lang='lat' dir='ltr'>protestantium</span> <span class='ocrx_word' id='word_1_619' title='bbox 3748 4016 3988 4086; x_wconf 74' lang='lat' dir='ltr'>foederis</span> <span class='ocrx_word' id='word_1_620' title='bbox 4058 4013 4413 4072; x_wconf 70' lang='lat' dir='ltr'>Smalealdae&#39;ct&#39;</span> 
     </span>
     <span class='ocr_line' id='line_1_91' title="bbox 2447 4084 4407 4157; baseline -0.002 -14"><span class='ocrx_word' id='word_1_621' title='bbox 2447 4088 2720 4144; x_wconf 78' lang='lat' dir='ltr'>sociorum</span> <span class='ocrx_word' id='word_1_622' title='bbox 2764 4089 3033 4143; x_wconf 69' lang='lat' dir='ltr'>auoet‘lium</span> <span class='ocrx_word' id='word_1_623' title='bbox 3079 4094 3459 4157; x_wconf 47' lang='lat' dir='ltr'>tnvocaverass</span> <span class='ocrx_word' id='word_1_624' title='bbox 3502 4090 3641 4141; x_wconf 75' lang='lat' dir='ltr'>sicut</span> <span class='ocrx_word' id='word_1_625' title='bbox 3692 4093 3741 4142; x_wconf 84' lang='lat' dir='ltr'>et</span> <span class='ocrx_word' id='word_1_626' title='bbox 3787 4088 3902 4154; x_wconf 71' lang='lat' dir='ltr'>ipsi</span> <span class='ocrx_word' id='word_1_627' title='bbox 3946 4088 4243 4155; x_wconf 71' lang='lat' dir='ltr'>evanqelici</span> <span class='ocrx_word' id='word_1_628' title='bbox 4290 4084 4407 4139; x_wconf 77' lang='lat' dir='ltr'>Me·</span> 
     </span>
     <span class='ocr_line' id='line_1_92' title="bbox 2445 4156 4408 4227; baseline -0.004 -14"><span class='ocrx_word' id='word_1_629' title='bbox 2445 4164 2621 4213; x_wconf 77' lang='lat' dir='ltr'>tenses</span> <span class='ocrx_word' id='word_1_630' title='bbox 2650 4158 2901 4224; x_wconf 79' lang='lat' dir='ltr'>fecerunt</span> <span class='ocrx_word' id='word_1_631' title='bbox 2934 4158 3002 4212; x_wconf 82' lang='lat' dir='ltr'>de</span> <span class='ocrx_word' id='word_1_632' title='bbox 3028 4159 3448 4227; x_wconf 76' lang='lat' dir='ltr'>persequutione</span> <span class='ocrx_word' id='word_1_633' title='bbox 3476 4156 3689 4211; x_wconf 82' lang='lat' dir='ltr'>Gorsae</span> <span class='ocrx_word' id='word_1_634' title='bbox 3721 4163 3844 4210; x_wconf 84' lang='lat' dir='ltr'>orta</span> <span class='ocrx_word' id='word_1_635' title='bbox 3864 4156 3940 4215; x_wconf 76' lang='lat' dir='ltr'>,in</span> <span class='ocrx_word' id='word_1_636' title='bbox 3975 4156 4095 4222; x_wconf 76' lang='lat' dir='ltr'>ipso</span> <span class='ocrx_word' id='word_1_637' title='bbox 4127 4157 4265 4218; x_wconf 72' lang='lat' dir='ltr'>{esto</span> <span class='ocrx_word' id='word_1_638' title='bbox 4281 4168 4408 4221; x_wconf 79' lang='lat' dir='ltr'>pae-</span> 
     </span>
     <span class='ocr_line' id='line_1_93' title="bbox 2447 4223 4413 4296; baseline -0.003 -15"><span class='ocrx_word' id='word_1_639' title='bbox 2447 4226 2625 4281; x_wconf 74' lang='lat' dir='ltr'>chatie</span> <span class='ocrx_word' id='word_1_640' title='bbox 2671 4232 2967 4296; x_wconf 71' lang='lat' dir='ltr'>querentes.</span> <span class='ocrx_word' id='word_1_641' title='bbox 3048 4226 3140 4280; x_wconf 87' lang='lat' dir='ltr'>De</span> <span class='ocrx_word' id='word_1_642' title='bbox 3195 4229 3299 4281; x_wconf 80' lang='lat' dir='ltr'>hoc</span> <span class='ocrx_word' id='word_1_643' title='bbox 3343 4226 3689 4295; x_wconf 75' lang='lat' dir='ltr'>querimonia</span> <span class='ocrx_word' id='word_1_644' title='bbox 3737 4228 3954 4279; x_wconf 70' lang='lat' dir='ltr'>nmine</span> <span class='ocrx_word' id='word_1_645' title='bbox 4004 4223 4413 4289; x_wconf 73' lang='lat' dir='ltr'>foederatorum</span> 
     </span>
     <span class='ocr_line' id='line_1_94' title="bbox 2453 4292 4411 4363; baseline -0.002 -14"><span class='ocrx_word' id='word_1_646' title='bbox 2453 4294 2689 4349; x_wconf 80' lang='lat' dir='ltr'>Senatus</span> <span class='ocrx_word' id='word_1_647' title='bbox 2722 4294 3206 4363; x_wconf 71' lang='lat' dir='ltr'>Arqentoratensis</span> <span class='ocrx_word' id='word_1_648' title='bbox 3249 4297 3415 4348; x_wconf 77' lang='lat' dir='ltr'>nonis</span> <span class='ocrx_word' id='word_1_649' title='bbox 3448 4295 3739 4362; x_wconf 73' lang='lat' dir='ltr'>Aprilibus</span> <span class='ocrx_word' id='word_1_650' title='bbox 3784 4294 3860 4347; x_wconf 84' lang='lat' dir='ltr'>ad</span> <span class='ocrx_word' id='word_1_651' title='bbox 3896 4292 4190 4346; x_wconf 77' lang='lat' dir='ltr'>Metensem</span> <span class='ocrx_word' id='word_1_652' title='bbox 4237 4293 4411 4360; x_wconf 75' lang='lat' dir='ltr'>serip-</span> 
     </span>
     <span class='ocr_line' id='line_1_95' title="bbox 2449 4361 3533 4431; baseline -0.004 -12"><span class='ocrx_word' id='word_1_653' title='bbox 2449 4371 2597 4419; x_wconf 80' lang='lat' dir='ltr'>serat</span> <span class='ocrx_word' id='word_1_654' title='bbox 2633 4363 2739 4427; x_wconf 84' lang='lat' dir='ltr'>(N.</span> <span class='ocrx_word' id='word_1_655' title='bbox 2775 4362 2905 4431; x_wconf 83' lang='lat'>460)</span> <span class='ocrx_word' id='word_1_656' title='bbox 2940 4363 3010 4431; x_wconf 76' lang='lat' dir='ltr'>cf.</span> <span class='ocrx_word' id='word_1_657' title='bbox 3050 4363 3324 4418; x_wconf 76' lang='lat' dir='ltr'>Meurisse</span> <span class='ocrx_word' id='word_1_658' title='bbox 3398 4404 3407 4416; x_wconf 92' lang='lat'>.</span> <span class='ocrx_word' id='word_1_659' title='bbox 3445 4361 3533 4415; x_wconf 84' lang='lat'>83.</span> 
     </span>
    </p>

    <p class='ocr_par' dir='ltr' id='par_1_24' title="bbox 2450 4379 4413 4843">
     <span class='ocr_line' id='line_1_96' title="bbox 2655 4379 4408 4499; baseline -0.003 -14"><span class='ocrx_word' id='word_1_660' title='bbox 2655 4431 2715 4495; x_wconf 88' lang='grc'>9)</span> <span class='ocrx_word' id='word_1_661' title='bbox 2761 4433 2997 4488; x_wconf 78' lang='lat' dir='ltr'>Omnino</span> <span class='ocrx_word' id='word_1_662' title='bbox 3051 4432 3273 4497; x_wconf 74' lang='lat' dir='ltr'>fallitur</span> <span class='ocrx_word' id='word_1_663' title='bbox 3326 4379 3652 4486; x_wconf 56' lang='lat' dir='ltr'>fleo-retinas</span> <span class='ocrx_word' id='word_1_664' title='bbox 3699 4444 3863 4499; x_wconf 73' lang='lat' dir='ltr'>quum</span> <span class='ocrx_word' id='word_1_665' title='bbox 3909 4429 3971 4482; x_wconf 75' lang='lat' dir='ltr'>in</span> <span class='ocrx_word' id='word_1_666' title='bbox 4022 4425 4151 4483; x_wconf 79' lang='lat' dir='ltr'>Cod.</span> <span class='ocrx_word' id='word_1_667' title='bbox 4210 4425 4408 4482; x_wconf 67' lang='lat' dir='ltr'>Gener.</span> 
     </span>
     <span class='ocr_line' id='line_1_97' title="bbox 2451 4497 4413 4569; baseline -0.002 -17"><span class='ocrx_word' id='word_1_668' title='bbox 2451 4498 2569 4567; x_wconf 90' lang='lat'>111,</span> <span class='ocrx_word' id='word_1_669' title='bbox 2605 4501 2734 4555; x_wconf 76' lang='lat' dir='ltr'>huic</span> <span class='ocrx_word' id='word_1_670' title='bbox 2767 4516 2847 4569; x_wconf 82' lang='lat' dir='ltr'>ep.</span> <span class='ocrx_word' id='word_1_671' title='bbox 2884 4517 2936 4556; x_wconf 82' lang='lat' dir='ltr'>a.</span> <span class='ocrx_word' id='word_1_672' title='bbox 2974 4497 3113 4553; x_wconf 83' lang='grc'><strong>1544</strong></span> <span class='ocrx_word' id='word_1_673' title='bbox 3146 4500 3410 4555; x_wconf 68' lang='lat' dir='ltr'>adscribit</span> <span class='ocrx_word' id='word_1_674' title='bbox 3445 4508 3489 4554; x_wconf 76' lang='lat' dir='ltr'>et</span> <span class='ocrx_word' id='word_1_675' title='bbox 3525 4515 3757 4553; x_wconf 79' lang='lat' dir='ltr'>mensem</span> <span class='ocrx_word' id='word_1_676' title='bbox 3792 4497 4152 4565; x_wconf 84' lang='lat' dir='ltr'>Decembrem,</span> <span class='ocrx_word' id='word_1_677' title='bbox 4188 4502 4413 4564; x_wconf 81' lang='lat' dir='ltr'>propter</span> 
     </span>
     <span class='ocr_line' id='line_1_98' title="bbox 2450 4566 4413 4639; baseline -0.003 -16"><span class='ocrx_word' id='word_1_678' title='bbox 2450 4570 2768 4623; x_wconf 79' lang='lat' dir='ltr'>mentionem</span> <span class='ocrx_word' id='word_1_679' title='bbox 2802 4571 2998 4639; x_wconf 68' lang='lat' dir='ltr'>sert&#39;pti</span> <span class='ocrx_word' id='word_1_680' title='bbox 3030 4570 3315 4625; x_wconf 77' lang='lat' dir='ltr'>cuiusdam</span> <span class='ocrx_word' id='word_1_681' title='bbox 3371 4568 3694 4638; x_wconf 79' lang='lat' dir='ltr'>Capunculi.</span> <span class='ocrx_word' id='word_1_682' title='bbox 3775 4567 3897 4621; x_wconf 82' lang='lat' dir='ltr'>Imo</span> <span class='ocrx_word' id='word_1_683' title='bbox 3944 4583 4085 4637; x_wconf 77' lang='lat' dir='ltr'>quae</span> <span class='ocrx_word' id='word_1_684' title='bbox 4131 4566 4198 4619; x_wconf 81' lang='lat' dir='ltr'>de</span> <span class='ocrx_word' id='word_1_685' title='bbox 4249 4566 4413 4620; x_wconf 71' lang='lat' dir='ltr'>rebus</span> 
     </span>
     <span class='ocr_line' id='line_1_99' title="bbox 2452 4631 4411 4694; baseline -0.001 -6"><span class='ocrx_word' id='word_1_686' title='bbox 2452 4639 2777 4693; x_wconf 75' lang='lat' dir='ltr'>Metensibus</span> <span class='ocrx_word' id='word_1_687' title='bbox 2818 4638 2907 4694; x_wconf 79' lang='lat' dir='ltr'>hic</span> <span class='ocrx_word' id='word_1_688' title='bbox 2950 4644 3265 4693; x_wconf 81' lang='lat' dir='ltr'>narrantur</span> <span class='ocrx_word' id='word_1_689' title='bbox 3321 4638 3436 4692; x_wconf 81' lang='lat' dir='ltr'>luce</span> <span class='ocrx_word' id='word_1_690' title='bbox 3494 4639 3701 4692; x_wconf 74' lang='lat' dir='ltr'>diurna</span> <span class='ocrx_word' id='word_1_691' title='bbox 3747 4636 3951 4690; x_wconf 76' lang='lat' dir='ltr'>clarius</span> <span class='ocrx_word' id='word_1_692' title='bbox 3997 4634 4287 4691; x_wconf 80' lang='lat' dir='ltr'>ostendunt</span> <span class='ocrx_word' id='word_1_693' title='bbox 4332 4631 4411 4687; x_wconf 76' lang='lat' dir='ltr'>od</span> 
     </span>
     <span class='ocr_line' id='line_1_100' title="bbox 2451 4700 4413 4776; baseline -0.002 -16"><span class='ocrx_word' id='word_1_694' title='bbox 2451 4722 2682 4761; x_wconf 77' lang='lat' dir='ltr'>mensem</span> <span class='ocrx_word' id='word_1_695' title='bbox 2719 4706 2939 4760; x_wconf 77' lang='lat' dir='ltr'>Maium</span> <span class='ocrx_word' id='word_1_696' title='bbox 2972 4705 3109 4760; x_wconf 79' lang='lat'>1543</span> <span class='ocrx_word' id='word_1_697' title='bbox 3141 4721 3175 4760; x_wconf 91' lang='lat' dir='ltr'>r</span> <span class='ocrx_word' id='word_1_698' title='bbox 3228 4707 3479 4761; x_wconf 76' lang='lat' dir='ltr'>erendum</span> <span class='ocrx_word' id='word_1_699' title='bbox 3516 4723 3645 4775; x_wconf 80' lang='lat' dir='ltr'>esse,</span> <span class='ocrx_word' id='word_1_700' title='bbox 3680 4721 3819 4776; x_wconf 74' lang='lat' dir='ltr'>quae</span> <span class='ocrx_word' id='word_1_701' title='bbox 3852 4707 4017 4761; x_wconf 80' lang='lat' dir='ltr'>etiam</span> <span class='ocrx_word' id='word_1_702' title='bbox 4052 4700 4413 4768; x_wconf 54' lang='grc' dir='ltr'><strong>Κέω-0111101013·</strong></span> 
     </span>
     <span class='ocr_line' id='line_1_101' title="bbox 2453 4774 3714 4843; baseline -0.002 -13"><span class='ocrx_word' id='word_1_703' title='bbox 2453 4776 2722 4831; x_wconf 75' lang='lat' dir='ltr'>sententia</span> <span class='ocrx_word' id='word_1_704' title='bbox 2752 4776 2865 4842; x_wconf 76' lang='lat' dir='ltr'>fuit</span> <span class='ocrx_word' id='word_1_705' title='bbox 2899 4774 3102 4843; x_wconf 81' lang='lat' dir='ltr'>(Farel</span> <span class='ocrx_word' id='word_1_706' title='bbox 3210 4815 3223 4830; x_wconf 95' lang='lat'>.</span> <span class='ocrx_word' id='word_1_707' title='bbox 3259 4774 3354 4841; x_wconf 81' lang='lat'>73)</span> <span class='ocrx_word' id='word_1_708' title='bbox 3390 4781 3442 4831; x_wconf 83' lang='lat' dir='ltr'>et</span> <span class='ocrx_word' id='word_1_709' title='bbox 3478 4776 3714 4831; x_wconf 68' lang='lat' dir='ltr'>Simlere&#39;.</span> 
     </span>
    </p>
   </div>
   <div class='ocr_carea' id='block_1_20' title="bbox 5006 5 5015 1717">
    <p class='ocr_par' dir='ltr' id='par_1_25' title="bbox 5006 5 5015 1717">
     <span class='ocr_line' id='line_1_102' title="bbox 5006 5 5015 1717; baseline 0 0"><span class='ocrx_word' id='word_1_710' title='bbox 5006 5 5015 1717; x_wconf 95' lang='lat' dir='ltr'> </span> 
     </span>
    </p>
   </div>
  </div>
 </body>
</html>
