5050 6167
648 413 771 476 12⁷

642 598 775 665 mei
817 598 1060 664 oblitus
1102 598 1305 664 verba
1346 597 1521 683 apud
1558 618 1674 664 vos
1709 596 2075 681 profundo?
2164 596 2377 679 Quasi
2414 598 2601 664 vobis

641 693 779 751 tam
822 683 1078 750 misello
1120 684 1211 749 sit
1250 704 1414 768 opus
1458 685 1808 764 monitore,
1854 705 2057 768 quum
2100 684 2231 749 iam
2272 695 2337 749 et
2381 684 2602 750 velitis

642 781 713 836 et
767 770 1115 844 noveritis,
1182 792 1259 837 ac
1314 791 1443 835 non
1499 769 1727 836 dubito
1780 770 2020 854 agatis,
2075 770 2263 834 iuxta
2314 772 2600 854 gratiam

640 877 843 941 quam
864 855 1045 921 dedit
1065 855 1249 922 vobis
1268 856 1612 934 Dominus,
1657 877 1777 940 pro
1818 856 1934 920 illa
1975 855 2263 921 ecclesia.
2347 857 2599 920 Verum

641 964 777 1009 non
819 953 981 1026 puto
1039 963 1153 1006 vos
1207 941 1315 1006 vel
1370 963 1559 1007 secus
1618 951 2001 1025 accepturos
2056 962 2255 1025 quam
2308 942 2599 1006 solemus

640 1028 1016 1112 languentis
1058 1029 1363 1110 excipere
1408 1037 1580 1100 vota,
1624 1039 1693 1092 et
1734 1049 1903 1110 quae
1938 1028 2241 1111 proponit
2275 1028 2477 1104 varia,
2524 1037 2600 1092 ut

638 1122 833 1214 putat
874 1134 1064 1196 posse
1106 1134 1228 1178 suo
1270 1113 1517 1178 mederi
1560 1112 1883 1196 languori,
1928 1114 2022 1178 sic
2042 1134 2191 1177 mea
2211 1133 2377 1195 quae
2400 1136 2597 1197 rogor

638 1207 737 1265 lta
776 1198 1120 1283 prodigere
1162 1199 1520 1284 excipietis,
1566 1198 1715 1281 plus
1758 1198 1912 1281 quid
1958 1198 2154 1263 velim
2198 1219 2397 1280 quam
2438 1198 2597 1280 quid

639 1285 923 1354 scribam
979 1284 1439 1368 expendentes.
1538 1285 1708 1350 Nam
1767 1287 1950 1349 iuvat
2002 1284 2117 1360 ita,
2175 1305 2295 1368 pro
2348 1285 2596 1369 insigni

638 1372 888 1438 iniuria
928 1392 1059 1454 qua
1100 1371 1195 1437 sic
1237 1392 1344 1436 me
1401 1371 1804 1454 prostratum
1856 1368 2067 1446 video,
2120 1370 2278 1434 dum
2334 1392 2467 1436 non
2524 1393 2596 1436 se

726 1459 811 1523 rit
854 1476 976 1522 nec
1019 1457 1223 1541 gessit
1261 1478 1512 1540 pauper
1545 1456 1815 1523 ecclesia
1853 1454 1979 1543 [ut]
2019 1453 2221 1534 decet,
2266 1455 2489 1521 conari
2524 1467 2598 1521 ιιι

637 1544 739 1610 1ui
783 1544 1232 1626 prospiciatur,
1277 1544 1477 1607 etiam
1521 1543 1580 1608 si
1624 1563 1883 1625 possem
1937 1551 2197 1607 summa
2248 1542 2381 1606 mei
2423 1543 2597 1607 cala-

638 1629 871 1695 mitate
917 1677 1312 1694 .......
1333 1628 1391 1704 ⁵)
1437 1628 1698 1708 habeas,
1751 1649 1827 1694 ac
1882 1626 2156 1694 credant
2208 1648 2435 1694 omnes
2490 1649 2597 1693 me

637 1735 918 1799 puerum
976 1735 1196 1778 meum
1249 1715 1675 1793 exstinxisse,
1744 1735 1821 1779 ac
1883 1735 2037 1779 eum
2093 1714 2205 1797 qui
2261 1721 2597 1796 utcunque

636 1809 939 1885 superest
959 1799 1126 1864 nihil
1150 1801 1372 1866 minus
1408 1821 1551 1866 esse
1594 1821 1794 1883 quam
1836 1820 2085 1864 meum:
2133 1820 2288 1877 non,
2336 1821 2595 1882 quaeso,

638 1885 992 1952 dividatur.
1067 1884 1258 1953 Unus
1302 1895 1618 1952 servetur.
1698 1885 1889 1951 Illius
1930 1886 2101 1950 ratio
2145 1885 2467 1951 habeatur
2509 1906 2596 1950 ne

635 1979 880 2057 pereat.
990 1970 1053 2037 O
1115 1972 1370 2049 fratres,
1436 1972 1741 2037 adiuvate
1806 1992 1946 2049 me,
2013 1992 2098 2036 ne
2158 1980 2385 2054 pereat
2447 1992 2598 2036 mea

635 2057 835 2141 culpa
878 2067 1065 2122 tanta
1106 2057 1380 2123 ecclesia
1420 2065 1672 2124 curate:
1732 2079 1887 2122 nam
1944 2056 2011 2121 id
2055 2057 2343 2122 maxime
2386 2057 2596 2139 poscit

635 2143 947 2210 Christus
990 2152 1056 2208 et
1092 2144 1389 2208 omnium
1423 2142 1807 2209 aedificatio.
1897 2141 2090 2223 Quod
2134 2142 2292 2207 olim
2330 2143 2594 2227 peteba-

635 2250 789 2295 mus
856 2239 930 2295 ιιι
991 2229 1331 2306 ecclesiae,
1398 2250 1565 2312 quae
1630 2231 1763 2295 iam
1828 2249 2037 2294 annos
2100 2228 2351 2312 aliquot
2415 2235 2596 2293 caret

638 2323 895 2399 pastore
914 2316 991 2398 ⁶).
1036 2315 1307 2380 meliora
1348 2314 1471 2380 sibi
1516 2316 1836 2393 studente,
1878 2315 1989 2396 qui
2022 2329 2325 2398 praeerat
2405 2335 2593 2379 arare

638 2401 734 2468 sic
778 2422 908 2466 non
953 2400 1125 2485 apud
1161 2399 1526 2465 Dominum
1568 2400 1845 2466 idoneus
1888 2400 1986 2464 illi
2031 2400 2300 2465 daretur
2389 2400 2593 2465 itione

639 2486 1182 2570 Vallenginiana,
1261 2486 1551 2552 nondum
1617 2496 1720 2552 est
1784 2486 2122 2564 effectum,
2201 2488 2327 2551 etsi
2394 2487 2594 2551 miser

636 2572 921 2657 populus
943 2572 1208 2657 saepius
1244 2572 1532 2655 petierit:
1577 2594 1701 2638 nec
1735 2569 2117 2637 Landeroni
2158 2572 2356 2637 etiam
2394 2571 2592 2650 aliud,

638 2679 848 2742 neque
915 2669 1059 2742 post
1123 2658 1631 2743 prohibitionem
1696 2678 1819 2723 nec
1841 2656 1895 2738 ⁷)
1960 2678 2082 2741 ego
2134 2657 2247 2722 vel
2304 2657 2593 2724 decanus

646 2744 1025 2810 Thomaseo
1048 2744 1316 2821 iremus,
1361 2741 1717 2828 quidquam
1750 2763 1869 2825 pro
1907 2741 2172 2808 Christo
2207 2750 2308 2809 est
2348 2753 2590 2808 actum.

635 2829 934 2915 Populus
998 2829 1110 2896 ille
1174 2830 1377 2895 miser
1445 2830 1568 2896 sub
1648 2829 1951 2912 pontifice
2029 2850 2232 2913 agens
2310 2829 2595 2913 neglecti

637 2916 863 2982 omnia
918 2916 1246 2999 pontificis
1307 2914 1557 2980 habens
1612 2915 1682 2979 in
1741 2923 2072 2993 senatum,
2130 2935 2263 2979 non
2322 2913 2593 2981 dubium

637 3010 741 3068 est
794 3002 955 3086 quin
1013 3001 1318 3086 loquatur
1375 3000 1551 3084 quod
1606 3000 2075 3079 sacerdotium,
2141 3011 2210 3065 et
2279 2999 2595 3085 quidquid

637 3108 830 3154 rasus
863 3087 1017 3151 olim
1054 3086 1470 3171 percipiebat,
1514 3086 1777 3170 colligat
1820 3106 1896 3151 ac
1937 3086 2194 3151 nullum
2236 3089 2590 3170 praeficiat.

636 3172 923 3239 Vestrae
956 3174 1083 3237 erit
1120 3172 1507 3257 prudentiae
1543 3182 1618 3238 ut
1652 3170 1920 3256 expedit
1953 3171 2034 3237 de
2070 3171 2175 3238 his
2209 3194 2405 3257 agere
2443 3194 2595 3239 cum

636 3259 874 3343 quibus
894 3267 995 3323 est
1017 3278 1255 3341 operae
1278 3259 1580 3344 pretium,
1618 3267 1691 3323 ut
1729 3279 1860 3323 non
1898 3257 2071 3322 male
2106 3258 2332 3323 audiat
2353 3280 2594 3325 nomen

636 3344 911 3411 Domini
935 3354 1163 3410 nostra
1183 3366 1400 3423 causa,
1440 3365 1684 3426 nosque
1720 3364 1868 3409 cum
1905 3353 2061 3408 nota
2083 3342 2300 3409 Deum
2323 3345 2595 3429 insuper

638 3429 826 3495 nobis
846 3430 1206 3495 sentiamus
1228 3431 1489 3496 iratum.
1558 3429 1793 3494 Valete
1816 3428 2069 3494 Christi
2090 3432 2282 3496 servi.
2351 3429 2596 3497 Servet

636 3536 754 3583 vos
790 3522 1015 3581 tantus
1051 3516 1395 3593 Dominus,
1448 3537 1523 3582 ac
1561 3513 1675 3579 det
1717 3525 1793 3581 ut
1834 3516 2242 3582 sanctissime
2284 3517 2413 3601 ipsi
2454 3539 2592 3583 ser·

635 3603 893 3669 viamus
928 3622 1174 3667 omnes.
1254 3600 1464 3686 Cupio
1503 3601 1742 3667 vestris
1784 3601 2225 3667 commendari
2271 3603 2591 3687 precibus,

636 3709 722 3754 ne
742 3694 1060 3772 perpetuo
1094 3688 1236 3754 sine
1269 3699 1531 3771 pectore
1562 3688 1829 3754 iaceam.
1901 3687 2173 3754 Fratres
2210 3709 2329 3754 vos
2363 3710 2593 3754 omnes

634 3773 853 3840 salvos
874 3774 1166 3856 cupiunt,
1191 3783 1551 3857 optantque
1566 3773 2025 3840 Genovensem
2046 3775 2385 3841 ecclesiam
2408 3775 2593 3842 vobis

634 3879 779 3926 esse
822 3878 1021 3943 quam
1063 3859 1788 3926 commendatissimam.
1808 3861 1871 3943 Β)

636 4017 719 4025 ..-
738 4019 773 4024 .-.
912 4018 1041 4024 --ῇ

840 4115 902 4179 5)
938 4132 1048 4170 vox
1081 4114 1268 4171 dubia.

838 4184 899 4251 6)
944 4183 1097 4253 Quae
1136 4190 1436 4254 sequuntur
1481 4190 1744 4253 corrupta
1787 4186 2057 4241 videntur.
2144 4187 2594 4256 Vallenqinianae

634 4253 865 4308 ditionis
898 4255 1174 4308 eomitissa
1208 4255 1591 4318 reformationi
1659 4271 1939 4325 uacunque
2011 4257 2149 4309 otuit
2166 4254 2323 4310 modo
2344 4256 2595 4310 obstabat

636 4321 907 4388 (Reuehat,
944 4322 1164 4391 IL201,
1194 4322 1312 4376 111
1357 4321 1442 4388 59,
1484 4322 1542 4376 V.
1578 4322 1609 4375 1
1682 4327 1724 4390 ).
1801 4323 1948 4392 oppa·
1986 4324 2413 4396 umLanderom
2446 4327 2592 4378 inter

635 4395 813 4445 utrum
856 4407 922 4444 ue
954 4393 1132 4447 Ζασιιω
1168 4392 1347 4458 saum,
1380 4394 1746 4461 evanqelieum
1790 4394 2101 4448 ministrum
2149 4393 2389 4463 recipere
2424 4408 2592 4463 usque

630 4474 820 4514 recusa
918 4496 931 4508 .

840 4527 899 4588 7)
936 4531 1048 4581 ne?

838 4596 900 4660 8)
940 4597 1246 4662 Em'stolam
1302 4597 1675 4650 Ber-nensibus
1730 4601 1992 4666 scriptam
2045 4602 2218 4660 fuisse
2271 4609 2318 4653 et
2371 4600 2588 4669 quidem

632 4675 760 4720 ante
794 4667 1027 4719 medium
1064 4681 1131 4717 m.
1170 4665 1514 4718 Decembrem
1551 4664 1703 4733 1540,
1742 4685 1849 4722 non
1884 4675 1961 4722 est
1996 4669 2145 4738 qaod
2177 4670 2402 4722 dubites.
2448 4669 2586 4721 Ber·

632 4750 825 4789 nenses
860 4736 961 4787 soli
998 4735 1045 4786 η’
1086 4742 1239 4786 erant
1287 4751 1423 4803 quos
1471 4735 1535 4784 ‹lr-
1570 4735 1747 4788 γένοιο
1800 4735 2203 4792 Genevensibus
2248 4737 2586 4791 concedendo

631 4804 791 4858 adt‘re
819 4808 1050 4871 poterat,
1085 4802 1252 4870 deque
1285 4805 1448 4855 rebus
1488 4802 1925 4857 Neocomensium
1966 4807 2339 4860 ecclesia-meis
2370 4823 2585 4873 promo-

632 4872 839 4926 vendis.
916 4875 1089 4940 Atque
1123 4872 1301 4922 eodem
1334 4872 1452 4936 fere
1498 4877 1731 4938 tempore
1772 4874 2026 4927 Fareuus
2062 4874 2421 4928 Wormact'am
2458 4891 2583 4942 pro·

628 4941 805 5008 fectus
855 4948 933 4995 est
972 4940 1050 4994 ad
1100 4939 1379 4992 visendum
1439 4939 1740 4994 Calvmum.
1838 4943 2159 5012 Exemplar-i
2211 4944 2358 5013 quod
2410 4945 2583 4996 solum

630 5016 903 5078 superstes
936 5016 1015 5063 est
1048 5025 1216 5061 manu
1242 5024 1479 5076 propraa
1518 5010 1771 5065 burellus
1804 5012 2159 5081 subscripsit:
2197 5014 2399 5066 christi
2434 5014 2582 5065 fideli

629 5093 791 5132 servo
826 5079 1013 5132 Ioanni
1050 5076 1271 5130 Calvino
1308 5093 1482 5147 symm
1524 5087 1640 5132 stae
1667 5091 1777 5133 tum
1839 5082 1890 5134 io
1915 5091 2030 5134 tum
2058 5082 2218 5134 docto
2240 5082 2579 5135 Wolmuciae.

630 5145 698 5200 In
749 5155 1017 5201 conventu
1072 5144 1405 5227 Wolmatiae.
1485 5097 1575 5201 {a
1626 5150 1739 5202 Ian.
1828 5149 1946 5204 541.
2041 5151 2302 5204 Fortasse
2366 5150 2432 5203 de
2479 5151 2583 5204 hac

629 5215 861 5283 epistota
895 5218 963 5269 ab
999 5230 1172 5268 amuco
1209 5217 1404 5269 certior
1416 5216 1616 5285 factus,
1651 5235 1767 5272 eam
1787 5219 1972 5274 videre
1987 5220 2269 5287 cupiverat
2302 5219 2581 5273 Calvinus.

2189 407 2720 476 EPIS'I'OLAE
2767 413 3107 476 263—265

4545 413 4668 478 128

3599 601 3752 671 264.

3177 737 3717 805 CORDERIUS
3764 736 4201 804 OALVINO.

2891 889 2971 958 Ut
3016 892 3332 959 Genevam
3362 894 3589 972 redeat,
3633 895 3816 958 enixe
3856 893 4068 972 instat,
4111 892 4328 957 multis
4359 898 4416 957 et
4453 895 4662 958 variis

2701 978 3056 1043 rationibus
3102 980 3480 1061 royationem
3531 979 3922 1061 suffulciens,
3975 978 4313 1060 confidatis
4368 980 4459 1045 iis
4499 999 4663 1062 quae

2702 1069 2914 1128 contra
2957 1064 3162 1130 valere
3193 1072 3466 1145 possent.

2924 1235 3032 1298 (Ex
3067 1237 3406 1305 autographo
3441 1236 3574 1289 bibl.
3613 1235 3817 1289 Genev.
3854 1235 3986 1289 Ood.
4027 1234 4142 1297 110,
4177 1236 4268 1288 sol.
4303 1232 4418 1301 89.)

2886 1422 3119 1488 Ioanni
3163 1424 3443 1491 Calvino
3486 1425 3732 1509 optimo
3775 1435 3842 1488 et
3885 1425 4218 1489 carissimo
4263 1424 4469 1490 fratri.

4056 1545 4480 1629 Argentinae.

2700 1718 2938 1784 Gratia
2989 1723 3057 1781 et
3102 1737 3230 1801 pax
3285 1738 3326 1781 a
3365 1715 3513 1782 Deo
3534 1723 4011 1869 gffitonostm
4060 1725 4129 1781 et
4170 1714 4458 1782 Domino
4502 1717 4659 1784 Iesu

2871 1940 3037 2017 Etsi,
3081 1940 3286 2004 frater
3327 1939 3694 2015 carissime,
3748 1940 3807 2003 is
3856 1937 3941 2004 ad
3982 1947 4049 2004 te
4099 1939 4383 2005 nuncius
4411 1939 4458 2024 ¹)
4503 1961 4656 2024 pro-

2697 2024 3112 2092 ficiscebatur
3187 2037 3256 2090 et
3329 2024 3540 2090 literis
3615 2024 3785 2089 nihil
3857 2045 4023 2107 opus
4090 2045 4231 2089 esse
4295 2022 4655 2106 videretur,

2698 2113 3086 2195 praesertim
3139 2131 3345 2194 quum
3402 2111 3543 2176 sola
3593 2110 3794 2175 huius
3846 2110 4221 2193 praesentia
4276 2110 4424 2194 plus
4477 2111 4656 2194 apud

2699 2210 2764 2262 te
2828 2198 3033 2281 possit
3094 2217 3293 2280 quam
3366 2217 3595 2262 omnes
3660 2197 3957 2261 omnium
4020 2195 4362 2277 epistolae,
4427 2206 4655 2264 tamen

2699 2284 2898 2348 huius
2964 2283 3061 2347 rei
3121 2281 3224 2346 vel
3286 2281 3671 2366 magnitudo
3737 2281 3844 2346 vel
3910 2280 4198 2366 dignitas
4261 2281 4508 2360 effecit,
4576 2291 4656 2349 ut

2697 2370 2864 2434 mihi
2920 2368 2990 2433 in
3049 2375 3233 2432 tanto
3278 2370 3544 2451 negotio
3599 2365 3928 2433 silendum
3982 2387 4125 2432 esse
4182 2368 4306 2433 hoc
4364 2377 4656 2451 tempore

2697 2475 2830 2519 non
2874 2463 3194 2538 putarem.
3282 2453 3518 2536 Itaque
3561 2454 3723 2520 haec
3766 2452 3851 2519 ad
3895 2463 3959 2518 te
4003 2452 4341 2519 celerrime
4395 2455 4653 2537 scripsi,

2697 2563 2830 2605 non
2889 2551 3025 2604 tam
3085 2549 3164 2605 ut
3215 2547 3284 2604 te
3337 2540 3640 2604 hortarer
3683 2540 3959 2620 (etenim
4014 2561 4119 2604 res
4177 2539 4323 2622 ipsa
4375 2548 4442 2605 te
4497 2541 4660 2608 satis

2697 2626 2952 2692 hortari
2990 2624 3457 2709 impellereque
3501 2625 3738 2704 debet),
3783 2646 3981 2708 quam
4023 2634 4100 2689 ut
4133 2625 4251 2691 tibi
4288 2632 4357 2691 et
4388 2627 4659 2694 nomino

2698 2722 2809 2777 tuo
2867 2711 3178 2778 ecclesiae
3232 2710 3485 2777 Christi
3552 2711 3938 2795 gratularer.
4051 2709 4236 2791 Quae
4301 2712 4478 2775 enim
4547 2734 4657 2780 res

2696 2799 2940 2878 maior,
2999 2805 3149 2882 post
3198 2796 3372 2863 hanc
3425 2798 3641 2880 ipsam
3711 2795 4023 2862 ecclesiae
4088 2798 4655 2878 instaurationem,

2697 2885 2846 2949 visa
2888 2890 2990 2949 est
3031 2884 3101 2948 in
3138 2891 3276 2948 tota
3309 2882 3626 2949 ecclesia?
3695 2881 3861 2963 Quis
3896 2883 4273 2966 triumphus
4306 2883 4460 2949 huic
4500 2904 4657 2950 oon-

2698 2967 3052 3036 ferendus?
3153 2968 3215 3034 O
3270 2968 3723 3035 admirabilem
3790 2967 3921 3032 Dei
4000 2970 4210 3034 nostri
4273 2970 4655 3052 potentiam,

2698 3056 3077 3132 bonitatem,
3124 3053 3636 3139 providentiam!
3729 3055 3973 3137 Ecquis
4032 3055 4154 3120 hoc
4198 3054 4510 3121 humanis
4553 3057 4656 3122 vi-

2699 3141 2881 3208 ribus
2915 3143 3161 3207 factum
3194 3142 3279 3205 iri
3323 3161 3589 3224 sperare
3622 3139 3985 3224 potuisset?
4053 3140 4415 3206 Cantemus
4449 3142 4658 3225 igitur

2696 3229 2985 3294 Domino
3029 3228 3140 3310 qui
3176 3227 3349 3292 hanc
3391 3237 3596 3291 totam
3641 3247 3904 3292 causam
3948 3247 4067 3291 suo
4098 3226 4367 3293 consilio
4413 3229 4656 3311 guber-

2696 3315 2902 3392 navit,
2946 3322 3305 3390 cantemus,
3349 3313 3638 3396 inquam,
3686 3312 3973 3378 Domino
4007 3324 4077 3377 et
4118 3312 4461 3378 laudemus
4499 3335 4656 3381 eum

2696 3419 2847 3464 cum
2892 3400 3069 3464 omni
3113 3397 3355 3482 gaudio
3400 3415 3466 3463 et
3509 3399 3859 3465 alacritate.
3966 3396 4157 3478 Quae
4199 3419 4423 3479 mens,
4481 3420 4655 3483 quae

2695 3485 2928 3569 lingua
2950 3485 3234 3550 filiorum
3259 3485 3384 3550 Dei
3411 3506 3589 3551 nunc
3609 3505 3866 3549 cessare
3900 3485 4162 3566 poterit,
4206 3484 4322 3550 ubi
4362 3485 4654 3567 primum

2696 3572 2848 3636 facti
2896 3572 3094 3636 huius
3135 3571 3312 3635 fama
3353 3568 3752 3636 dimanarit?
3841 3569 4033 3635 Itane
4085 3570 4448 3635 Dominum
4502 3593 4654 3654 pro-

2694 3658 2959 3741 fligasse
3026 3656 3330 3722 inimicos
3396 3676 3550 3721 suos
3616 3665 3693 3720 ut
3748 3657 3884 3721 suis
3940 3656 4167 3720 amicis
4222 3657 4292 3721 in
4354 3663 4654 3739 tempore

2693 3741 3112 3826 provideret?
3203 3741 3390 3823 Quae
3434 3743 3718 3819 bonitas,
3776 3742 3905 3807 nisi
3949 3762 3988 3805 a
4042 3740 4371 3807 Domino?
4461 3741 4653 3824 Quae

2693 3830 2985 3913 potentia
3046 3827 3178 3892 nisi
3240 3849 3281 3892 a
3344 3826 3631 3892 Domino
3698 3825 3882 3893 Deo?
3992 3827 4238 3910 Ecquis
4308 3829 4437 3892 erit
4508 3836 4651 3894 tam

2695 3935 2957 3993 caecus,
3016 3915 3144 3979 nisi
3197 3915 3364 3979 forte
3419 3913 3719 3997 publicus
3779 3913 3986 3977 hostis
4027 3914 4156 3979 Dei
4211 3925 4279 3978 et
4320 3914 4650 3995 ecclesiae,

2694 4002 2805 4084 qui
2849 4011 3104 4066 tantam
3147 4000 3430 4085 gratiam
3476 4022 3551 4066 ac
3595 3999 3984 4064 beneficium
4039 4021 4080 4064 a
4133 4001 4269 4063 solo
4314 4003 4455 4065 Deo
4498 4021 4651 4083 pro·

2692 4090 2938 4152 fectum
2997 4106 3138 4151 esse
3196 4106 3332 4150 non
3382 4096 3725 4168 agnoscat,
3786 4107 3917 4150 non
3977 4086 4260 4151 fateatur
4317 4085 4648 4170 ingenue?

2696 4171 2770 4238 Si
2829 4173 2896 4237 in
2955 4171 3136 4237 duris
3191 4182 3258 4235 et
3311 4171 3602 4236 adversis
3657 4172 3854 4238 rebus
3908 4193 4164 4237 summo
4211 4172 4311 4236 illi
4353 4172 4650 4238 omnium

2695 4260 3014 4323 bonorum
3057 4258 3270 4322 autori
3309 4258 3557 4341 gratias
3599 4259 3856 4342 agimus
3898 4267 3968 4322 et
4011 4257 4354 4335 debemus,
4411 4279 4533 4323 nos
4574 4259 4650 4323 in

2695 4345 2819 4409 hac
2863 4355 3000 4409 tam
3043 4344 3288 4427 insigni
3332 4343 3640 4408 ecclesiae
3682 4343 3987 4408 felicitate
4031 4343 4410 4421 tacebimus,
4456 4364 4649 4427 prae-

2692 4431 2916 4495 sertim
2962 4449 3165 4513 quum
3209 4429 3318 4493 hic
3359 4439 3593 4512 agatur
3635 4427 3716 4493 de
3759 4448 4003 4512 magna
4035 4437 4106 4493 et
4138 4429 4486 4494 manifesta
4518 4429 4650 4495 Dei

2692 4517 2896 4582 nostri
2920 4514 3178 4601 gloria?
3249 4514 3422 4580 Veni
3467 4515 3690 4599 igitur,
3729 4535 4024 4597 propera,
4069 4517 4161 4578 mi
4207 4515 4426 4594 frater,
4471 4515 4647 4594 veni,

2692 4604 2874 4680 veni,
2937 4613 3014 4666 ut
3077 4600 3481 4667 exsultemus
3549 4601 3864 4677 Domino,
3945 4611 4020 4664 ut
4081 4599 4438 4666 iubilemus
4501 4601 4648 4666 Deo

2691 4688 3014 4754 servatori
3077 4695 3321 4751 nostro.
3431 4686 3655 4751 Etiam
3723 4684 3983 4751 cessas?
4093 4686 4315 4751 Etiam
4398 4685 4647 4753 delibe-

2689 4772 2967 4840 randum
3033 4770 3306 4839 censes?
3416 4771 3564 4835 Non
3632 4770 3816 4836 vides
3881 4780 3946 4836 te
4009 4773 4304 4837 revocari
4372 4794 4501 4837 non
4561 4773 4645 4839 ab

2687 4860 3066 4925 hominibus
3123 4857 3239 4924 sed
3296 4858 3563 4921 omnino
3619 4878 3658 4921 a
3705 4855 3850 4922 Deo
3903 4878 4023 4939 per
4075 4858 4252 4941 ipsos
4299 4857 4643 4924 homines?

2690 4948 2783 5010 At
2826 4966 2966 5029 ego,
3010 4945 3249 5028 inquis,
3295 4962 3429 5006 non
3475 4963 3638 5025 queo
3681 4944 4007 5008 sustinere
4043 4955 4118 5008 ut
4151 4944 4321 5010 hanc
4344 4944 4645 5010 deseram

2686 5041 2823 5096 tam
2868 5032 3214 5096 honestam
3257 5027 3618 5107 ecclesiam,
3675 5036 4017 5112 tantopere
4064 5029 4228 5094 mihi
4271 5051 4312 5094 a
4355 5030 4641 5096 Domino

2719 5157 2854 5262 234.
2895 5201 2951 5266 1)
2989 5156 3106 5256 θοῇ.
3144 5199 3401 5253 Farellue
3435 5201 3535 5268 qui
3563 5199 3709 5254 hane
3743 5216 3918 5255 secum
3949 5200 4306 5255 Wormatiam
4342 5203 4641 5267 auferebat,

2675 5270 3164 5409 Zffifffffe‘mz‘
3199 5267 3332 5322 Dec.
3367 5268 3644 5337 scriptam.
3721 5267 4018 5325 Corda-ius
4050 5269 4261 5325 scholae
4284 5268 4646 5326 Neoconensi
