5050 6167
378 464 453 524 97
2112 461 2274 524 1540
2318 454 2644 523 OC'I'OB.
3167 545 3180 560 ⁸
4312 468 4396 529 98

373 669 544 724 vous,
589 656 654 712 et
698 648 943 714 faisant
985 667 1112 732 que
1152 669 1422 714 servans
1458 671 1499 713 a
1533 649 1599 714 la
1637 649 1842 734 gleire
1878 649 1959 715 de
1995 672 2111 714 son
2153 670 2322 726 nom,

370 755 529 800 vous
585 735 863 816 puissiez
917 736 1247 854 tousionrs
1306 756 1663 860 prgspercr.
1758 737 1858 800 De
1904 735 2325 820 Strasbourg,

369 841 440 886 ..
483 818 784 971 1³33..
800 819 1465 972 miram
1483 910 1543 990 „‚

1648 991 1847 1057 Iehan
1894 992 2151 1060 Calvin.

1278 1438 1426 1507 247.

414 1576 848 1644 MINISTRI
898 1576 1829 1644 ARGENTORATENSES
1877 1577 2283 1644 SENATUI

1060 1664 1621 1731 GENEVENSI.

540 1834 851 1901 Eiusdem
874 1836 1068 1918 plane
1093 1857 1169 1901 ac
1185 1838 1563 1918 praecedens
1585 1839 1954 1919 aryumenti,
1993 1843 2049 1901 et
2071 1839 2325 1920 quidem

362 1923 739 2087 aff&
754 1921 1051 1987 Senatum
1096 1944 1220 1988 noa
1264 1942 1404 1987 vero
1447 1923 1533 1986 ad
1565 1924 1895 1987 ministros
1940 1923 2326 1989 Genevenses

362 2180 589 2240 (Buceri
627 2187 838 2249 autogr.
878 2180 933 2232 in
971 2179 1191 2232 Archiv.
1230 2180 1415 2233 Thom.
1456 2181 1595 2297 ΕΦΨ.
1636 2182 1833 2233 Bucari
1870 2179 1932 2234 T.
1968 2180 2062 2233 111.
2100 2181 2169 2234 N.
2210 2178 2325 2235 167.

363 2248 664 2302 Praeterea
698 2249 753 2301 in
774 2249 999 2302 Archiv.
1022 2249 1220 2302 Gener.
1244 2249 1301 2301 Ρ.
1323 2249 1449 2301 hist.
1479 2281 1503 2301 i
1533 2289 1546 2302 .
1570 2247 1719 2303 1240.
1759 2277 1825 2287 -
1864 2251 2198 2320 Apograpba
2233 2267 2324 2304 ex·

362 2323 513 2370 stant
562 2318 621 2370 in
667 2317 807 2371 Bibl.
841 2318 1045 2372 Gener.
1097 2318 1225 2372 cod.
1266 2317 1381 2382 111,
1419 2318 1510 2371 fol.
1550 2316 1632 2371 κδ.
1674 2346 1735 2356 -
1772 2319 1951 2373 Tui-ici
1987 2337 2073 2400 ap.
2111 2320 2325 2373 Simler.

362 2385 488 2439 Vol.
526 2384 614 2439 48.
686 2386 901 2440 Bet-nae
948 2388 1003 2440 in
1041 2387 1207 2439 Arch.
1255 2387 1396 2455 Epp.
1448 2387 1546 2440 VI.
1596 2405 1647 2456 p.
1694 2385 1780 2441 47.
1828 2415 1895 2427 -—
1944 2388 2133 2441 Edidit
2181 2390 2327 2441 Beza

360 2454 498 2508 Gen.
536 2472 591 2524 p.
626 2453 713 2512 26,
753 2456 910 2509 Iasus.
959 2473 1009 2524 p.
1046 2453 1132 2518 55,
1172 2456 1382 2509 Hanov.
1433 2474 1484 2525 p.
1521 2454 1606 2520 62,
1657 2457 1866 2511 Chonet
1912 2475 1964 2526 p.
2016 2456 2099 2522 32,
2152 2459 2326 2511 Amet.

1244 2542 1294 2593 p.
1336 2523 1448 2588 15.)

536 2713 845 2779 Gratiam
910 2723 977 2778 et
1042 2734 1264 2796 pacem
1331 2737 1369 2778 a
1435 2717 1578 2779 Deo
1659 2731 1842 2798 patre
1906 2727 1973 2779 et
2037 2716 2325 2780 Domino

360 2810 592 2866 nostro
636 2799 787 2864 Iesu
832 2799 1102 2865 Christo
1146 2822 1491 2882 precamur
1558 2801 1740 2867 vobis
1786 2802 1858 2865 in
1914 2800 2055 2865 dies
2114 2803 2324 2885 magis

359 2886 743 2954 confirmari
785 2893 853 2950 et
897 2885 1143 2970 augeri,
1196 2886 1319 2950 viri
1364 2886 1853 2968 prudentissimi
1901 2895 1970 2951 et
2012 2886 2325 2953 cordatis-

361 2973 532 3051 simi,
573 2971 951 3055 dominique
987 2970 1396 3037 observandi.
1488 2973 1816 3039 Exhibuit
1857 2972 2038 3039 nobis
2076 2983 2325 3039 vestras

364 3059 445 3124 ad
498 3080 577 3124 se
632 3058 858 3123 literas
928 3055 1230 3123 Calvinus
1288 3069 1658 3144 symmysta
1701 3069 1769 3123 et
1832 3061 2036 3125 frater
2102 3071 2327 3126 noster

361 3145 744 3211 carissimus
789 3153 854 3209 et
897 3143 1226 3220 colendus,
1282 3145 1519 3227 quibus
1562 3146 1829 3228 rogatis,
1883 3156 1959 3210 ut
2014 3145 2324 3212 ecclesiae

362 3245 624 3298 vestrae
661 3229 988 3296 desolatae
1023 3230 1365 3296 consilium
1402 3231 1689 3296 salutare
1724 3232 1994 3308 adferat,
2039 3253 2167 3314 quo
2201 3234 2328 3298 rite

362 3327 428 3383 et
470 3340 562 3383 cx
606 3317 940 3382 sententia
982 3316 1229 3382 Christi
1280 3317 1540 3382 restitui
1583 3331 1650 3382 et
1692 3319 2068 3382 confirmari
2112 3331 2324 3400 queat.

365 3403 803 3470 Gratulamur
846 3402 1022 3469 hunc
1067 3404 1359 3468 animum
1384 3404 1590 3478 vobis,
1636 3401 1811 3486 quod
1836 3403 2012 3469 hunc
2034 3415 2328 3469 vestrum

364 3490 524 3555 olim
570 3489 776 3555 fidum
821 3490 1198 3554 ministrum
1241 3490 1562 3572 respicitis
1610 3489 1878 3572 eiusque
1923 3491 2019 3554 uti
2056 3489 2328 3555 consilio

364 3576 709 3641 statuistis.
802 3575 976 3640 Vere
1027 3576 1207 3640 enim
1252 3573 1564 3641 Christus
1596 3577 1737 3658 ipse
1781 3576 2221 3641 contemnitur
2263 3587 2331 3642 et

366 3662 614 3727 iniuria
658 3662 941 3727 afficitur
976 3661 1089 3727 ubi
1125 3661 1289 3726 tales
1325 3659 1578 3727 Christi
1614 3662 1901 3726 ministri
1938 3662 2330 3727 reiiciuntur

366 3755 429 3812 et
485 3746 763 3832 indigne
820 3757 1205 3813 tractantur.
1311 3747 1495 3812 Bene
1560 3749 1780 3830 itaque
1844 3769 2021 3814 nunc
2080 3748 2330 3814 habent

365 3855 472 3899 res
538 3849 818 3912 vestrae,
881 3833 1042 3898 dum
1096 3832 1441 3898 Christum
1498 3832 1569 3898 in
1625 3833 1746 3898 hoc
1802 3834 2135 3917 praeclaro
2191 3836 2330 3899 eius

365 3940 617 4004 organo
662 3940 893 3985 rursus
937 3920 1310 4004 agnoscitis.
1401 3919 1486 3983 In
1542 3940 1618 3983 eo
1672 3927 1848 3985 certe
1907 3919 2014 3985 hic
2073 3920 2331 3986 animus

366 4014 689 4089 perpetuo
747 4004 845 4070 illi
907 4006 1223 4088 perstitit,
1291 4012 1368 4070 ut
1419 4005 1619 4070 saluti
1675 4013 1935 4070 vestrae
1990 4006 2331 4072 consulere

368 4099 658 4176 cuperet,
696 4092 955 4156 etiamsi
993 4112 1127 4154 non
1159 4090 1416 4157 labores
1451 4089 1640 4157 modo
1663 4090 1957 4168 maximi,
1996 4090 2111 4156 sed
2134 4092 2332 4156 etiam

368 4176 643 4262 sanguis
686 4176 1118 4242 insumendus
1154 4187 1343 4242 esset.
1430 4177 1626 4242 Nunc
1649 4185 1871 4242 autem
1918 4177 2072 4260 quid
2116 4178 2331 4254 faeiat,

370 4284 504 4328 non
549 4263 761 4328 solum
806 4262 938 4342 ille,
984 4262 1098 4328 sed
1144 4283 1264 4327 nos
1310 4284 1563 4346 quoque
1618 4263 1883 4346 (quibus
1928 4263 2331 4339 inconsultis,

371 4348 632 4414 etiamsi
668 4347 735 4413 id
771 4370 904 4414 non
939 4358 1284 4431 oporteret,
1331 4348 1649 4414 hactenus
1684 4348 1852 4413 nihil
1887 4351 2112 4433 magni
2151 4349 2332 4432 fecit)

372 4455 505 4499 non
551 4435 874 4500 videmus.
963 4435 1131 4500 Cras
1188 4445 1304 4500 aut
1345 4443 1496 4518 post
1537 4433 1809 4499 biduum
1854 4433 2231 4514 abeundum
2272 4437 2333 4499 ei

371 4520 716 4587 nobiscum
752 4519 1193 4586 Wormatiam
1238 4528 1340 4585 est
1361 4519 1444 4583 ad
1469 4519 1861 4602 colloquium
1886 4519 1968 4586 de
1996 4520 2331 4604 religione,

372 4607 545 4689 quod
582 4605 937 4688 Imperator
971 4618 1038 4671 et
1074 4608 1224 4672 Rex
1248 4605 1702 4672 Ferdinandus
1735 4625 1886 4670 cum
1914 4605 2333 4689 Principibus

374 4693 769 4776 germanicis
823 4693 1113 4758 instituit
1168 4690 1250 4757 ad
1306 4691 1749 4775 quaerendam
1793 4689 2176 4757 concordiae
2231 4713 2333 4757 re·

584 4895 646 4961 2)
663 4896 743 4978 ‚11
758 4911 816 4950 se
836 4894 1083 4965 prebente
1097 4899 1173 4951 ici
1188 4913 1295 4951 une
1315 4912 1485 4966 qrave
1502 4896 1780 4964 diffie-ulti.
1844 4897 2120 4951 Commeat
2141 4896 2336 4952 Calvia

373 4972 503 5034 pond
538 4966 581 5018 ic
613 4981 672 5018 re
826 4982 886 5020 re
919 4968 957 5021 ὰ
996 4964 1293 5021 Strasbour
1360 4966 1407 5019 le
1439 4965 1524 5032 23,
1577 4968 1615 5020 ὰ
1662 4964 1953 5046 une-lettre
1985 4965 2150 5020 ἐσήιε
2183 4968 2231 5020 le
2264 4966 2335 5020 22

380 5036 419 5088 ὰ
456 5033 667 5088 Genava
781 5035 894 5090 Car
940 5050 1025 5117 ees
1077 5035 1220 5089 deu-r
1305 5041 1421 5088 ates
1464 5041 1587 5089 sont
1630 5039 1904 5128 positum.
1992 5034 2148 5088 Pour
2192 5035 2337 5117 ἴαμα

380 5118 522 5157 noas
536 5119 712 5254 avons
740 5106 815 5157 les
837 5103 1227 5255 Reqoetrssqgu
1267 5102 1498 5227 0⁰⁹⁸?ss
1526 5119 1677 5239 tm
1689 5104 1885 5253 ²123?
1896 5104 1990 5238 (lg
2003 5111 2336 5239 ρῖᾙρεῖἵέυς

388 5239 583 5323 01⁸QO
613 5241 676 5295 rt
857 5243 1006 5296 att-il
1037 5244 1075 5296 ὰ
1210 5243 1331 5314 lque
1373 5243 1522 5296 lettre
1556 5240 1878 5305 andrum-e,
1908 5243 2177 5311 peut-§tre
2210 5259 2334 5298 con·

382 5309 669 5445 “ms
690 5380 864 5452 S...-
779 5311 985 5436 Ἣ
1002 5311 1376 5451 §.aa
1400 5312 1445 5366 ¹·

595 5471 818 5528 Calvina·
847 5483 1029 5538 opera.
1113 5467 1225 5523 Vol.
1266 5466 1374 5522 XI.

382 5171 459 5225 du
492 5187 698 5241 voyaye
731 5174 799 5227 de
848 5173 1063 5228 Worms

2430 645 2802 712 stituendae
2845 646 3019 711 inter
3062 647 3367 714 ecclesias
3413 649 3589 714 viam
3636 657 3703 714 et
3746 649 4085 716 rationem.
4147 651 4396 736 sicque

2433 755 2537 798 res
2581 742 2996 815 comparatae
3036 743 3207 811 sunt,
3272 745 3344 798 ιιι
3387 734 3513 800 nisi
3558 735 3681 799 hoc
3725 736 4044 819 colloquio
4101 737 4212 802 via
4263 738 4394 804 ista

2431 827 2500 884 et
2543 820 2709 883 ratio
2754 819 3024 884 inventa
3069 819 3287 899 fuerit,
3342 819 3782 904 exspectanda
3837 822 3923 887 sit
3979 823 4167 888 nobis
4225 824 4390 890 satis

2512 904 2655 969 avis
2677 925 2899 968 rerum
2923 906 3449 988 germanicarum
3470 915 3658 990 pertu
3667 907 3892 972 rbatio.
3959 907 4055 972 At
4075 907 4392 993 religione

2430 1012 2503 1054 m
2550 990 2914 1055 Germania
2955 991 3321 1075 profligata,
3354 995 3402 1075 ¹)
3444 990 3807 1057 verendum
3854 1002 3930 1056 ut
3956 1000 4022 1057 et
4045 993 4201 1059 alibi
4223 994 4392 1058 affli-

2431 1084 2645 1160 gatur.
2727 1075 2877 1139 Non
2915 1075 3184 1140 videtur
3219 1077 3421 1161 igitur
3457 1078 3848 1154 consultum,
3898 1089 3970 1142 ιιι
3985 1081 4042 1162 ²)
4084 1078 4394 1145 Calvinus

2432 1160 2765 1227 rescindat
2787 1162 3189 1226 vocationem
3213 1164 3506 1240 Domini,
3553 1184 3680 1246 qua
3716 1163 3798 1227 ad
3838 1163 3962 1229 hoc
3995 1163 4391 1249 colloquium

2433 1247 2786 1332 deputatus
2830 1257 2947 1312 est.
3037 1247 3119 1311 Id
3167 1269 3509 1332 speramus
3550 1271 3664 1314 vos
3700 1252 3875 1333 ipsos
3911 1270 4167 1332 quoque
4202 1251 4392 1335 agni-

2432 1341 2637 1398 turos.
2727 1333 2830 1398 Ne
2872 1345 3090 1397 autem
3149 1335 3415 1399 interim
3469 1334 3778 1400 ecclesiae
3830 1343 4088 1400 vestrae
4144 1335 4392 1420 aliquid

2434 1420 2703 1504 gravius
2766 1418 3033 1494 accidat,
3103 1421 3320 1485 visum
3386 1430 3488 1485 est
3551 1420 3810 1486 Calvino
3868 1429 3935 1486 et
3986 1417 4171 1486 nobis
4227 1442 4264 1487 e
4317 1443 4393 1487 re

2433 1517 2655 1570 vestra
2697 1505 2834 1570 fore
2878 1506 2932 1570 si
2976 1525 3177 1589 opera
3218 1506 3465 1571 Farelli
3511 1517 3580 1571 et
3622 1507 3897 1571 aliorum
3943 1508 4307 1590 impetretis
4351 1528 4394 1573 a

2446 1591 2654 1657 Vireto
2697 1592 2838 1656 viro
2875 1612 3030 1656 vere
3065 1591 3190 1674 pio,
3237 1591 3561 1675 prudente
3596 1603 3663 1657 et
3697 1591 3980 1672 cordat0,
4026 1601 4104 1657 ut
4137 1594 4392 1658 Lausa·

2429 1678 2621 1741 nensi
2664 1676 2940 1742 ecclesia
2981 1676 3156 1741 fideli
3204 1678 3398 1744 alicui
3443 1679 3688 1744 vicario
3721 1679 3985 1744 interim
4022 1679 4391 1758 commissa,

2430 1762 2607 1845 apud
2653 1785 2768 1828 vos
2812 1761 3150 1828 ecclesiam
3193 1761 3445 1829 Christi
3467 1765 3821 1830 sustineret
3863 1773 3932 1829 et
3972 1765 4392 1841 instauraret,

2428 1847 2636 1914 donec
2671 1848 3051 1913 institutum
3085 1848 3247 1913 illud
3289 1850 3773 1915 Wormatiense
3808 1849 4202 1933 colloquium
4241 1850 4394 1915 fini-

2428 1943 2629 1998 retur.
2741 1935 2994 1999 Tamen
3059 1933 3322 1999 volente
3386 1936 3694 2014 Domino,
3758 1936 3884 2001 hoc
3949 1944 4067 2014 est,
4135 1936 4192 2001 si
4255 1956 4394 2000 non

2429 2021 2645 2086 obstet
2689 2022 2954 2104 gravius
2999 2028 3066 2084 et
3109 2019 3280 2103 quod
3315 2021 3384 2086 in
3422 2020 3598 2086 aliud
3621 2029 3881 2104 tempus
3903 2022 4083 2086 reiici
4109 2030 4394 2104 nequeat

2430 2107 2767 2189 negotium
2789 2105 3230 2184 ecclesiarum,
3275 2106 3479 2190 aliqui
3523 2130 3606 2172 ex
3651 2110 3893 2173 nostris
3916 2106 3999 2172 ad
4026 2127 4139 2174 vos
4164 2108 4394 2172 venire

2427 2191 2554 2274 ipsi
2603 2191 2941 2266 vellemus,
3002 2200 3069 2256 et
3124 2200 3504 2274 praesentes
3549 2191 3614 2256 id
3661 2191 4003 2259 consulere
4048 2214 4196 2258 cum
4246 2191 4393 2258 Gaz-

2427 2279 2589 2357 vin0,
2636 2285 2704 2341 et
2746 2297 2943 2362 agere
2999 2277 3176 2362 quod
3239 2299 3576 2362 possemus
3632 2298 4022 2361 cognoscere
4079 2277 4394 2345 ecclesiae

2431 2372 2692 2429 vestrae
2737 2364 3175 2448 profuturum.
3265 2363 3412 2429 Hoc
3455 2363 3758 2446 estquod
3802 2386 3977 2429 nunc
4013 2362 4169 2428 dare
4203 2364 4394 2431 vobis

2429 2448 2705 2528 consilii,
2767 2458 2836 2513 et
2878 2469 3112 2531 operae
3170 2449 3345 2532 quod
3401 2450 3637 2514 offerre
3693 2449 3876 2514 vobis
3936 2451 4004 2514 in
4058 2449 4392 2533 praesenti

2428 2555 2795 2618 possumus.
2906 2533 2988 2598 Id
3044 2545 3118 2598 ut
3169 2535 3318 2599 boni
3380 2534 3733 2600 consulatis
3789 2556 4113 2618 rogamus.
4216 2535 4394 2600 Nam

2429 2633 2610 2686 certe
2654 2619 2992 2686 ecclesiam
3048 2629 3339 2685 vestram
3404 2621 3673 2685 maximi
3727 2619 4035 2685 facimus:
4094 2629 4169 2685 ut
4222 2640 4393 2703 quae

2429 2717 2606 2771 recte
2650 2708 3007 2772 constituta
3049 2705 3263 2771 lucem
3293 2705 3545 2770 Christi
3592 2708 3660 2771 in
3705 2706 3968 2770 Italiam
4013 2712 4080 2769 et
4102 2706 4393 2770 Galliam

2431 2792 2676 2858 inferre
2719 2790 2998 2857 feliciter
3046 2791 3271 2874 possit.

2602 2876 2684 2942 Id
2729 2887 2946 2943 autem
2968 2878 3022 2958 ⁸)
3068 2884 3148 2941 ut
3189 2878 3498 2958 consequi
3541 2876 3753 2954 liceat,
3800 2875 4144 2941 hortamur
4177 2895 4298 2941 vos
4319 2876 4392 2941 in

2429 2962 2739 3041 Domino,
2799 2971 2874 3027 ut
2915 2983 3066 3030 cum
3110 2960 3488 3027 clarissimis
3533 2962 3843 3027 Dominis
3886 2961 4282 3027 Bernatibus
4326 2971 4395 3026 et

2429 3050 2604 3115 inter
2646 3071 2763 3116 vos
2806 3049 2980 3132 ipsos
3023 3048 3374 3114 restituere
3417 3065 3482 3112 er.
3523 3049 3915 3113 confirmare
3967 3069 4194 3113 veram
4249 3047 4395 3112 ani-

2431 3156 2692 3200 morum
2771 3135 3264 3200 consensionem
3342 3134 3681 3198 studeatis.
3806 3133 4134 3216 Utrinque
4215 3133 4396 3199 enim

2432 3220 2780 3287 Christum
2824 3220 3237 3305 profitemini.
3350 3222 3435 3283 At
3476 3220 3550 3282 in
3595 3219 3720 3285 hoc
3764 3220 4178 3303 cognoscitur
4219 3217 4394 3302 quod

2433 3307 2686 3373 Christi
2740 3306 3043 3390 discipuli
3108 3326 3335 3371 sumus
3400 3306 3454 3369 si
3523 3304 3873 3389 diligamus
3925 3326 4044 3369 nos
4087 3305 4391 3370 invicem.

2434 3391 2613 3474 Quid
2642 3393 2859 3458 etiam
2905 3393 3228 3457 Dominus
3288 3411 3406 3474 per
3449 3391 3774 3455 Bernates
3832 3390 4014 3456 vobis
4068 3397 4134 3454 et
4189 3390 4395 3455 vestri

2432 3480 2770 3545 occasione
2824 3479 2982 3561 ipsis
3036 3476 3465 3562 praestiterit,
3518 3497 3840 3542 memores
3898 3496 4040 3541 esse
4084 3475 4396 3559 utrinque

2434 3563 2707 3644 debetis,
2753 3572 2822 3628 et
2865 3564 3037 3629 sicut
3072 3584 3191 3629 vos
3225 3563 3554 3627 Dominus
3589 3562 3953 3639 coniunxit,
3999 3561 4398 3645 praestando

2432 3651 2728 3734 utrisque
2782 3670 2900 3733 per
2949 3658 3263 3732 utrosque
3327 3657 3464 3713 tam
3518 3647 3768 3732 grande
3826 3646 4244 3718 beneficium,
4303 3648 4398 3710 ita

2433 3734 2833 3804 studendum
2877 3735 3075 3800 etiam
3119 3736 3416 3817 utrisque
3461 3744 3591 3808 est,
3655 3740 3730 3798 ut
3790 3755 3860 3797 se
3905 3752 4156 3816 organa
4199 3730 4397 3797 huius

2433 3820 2697 3886 divinae
2726 3819 3195 3886 beneficentiae
3229 3829 3460 3884 mutua
3496 3820 3765 3884 caritate
3801 3817 4090 3882 Domino
4126 3825 4399 3882 servent

2434 3915 2500 3971 et
2555 3908 2749 3973 istam
2804 3907 3062 3973 beatam
3120 3905 3280 3971 adeo
3335 3905 3862 3970 coniunctionem
3928 3913 4066 3967 toto
4135 3911 4398 3985 pectore

2434 3992 2668 4059 colant.
2735 3992 2881 4058 Hoc
2902 3992 3106 4058 studii
3140 3993 3195 4056 si
3235 3991 3559 4056 Dominus
3604 3990 3787 4055 vobis
3829 3987 4101 4067 dederit,
4147 3988 4397 4053 multae

2436 4100 2572 4143 non
2625 4077 3029 4143 videbuntur
3084 4077 3366 4142 iniuriae
3423 4097 3589 4159 quae
3651 4095 3823 4140 nunc
3868 4073 4200 4139 habentur
4235 4093 4394 4222 sgra-

2435 4164 2764 4230 vissimae.
2832 4164 3002 4228 Tum
3040 4163 3224 4228 nulla
3257 4162 3499 4228 iniuria
3536 4175 3671 4226 tam
3707 4162 3930 4244 gravis
3965 4161 4109 4235 erit,
4148 4179 4232 4223 ne
4280 4179 4395 4223 um

2435 4250 2797 4328 videbitur,
2857 4270 3052 4331 quam
3108 4270 3241 4313 non
3286 4247 3483 4312 libeat
3525 4246 3926 4323 condonare,
3987 4244 4181 4309 modo
4235 4263 4398 4308 vera

2436 4336 2505 4400 in
2551 4334 2820 4401 Christo
2863 4335 3201 4400 consensio
3243 4334 3626 4398 retineatur.
3702 4332 3883 4396 Haec
3919 4328 4032 4395 det
4075 4331 4396 4395 Dominus

2436 4421 2843 4504 perpendere
2886 4419 3089 4496 vobis,
3130 4429 3201 4484 ut
3241 4419 3354 4502 qui
3390 4420 3485 4484 sic
3518 4417 3850 4482 coniuncti
3873 4415 4192 4480 divinitus
4214 4416 4396 4493 estis,

2436 4518 2511 4571 ut
2555 4509 2611 4573 si
2654 4529 2772 4571 vos
2809 4515 3040 4570 mutuo
3076 4506 3309 4585 ametis
3345 4514 3412 4568 et
3450 4504 3785 4581 iuvetis,⁴)
3820 4503 4130 4584 utrinque
4163 4502 4399 4565 florere

2438 4600 2506 4656 et
2583 4593 2812 4676 augeri
2886 4591 3098 4656 modis
3174 4590 3472 4655 omnibus
3547 4589 3842 4672 possitis,
3909 4587 4204 4653 distracti
4264 4607 4398 4651 non

2437 4680 2652 4761 perire
2696 4700 2825 4743 non
2870 4678 3147 4760 possitis.
3238 4675 3668 4742 Concordiam
3714 4693 3894 4752 vere,
3940 4681 4008 4737 et
4062 4674 4235 4737 inter
4275 4691 4397 4736 vos

2438 4765 2618 4849 ipsos
2660 4772 2729 4828 et
2769 4784 2920 4829 oum
2965 4762 3343 4828 clarissimis
3387 4760 3693 4825 Dominis
3736 4759 4156 4837 Bernatibus,
4201 4756 4396 4821 resti·

2473 4968 2606 5030 247.
2643 4968 2704 5033 l)
2744 4967 2850 5023 Sic.
2889 4967 3009 5022 edd.
3081 4967 3480 5034 Autoyraphon
3525 4964 3778 5018 distinete
3822 4964 4061 5017 exhibetae
4106 4967 4394 5039 commota.

2647 5036 2709 5101 2)
2746 5037 2898 5091 Boea
2932 5040 3020 5091 hic
3053 5038 3313 5089 inseruit.-
3350 5033 3646 5099 calumniis,
3684 5033 3767 5086 vel
3792 5036 3984 5100 potius
4017 5031 4097 5084 sic
4120 5030 4244 5097 teytt
4258 5044 4393 5109 pro.-

2440 5106 2711 5171 Calvinus,
2749 5107 2850 5161 hoc
2882 5105 3081 5159 deinde
3111 5120 3306 5159 nomen
3341 5104 3407 5156 de
3444 5118 3543 5155 suo
3579 5101 3808 5157 addens.
3879 5101 4053 5154 Laus.
4089 5103 4340 5152 corrant.

2647 5173 2708 5240 3)
2747 5175 2814 5228 Id
2849 5179 3032 5228 autem
3072 5213 3085 5226 .
3116 5213 3132 5229 .
3170 5214 3181 5225 .
3220 5213 3232 5225 .
3265 5212 3279 5227 .
3321 5172 3701 5225 adhibeantur.
3784 5169 3972 5222 Totam
4007 5168 4150 5220 hanc
4178 5172 4398 5234 parte-s

2440 5244 2701 5369 &imolae
2747 5243 2899 5297 Besa
2944 5243 3271 5311 suppressit,
3331 5242 3448 5296 scil.
3499 5240 3565 5294 de
3612 5238 3948 5293 Boo-natabus
3995 5238 4182 5303 pom-s
4228 5235 4404 5289 eden·-

2480 5329 2573 5368 um
2607 5327 2723 5368 esso
2752 5318 2914 5367 ratus
2946 5328 3110 5382 qaam
3144 5311 3364 5381 qtn'dois
3393 5308 3844 5378 praedicandum.

2646 5381 2709 5448 4)
2750 5382 2954 5450 Apoyr.
2987 5380 3243 5435 timeatis.
