5050 6167
556 394 688 459 723

556 582 794 648 (Exstat
826 582 885 637 in
921 579 1144 636 Archiv.
1169 579 1351 635 Turio.
1387 580 1517 635 olim
1552 580 1693 650 Epp.
1729 578 1790 633 Τ.
1824 578 1868 633 1.
1904 578 2091 633 scrinii
2109 579 2168 633 C.
2205 595 2350 633 nunc
2376 579 2522 633 Plut.

556 651 661 706 VI.
698 651 819 705 Vol.
859 649 1003 704 117⁸,
1046 650 1139 704 fol.
1185 648 1292 703 254
1335 666 1438 720 per
1483 664 1861 703 amanuensem
1908 649 2013 702 scri
2055 654 2139 714 ta,
2185 647 2283 701 sed
2326 650 2396 701 ab
2431 665 2523 701 au·

558 729 685 775 tore
718 720 841 791 ipso
874 719 1079 790 passim
1113 725 1375 773 correcta.
1430 719 1618 772 Habet
1650 717 1909 772 Simlerus
1938 718 2019 771 Vo
2092 716 2177 772 55.
2230 716 2524 786 Inscriptio

1041 787 1201 841 adest
1234 787 1401 855 nulla,
1436 804 1614 857 neque
1653 786 2029 854 subscriptio.)

555 940 2523 957 ——ss————-————

739 993 1168 1080 Gervasius1)
1232 993 1551 1059 Memmin
1559 993 1780 1077 gensis
1844 991 2154 1058 ecelesiae
2219 993 2523 1058 minister

556 1078 957 1164 significavit
999 1101 1069 1145 00
1113 1077 1447 1146 editurum
1492 1078 1741 1161 aliquot
1798 1077 1881 1142 de
1938 1098 2142 1144 coena
2184 1098 2521 1144 sermones

557 1167 940 1250 germanica
982 1166 1227 1250 lingua.
1317 1165 1641 1230 Hortatus
1677 1186 1823 1229 sum
1868 1164 2205 1228 hominem
2249 1184 2334 1228 ne
2374 1163 2519 1247 pla-

554 1272 712 1316 nam
756 1271 900 1315 rem
941 1251 1226 1323 intricet.
1273 1252 1443 1350 sicut
1486 1250 1818 1327 Lutherus,
1877 1250 1991 1332 qui
2032 1247 2190 1313 dum
2235 1249 2519 1314 alienam

552 1356 852 1496 affini.
898 1333 2518 1505 3ξὲᾘὲῖὲηέἑὲιῗῖωέἓὲῖίοῖῗῗὲξῗεῃἕᾶῗηῗὲ

551 1508 726 1591 quod
769 1529 852 1573 ex
897 1508 1302 1573 confessione
1335 1508 1476 1572 eius
1507 1528 1756 1591 magna
1772 1507 1829 1592 2)
1874 1507 2180 1591 colligere
2225 1507 2395 1582 licet,
2440 1507 2514 1571 in

552 1614 684 1677 qua
755 1594 1077 1677 approbat
1140 1593 1529 1677 Berengarii
1611 1592 2115 1659 damnationem.
2225 1593 2375 1657 Hac
2439 1613 2512 1657 re

551 1678 731 1762 quid,
776 1680 1062 1758 obsecre,
1107 1677 1416 1763 peccavi?
1505 1680 1611 1744 De
1668 1678 2017 1745 concordia
2038 1683 2095 1755 ⁸)
2155 1677 2339 1762 quid,
2395 1679 2509 1743 ob-

548 1785 751 1843 00010,
788 1766 1121 1830 somniant
1153 1763 1410 1831 adhuc?
1485 1762 1886 1833 Concordiae
1922 1765 2136 1847 capita
2170 1785 2511 1847 nunquam

550 1850 845 1916 servavit
904 1850 1245 1931 Lutherus,
1311 1850 1424 1933 qui
1489 1859 1824 1933 postrema
1878 1850 1963 1916 ad
2020 1850 2511 1916 Froschoverum

548 1937 793 2018 scripta
832 1937 1179 2019 epistola⁴)
1235 1937 1397 2001 satis
1454 1943 1740 2002 testatur
1793 1955 1990 2019 quam
2043 1936 2377 2002 studiosus
2420 1936 2510 2001 sit

550 2021 948 2087 concordiae.
1053 2022 1248 2088 Hanc
1324 2023 1380 2088 si
1447 2022 1561 2106 qui
1630 2031 1933 2087 nostrum
1998 2023 2218 2088 fictam
2284 2021 2507 2105 appel-

548 2106 793 2186 larunt,
837 2108 1003 2173 nihil
1045 2117 1420 2191 peccarunt.
1509 2107 1682 2172 Nam
1725 2128 1845 2173 nos
1887 2127 2005 2191 spe
2059 2128 2233 2173 vana
2285 2108 2508 2174 laetati

544 2193 1072 2275 exspectavimus
1171 2191 1601 2259 concordiam.
1735 2192 1923 2258 Nihil
2012 2192 2506 2277 designavimus

546 2285 774 2344 contra
832 2278 1277 2357 concordiam,
1353 2299 1431 2344 ea
1488 2280 1870 2362 praesertim
1926 2278 2143 2362 capita
2204 2299 2374 2361 quae
2432 2279 2504 2343 in

542 2363 780 2430 ultima
838 2364 1090 2448 synodo
1145 2364 1466 2448 'rig-urina
1522 2365 1880 2431 constituta
1923 2373 2097 2430 sunt.
2187 2364 2506 2429 Lutherus

542 2457 766 2514 autem
809 2471 1146 2533 nunquam
1191 2451 1474 2517 cessavit
1504 2449 1763 2532 publice
1806 2458 1875 2515 et
1912 2450 2225 2534 privatim
2261 2449 2503 2533 Zuiny-

540 2534 704 2600 lium
745 2543 814 2600 et
869 2556 988 2601 nos
1041 2535 1373 2601 damnare.
1462 2533 1868 2619 Scripsimus
1928 2535 2027 2600 illi
2093 2536 2422 2620 privatim,
2444 2533 2503 2620 ὃ)

539 2620 735 2685 sicuti
786 2619 1125 2686 decretum
1167 2630 1340 2701 erat,
1393 2620 1506 2688 sed
1550 2621 1662 2687 ille
1703 2620 1874 2685 nihil
1916 2620 2279 2703 respondit:
2345 2641 2500 2689 con-

538 2707 812 2789 tempsit
852 2727 989 2785 nos‚
1035 2707 1167 2771 imo
1210 2715 1279 2771 et
1311 2706 1640 2790 proscidit.
1732 2705 1914 2787 Quid
1956 2705 2129 2790 quod
2171 2714 2499 2789 postremo

537 2791 768 2858 scribit
809 2813 930 2858 nos
973 2813 1115 2858 esse
1159 2790 1554 2870 seductores,
1598 2813 1751 2858 cum
1784 2793 2021 2875 quibus
2064 2792 2251 2857 nulla
2291 2793 2501 2875 possit

536 2877 901 2944 coalescere
955 2878 1253 2942 ullumve
1295 2877 1697 2943 consortium
1739 2877 1875 2942 ulla
1921 2877 2164 2943 habere
2205 2878 2496 2944 ecclesia.

552 2961 739 3030 Vuud
779 2983 850 3030 so
890 2983 962 3029 er
993 2983 1111 3029 ons
1142 2963 1263 3028 den
1304 2963 1555 3030 handell
1587 2984 1658 3029 so
1690 2963 1874 3029 klaar
1904 2963 2096 3029 herus
2126 2969 2283 3047 sayt,
2325 2965 2497 3030 vmzd

533 3049 675 3114 sine
729 3047 955 3115 bacher
1006 3048 1180 3114 vnnd
1231 3049 1431 3114 brielzt
1474 3070 1547 3115 so
1592 3048 1788 3114 liciter
1827 3049 2206 3129 verbanden,
2263 3051 2388 3116 das
2428 3070 2498 3114 er

533 3134 1260 3217 mserabenyarnitt
1320 3133 2497 3217 wil‚wielanywillmanvnsbi

533 3220 648 3285 der
697 3239 898 3285 naseu
952 3219 1208 3285 herumb
1258 3220 1517 3301 fiirren,
1581 3240 1718 3284 was
1784 3225 1923 3302 sayt
1973 3241 2124 3286 man
2189 3241 2325 3286 nun
2373 3240 2494 3286 von

530 3305 648 3370 der
694 3301 999 3387 Concordj
1037 3306 1142 3371 die
1181 3305 1334 3370 doch
1386 3310 1502 3369 m'c‘t
1540 3306 1628 3370 ist
1667 3306 1799 3370 dan
1838 3307 1962 3370 wir
2002 3307 2272 3371 werdent
2310 3327 2490 3372 vnse-

531 3409 689 3454 9·οΜ
741 3389 1005 3472 ylouben
1058 3389 1230 3455 vnnd
1279 3389 1574 3472 kylcheim
1628 3410 1744 3454 von
1799 3389 2072 3456 Luthers
2130 3398 2343 3475 wa'yen
2394 3394 2492 3457 nit

529 3474 881 3559 aboryaben
935 3476 1083 3541 oder
1135 3495 1253 3557 syn
1295 3475 1458 3541 Leer
1503 3476 1675 3541 vnnd
1728 3496 1861 3559 wys
1901 3496 2267 3543 annemmen
2306 3478 2488 3543 koen-

563 3660 695 3721 555.
729 3659 786 3727 1)
828 3659 992 3716 Gerv.
1013 3660 1237 3716 Schuler
1273 3660 1694 3729 (Schola-stim)
1729 3663 2224 3731 Arqmtoratensis,
2258 3664 2320 3718 in
2356 3664 2488 3719 Hel-

527 3731 677 3784 vetia
710 3731 990 3796 educatus,
1030 3729 1289 3798 Zwinqlii
1328 3747 1432 3799 per
1476 3731 1704 3801 aliquod
1746 3739 1955 3799 tempus
1989 3733 2058 3787 ho
2214 3739 2268 3788 et
2300 3739 2486 3789 contu·

526 3798 797 3864 bermlt's,
846 3796 984 3851 1520
1029 3799 1298 3854 diaconus
1356 3798 1566 3863 strici,
1614 3798 1751 3853 1525
1807 3800 1868 3853 V.
1915 3798 1995 3856 D.
2112 3840 2126 3851 .
2176 3803 2239 3857 in
2282 3818 2351 3870 op
2407 3803 2485 3856 'do

529 3866 886 3921 Bischweseer
932 3869 995 3919 in
1028 3866 1275 3933 Alsatia,
1324 3865 1463 3921 1528
1498 3867 1880 3935 Bremyartiae
1921 3871 1984 3923 in
2022 3870 2296 3937 Helvetia,
2379 3869 2485 3924 533

532 3934 924 4003 Memminqae,
971 3935 1118 3987 unde
1161 3951 1277 3988 eum
1330 3936 1560 3990 Interim
1605 3938 1838 4006 expulit,
1885 3938 2115 4008 denique
2149 3938 2479 4008 Lemoni-922

528 4001 835 4068 (Ουῑηιαηη
872 4001 1104 4057 Sko‘ncn
1148 4019 1253 4057 aus
1291 4003 1358 4058 G.
1398 4004 1653 4060 Schulers
1688 4004 1870 4061 Leben
1922 4005 2064 4074 Stry.
2103 4005 2283 4073 1855.)
2358 4006 2480 4061 Ser·

524 4086 710 4126 mones
745 4072 872 4124 illos
919 4071 1008 4126 hic
1040 4077 1205 4126 autor
1249 4075 1364 4126 iam
1404 4072 1538 4127 1543
1571 4074 1745 4129 editos
1777 4076 1954 4138 fuisse
1985 4076 2272 4145 Auqustae
2319 4076 2480 4130 Vind.

524 4143 750 4207 assmt,
873 4154 934 4192 os
980 4146 1160 4194 tamen
1206 4157 1370 4210 quum
1421 4144 1540 4211 ipse
1583 4159 1697 4197 uon
1740 4145 1967 4210 viderit,
2014 4145 2069 4198 ei
2089 4161 2235 4213 prae
2270 4144 2481 4201 Nostro

508 4207 685 4277 fidem
717 4208 787 4261 ha
893 4207 1020 4262 dam
1058 4225 1167 4263 non
1193 4218 1469 4278 putamus.

730 4274 787 4342 2)
823 4275 1192 4331 Beleenntniss
1236 4295 1356 4333 vom
1390 4278 1733 4335 Abendmahl
1771 4277 1983 4335 Christi
2026 4278 2163 4335 1528
2242 4283 2355 4338 uod
2386 4298 2477 4338 εω-

522 4349 637 4399 stat
669 4359 757 4413 ap.
807 4342 1113 4400 Walckium
1157 4346 1214 4399 T.
1258 4346 1388 4401 XX.
1421 4364 1478 4416 p.
1516 4347 1669 4402 1118.
1740 4348 1865 4403 Erl.
1906 4348 2097 4404 XXX.
2134 4299 2254 4406 ml.

728 4411 792 4476 3)
838 4412 1298 4484 Wittenberqensi.

730 4481 794 4546 4)
833 4481 1241 4538 Froschoverus
1288 4485 1535 4538 Lutlzero
1580 4486 1785 4539 Leonis
1836 4485 2008 4539 [udae
2055 4486 2242 4541 Ribzia
2297 4488 2476 4542 tat-ina

526 4551 919 4616 tranmiserat,
957 4555 1050 4606 cui
1079 4553 1171 4606 {lle
1205 4553 1257 4606 d.
1294 4553 1378 4606 31.
1405 4555 1547 4619 Any.
1586 4552 1722 4606 1543
1756 4556 1899 4606 inter
1934 4556 2046 4608 alia
2082 4555 2214 4611 haec
2245 4558 2472 4625 rescrip-

522 4617 625 4673 sit.-
660 4618 902 4671 Darumb
938 4620 1086 4674 ἀοι-ἢ
1118 4621 1204 4674 ihr
1237 4622 1344 4675 mir
1380 4622 1529 4674 nicht
1560 4623 1713 4674 mchi·
1747 4624 2018 4677 schenken
2056 4624 2191 4677 oder
2223 4626 2475 4680 sehickcu

524 4702 640 4740 was
685 4687 765 4740 sie
811 4688 1034 4742 macheu
1083 4689 1217 4744 oder
1260 4692 1525 4743 arbeiten.
1594 4691 1687 4743 Ich
1738 4692 1847 4743 will
1895 4692 2008 4745 ihi-s
2046 4693 2475 4748 Verdammnuss

523 4756 636 4809 und
658 4756 1005 4810 lister-lichen
1022 4757 1200 4811 Lehre
1222 4761 1362 4811 mich
1387 4759 1536 4812 nicht
1557 4760 1863 4828 theilhnstig
1884 4761 2119 4814 sendern
2157 4764 2477 4833 unschuldig

529 4825 751 4888 vissen,
799 4825 972 4880 wider
1005 4826 1085 4880 sie
1122 4828 1283 4881 beten
1320 4829 1428 4881 und
1466 4829 1653 4881 l··hren
1694 4830 1777 4881 bis
1812 4847 1879 4880 an
1916 4831 2061 4884 mein
2096 4831 2267 4885 Ende.
2340 4833 2477 4887 Gott

523 4894 766 4948 bekehre
801 4893 939 4947 doch
977 4895 1204 4949 etzliche
1252 4897 1362 4949 und
1411 4897 1547 4950 hem·
1585 4898 1684 4949 der
1729 4915 1911 4951 armen
1959 4900 2187 4952 kirchen
2233 4901 2360 4954 dasz
2394 4901 2474 4953 sie

525 4962 739 5016 soleher
800 4962 1038 5016 falschen
1097 4965 1499 5018 verffihrischen
1557 4966 1821 5034 Prcdiger
1876 4967 2072 5021 einmal
2140 4970 2221 5022 los
2276 4970 2473 5023 werde.

527 5034 722 5086 Amen.
792 5030 911 5099 (De
956 5031 1124 5087 Welte
1170 5035 1224 5088 V.
1262 5033 1409 5096 587.)

731 5101 791 5164 5)
829 5101 881 5154 d.
932 5099 1014 5155 30.
1062 5104 1204 5171 Aua.
1254 5102 1414 5166 1539,
1461 5118 1625 5171 quum
1670 5103 1949 5157 Lutherus
1991 5106 2054 5157 in
2104 5107 2304 5173 scripto
2347 5121 2474 5161 suot

527 5167 652 5221 Von
699 5168 804 5221 den
853 5171 1093 5224 conciliis
1138 5171 1248 5224 und
1286 5172 1508 5224 kirchen
1559 5171 1711 5233 (Erl.
1750 5171 1867 5223 XX
1882 5173 1937 5225 V.
1974 5171 2104 5236 219)
2151 5174 2476 5244 Zwinylium

528 5235 960 5292 Nestoriam'smi
993 5250 1315 5295 accusasset.
1386 5240 1517 5294 Vide
1539 5241 1774 5307 Hospita.
1811 5241 1933 5296 hist.
1971 5256 2205 5299 sacram.
2231 5243 2319 5299 11.
2353 5243 2477 5301 300.

522 5304 689 5368 Besa,
724 5307 1014 5378 Bullt'nqer
1049 5309 1100 5363 I.
1134 5308 1252 5362 363.
1328 5308 1633 5363 Pestalozei
1659 5326 1715 5377 p.
1749 5307 1871 5365 215.

2121 388 2651 459 EPISTOLAE
2698 394 3039 457 555—558

4459 400 4586 465 724

2629 600 2750 647 nen
2765 583 2822 658 Β)
2867 617 3496 631 —————
3539 581 3760 665 Quam
3816 582 3929 650 ille
3989 584 4338 668 specialem
4391 606 4584 652 man-

2630 665 3037 733 ducationem
3094 666 3311 734 carnis
3370 667 3624 736 Christi
3687 669 3912 749 faeiat,
3978 677 4130 755 post
4184 691 4327 736 eam
4386 692 4585 756 quam

2628 754 2953 837 scriptura
2990 774 3218 818 veram
3261 775 3379 838 per
3416 754 3617 820 fidem
3658 755 3733 821 in
3775 755 3990 822 filium
4022 756 4150 822 Dei
4192 756 4398 837 docet,
4441 758 4584 843 ipse

2627 837 2883 904 viderit.
2973 836 3050 905 Si
3106 838 3261 922 quid
3316 861 3400 905 ex
3454 861 3524 906 se
3577 840 3740 924 ipsis
3798 843 4213 927 confingunt,
4273 844 4584 910 fruantur

2625 922 2758 990 illo.
2847 923 3006 988 Filii
3050 924 3177 990 Dei
3221 925 3424 991 verbo
3467 927 3595 992 Dei
3630 927 4022 993 innituntur.
4112 927 4295 1009 Quid
4338 930 4424 995 sit
4465 952 4580 996 ve-

2624 1030 2769 1073 ram
2811 1028 3078 1075 carnem
3119 1009 3366 1077 Christi
3409 1012 3826 1092 manducare,
3873 1013 4091 1078 docuit
4131 1014 4320 1080 Iesus
4362 1015 4579 1082 salva-

2625 1103 2729 1160 tor
2783 1103 3006 1161 noster
3058 1096 3326 1163 Ioannis
3369 1096 3490 1161 VI.
3578 1098 3717 1166 Nec
3774 1099 4040 1184 ignorat
4092 1099 4366 1166 eeclesia
4421 1099 4578 1184 quid

2625 1182 2711 1245 sit
2753 1181 3135 1248 adiumento
3155 1186 3192 1222 ⁴¹*
3233 1182 3530 1267 symbolo
3548 1234 3563 1262 ,
3623 1185 3793 1268 quod
3835 1193 4091 1252 veteres
4137 1196 4578 1252 sacramenta-

2622 1265 2778 1331 liter
2845 1265 3162 1332 dixerunt
3236 1266 3637 1335 manducare
3710 1291 3947 1355 corpus
4011 1270 4303 1336 Domini.
4420 1272 4575 1340 Scio

2622 1352 2779 1435 quid
2800 1352 2910 1419 hic
2945 1353 3280 1436 scripserit
3305 1352 3626 1421 Calvinus.
3673 1356 3910 1441 Relegi
3940 1359 4219 1440 saepius.
4267 1357 4575 1442 Expendi

2620 1438 2761 1505 eius
2815 1439 3231 1504 sententiam.
3322 1438 3460 1506 Sed
3515 1440 3788 1507 verbum
3834 1442 4088 1509 Christi
4138 1443 4407 1511 Ioannis
4450 1444 4569 1510 VI.

2615 1525 2712 1589 ita
2752 1524 3023 1608 planum
3065 1526 3334 1590 firmum
3377 1533 3632 1592 certum
3675 1535 3775 1594 est
3815 1535 3892 1593 ut
3932 1536 4195 1596 centum
4223 1527 4474 1596 Caluini
4506 1537 4575 1596 et

2616 1609 2866 1676 Bueeri
2928 1610 3095 1676 nihil
3160 1619 3393 1677 contra
3461 1611 3531 1677 id
3596 1614 3868 1696 possint.
3979 1613 4374 1698 Quanquam
4439 1637 4572 1682 non

2615 1695 2787 1760 male
2830 1697 2997 1761 mihi
3039 1718 3189 1763 cum
3239 1696 3498 1763 Calvino
3540 1699 3903 1765 conveniat.
3992 1699 4222 1784 Neque
4259 1701 4573 1768 Lutherus

2613 1782 2757 1847 eius
2824 1783 3216 1848 sententiam
3276 1783 3611 1866 probabit,
3678 1785 3804 1851 nisi
3869 1786 4191 1852 revocatis
4255 1787 4338 1851 iis
4444 1809 4569 1854 uae

2611 1867 2769 1932 olim
2811 1866 3032 1933 edidit.
3075 1905 3671 1918 —————
3714 1871 3950 1938 Mense
3991 1872 4172 1938 Maio
4213 1891 4386 1939 anno
4401 1810 4570 1940 qDo·

2611 1953 2778 2018 mini
2825 1957 3007 2020 1544.

3505 2328 3658 2401 556.

2606 2462 2953 2530 CALVIN
2998 2464 3198 2531 AUX
3242 2465 3751 2542 MINISTRES
3796 2467 3924 2533 DE
3967 2469 4558 2538 NEUOHA'DEI..

2776 2616 3090 2714 Dedicaee
3121 2619 3210 2685 du
3252 2621 3441 2685 truite
3481 2626 3686 2687 contre
3725 2621 3819 2687 les
3861 2622 4322 2705 Anabaptistes.

2605 2787 2921 2858 (Imprimee
2967 2788 3104 2841 daus
3148 2793 3307 2842 notre
3342 2789 3550 2845 edition
3586 2791 3754 2845 Tome
3790 2792 3916 2847 VII.
3952 2810 4091 2862 page
4124 2791 4195 2846 49
4229 2794 4364 2848 suiv.
4433 2795 4560 2849 Ello

2602 2864 2689 2909 est
2721 2856 2882 2911 date'e
2915 2857 2990 2909 du
3026 2855 3082 2908 lt
3116 2856 3240 2911 Inin
3257 2855 3398 2911 1544
3430 2867 3489 2912 et
3522 2859 3830 2914 commence‘
3896 2879 3958 2914 ar
3993 2879 4082 2915 ces
4117 2870 4287 2917 mota:
4325 2862 4384 2917 Si
4404 2864 4557 2931 quel·

3037 2925 3200 2994 qu'un
3233 2926 3478 2981 s'ebahit.
3551 2927 3632 2981 Of.
3671 2945 3837 2998 supra
3856 2878 3941 2984 ᾖ.
3975 2928 4126 2998 588.)

3492 3318 3644 3392 557.

3000 3470 3672 3541 BULLINGERUS
3717 3474 4154 3546 CALVINO.

2766 3639 3165 3707 Commendat
3208 3641 3663 3727 Hieronymum
3719 3645 4225 3715 Franciscanum
4268 3649 4341 3715 ob
4397 3652 4542 3718 reli-

2583 3726 2827 3809 gionem
2868 3746 2946 3791 ex
2988 3725 3190 3793 Italia
3220 3727 3386 3810 prof
3502 3751 3582 3795 m.
3648 3732 3750 3797 De
3790 3732 3975 3800 rebus
4015 3735 4364 3802 domesticis
4398 3739 4541 3804 ado-

2586 3813 2869 3963 alejgtutis
2906 3813 3243 3879 cuiusdam
3282 3834 3326 3878 a
3487 3817 3629 3882 vino
3658 3819 3961 3884 Turicum
4003 3822 4195 3886 misso
4232 3824 4539 3904 quaedam

2588 4066 2886 4130 (Sumimus
2921 4084 2990 4121 ex
3010 4068 3241 4123 Simlero
3261 4068 3379 4125 Vol.
3398 4068 3468 4123 55
3503 4073 3595 4125 ubi
3632 4079 3759 4127 auto
3860 4075 4005 4141 phon
4039 4048 4289 4132 Lutetiae
4323 4086 4536 4136 exstare

2584 4135 2786 4190 dicitnr
2820 4144 2878 4189 et
2912 4137 3130 4206 quidem
3165 4139 3223 4190 iu
3259 4137 3479 4192 Collect.
3515 4142 3714 4212 Dupuy
3800 4144 3870 4197 ol.
3905 4142 4026 4197 268.
4109 4145 4175 4200 Ιο
4211 4164 4320 4216 qua
4351 4156 4534 4204 tamen

3079 4222 3179 4260 nos
3211 4206 3416 4261 frustra
3448 4209 3585 4262 illud
3619 4212 4030 4281 quaesivimus.)

2753 4374 3059 4442 Gratiam
3103 4385 3171 4444 et
3212 4380 3388 4445 vitae
3427 4381 3869 4447 innocentiam
3912 4404 3954 4449 a
3993 4385 4297 4452 Domino.
4363 4387 4531 4454 Fra-

2579 4467 2683 4524 ter
2725 4460 3151 4546 Hieronymus
3175 4470 3226 4549 ι)
3283 4467 3394 4548 qui
3441 4466 3561 4532 has
3618 4466 3739 4533 tibi
3783 4469 4009 4547 offert,
4081 4469 4338 4539 Calvino
4381 4472 4528 4541 doe-

2784 4629 2843 4698 6)
2886 4631 3040 4753 (guae
3069 4633 3159 4688 hic
3200 4636 3480 4692 brevitatis
3524 4638 3708 4693 studio
3751 4641 4234 4707 praetermittimus
4275 4645 4529 4714 lequuntur

2581 4714 2688 4826 ag.5
2708 4698 2870 4753 Hess.
2929 4740 2940 4752 .
2979 4701 3013 4754 1.
3042 4718 3101 4771 p.
3136 4701 3241 4756 443
3273 4710 3385 4759 not.

2688 4766 2739 4846 ἵ.
2780 4772 2834 4834 1)
2872 4768 3030 4824 Hier.
3068 4770 3386 4842 Marianus,
3421 4789 3569 4827 unus
3590 4789 3656 4827 ea·
3689 4775 3944 4840 plumbus
3962 4776 4382 4851 Franciseamzs,
4417 4788 4527 4837 tam

2579 4834 2744 4889 Italis
2778 4853 2939 4905 quam
2974 4839 3129 4910 aliis,
3178 4845 3274 4910 qui
3305 4844 3484 4896 sacris
3517 4844 3833 4908 reformatis
3875 4847 3960 4900 vel
4002 4849 4165 4903 tacite
4195 4851 4280 4903 vel
4305 4851 4528 4919 publice

2578 4904 2843 4958 calcidam
2887 4906 3230 4986 adiecerunt,
3275 4926 3505 4980 quorum
3551 4915 3714 4966 etiam
3755 4915 4012 4969 nonnulli
4053 4919 4325 4987 sanquine
4363 4920 4527 4987 fidens

2579 4987 2737 5053 suam
2784 4975 3156 5056 obstqnarunt.
3243 4978 3520 5034 Caeterum
3565 4980 3696 5034 haec
3740 4983 3965 5052 epistola
4010 4984 4270 5040 hedenus
4307 4987 4527 5054 frustra

2579 5047 2786 5110 sev-apta
2816 5043 2926 5108 fuir
2948 5046 3121 5166 equod
3166 5062 3336 5116 neque
3376 5047 3623 5128 Graecae
3664 5066 3766 5133 per
3806 5051 4118 5136 Calvinum,
4165 5071 4337 5137 queque
4363 5057 4523 5140 ‘Lau-

2577 5124 2682 5231 gg?
2686 5126 2805 5232 '3112
2819 5127 3082 5236 μὲοεῖετι.
3110 5182 3186 5236 ad
3223 5117 4522 5257 Rmzwgzemssegssgffizeugaguwogffiffi

2576 5245 2661 5300 29.
2700 5247 2806 5303 Iul.
2843 5247 2995 5331 1544.
3075 5249 3345 5305 Ulteriora
3391 5254 3508 5307 eius
3535 5256 3662 5323 fata
3697 5261 3990 5329 mcoym'ta.
4068 5258 4151 5328 Of.
4190 5261 4398 5335 Meyer,
4433 5264 4521 5319 die

2577 5332 2653 5371 ev.
2698 5316 2989 5373 Oenianda
3019 5334 3090 5372 nu
3125 5318 3381 5378 Locarno
3415 5322 3467 5377 I.
3502 5340 3558 5394 p.
3594 5323 3711 5379 159.
3770 5353 3773 5356 -
