5050 6167
435 418 555 481 658

434 604 759 684 iustificat,
832 624 966 670 non
1030 611 1295 671 exercet
1351 604 1674 670 indicium
1754 603 2068 671 adversus
2131 603 2388 687 impios.

436 687 513 756 Si
552 689 702 774 quis
744 689 916 756 hanc
957 711 994 756 e
1135 690 1299 755 'tare
1343 690 1528 755 velit:
1574 690 1764 756 Deus
1798 710 1935 755 non
1977 698 2242 755 exercet
2284 690 2387 754 iu-

433 775 674 841 dicium
719 774 1036 842 adversus
1091 774 1359 859 impios,
1417 776 1546 841 erit
1599 776 1930 859 speciosus
1982 780 2387 859 praetextae,

433 861 547 928 sed
588 881 785 928 nemo
827 870 929 928 est
971 882 1173 928 sanae
1207 861 1451 927 mentis
1489 860 1604 944 qui
1639 880 1874 928 verum
1917 861 2027 926 hic
2067 881 2202 925 non
2245 880 2387 926 cer-

431 954 565 1014 nat.
621 945 941 1015 Recitabo
976 946 1140 1013 duas
1163 945 1380 1014 adhuc
1416 954 1532 1012 aut
1566 954 1702 1013 tres
1733 945 2000 1012 similes.
2058 945 2387 1023 Christus,

431 1041 754 1116 quatenus
796 1042 897 1099 est
938 1030 1277 1111 mediator,
1322 1053 1460 1098 non
1500 1029 1696 1098 debet
1736 1052 1815 1097 eo
1858 1029 2051 1097 modo
2093 1031 2389 1098 invocari

432 1139 556 1202 quo
600 1128 804 1201 pater.
896 1116 1221 1195 Christus,
1280 1126 1605 1201 quatenus
1644 1118 1835 1183 Dens
1877 1128 1996 1194 est,
2049 1136 2388 1200 nunquam

428 1203 552 1269 fuit
606 1203 925 1270 mortalis.
1013 1201 1283 1284 Fidelis,
1349 1212 1677 1287 quatenus
1743 1209 2187 1287 regeneratae,
2254 1222 2389 1267 non

426 1298 670 1373 peccat.
758 1286 998 1369 Homo,
1067 1298 1392 1373 quatenus
1452 1297 1554 1356 est
1609 1298 1910 1356 creatura
1963 1288 2110 1367 Dei,
2175 1288 2388 1353 bonus

430 1381 531 1441 est
566 1396 641 1441 ac
675 1382 913 1441 rectus.
982 1375 1068 1440 In
1105 1375 1212 1441 his
1247 1376 1549 1441 omnibus
1592 1379 1631 1418 θ
1654 1374 1938 1458 simplex
1972 1374 2096 1438 etsi
2131 1373 2312 1437 nuda
2329 1370 2387 1459 ²)

426 1460 677 1527 veritas
731 1462 807 1526 in
871 1481 955 1527 ex
1002 1458 1374 1540 orientibus,
1441 1461 1569 1527 erit
1623 1459 2068 1527 controversia
2127 1459 2187 1524 si
2238 1459 2387 1543 quis

427 1547 632 1611 rixari
676 1545 856 1613 velit.
996 1568 1184 1613 erum
1227 1567 1488 1629 semper
1529 1546 1771 1612 solutio
1807 1545 2003 1629 plana
2045 1552 2166 1623 est,
2212 1544 2386 1629 quod

428 1632 675 1699 sufficit
714 1631 933 1716 aliquo
970 1632 1164 1698 modo
1206 1631 1313 1698 vel
1350 1631 1716 1699 secundum
1759 1631 2045 1714 aliquem
2086 1630 2384 1696 intellec-

427 1726 570 1783 tum
615 1738 806 1784 veras
846 1738 1007 1785 esse.

599 1803 772 1869 Tum
830 1802 915 1869 ad
972 1803 1158 1869 illum
1214 1802 1460 1870 nodum
1518 1814 1790 1870 ventum
1863 1809 1965 1868 est
2020 1801 2195 1885 quod
2249 1822 2383 1866 non

421 1889 701 1972 putabat
741 1911 930 1974 posse
966 1910 1086 1956 nos
1128 1889 1306 1973 loqui
1348 1889 1431 1956 de
1473 1887 1725 1956 Christi
1767 1888 2053 1954 essentia
2094 1896 2384 1970 praeter-

423 1976 519 2042 ita
561 1996 882 2060 personae
925 1975 1279 2059 mentione.
1362 1974 1658 2061 Opposui
1696 1974 1985 2058 primum
2024 1975 2134 2039 Au
2227 1972 2383 2039 stini

427 2063 845 2128 autoritatem
869 2062 980 2145 qui
1015 2068 1298 2128 oestatur
1318 2082 1441 2128 nos
1474 2061 1775 2128 bifariam
1810 2060 1874 2125 lo
1921 2061 1989 2123 ui
2014 2057 2094 2124 de
2174 2058 2385 2124 hristo

580 2169 618 2214 e
660 2158 980 2233 quatenus
1025 2149 1211 2214 Deus
1255 2155 1374 2226 est,
1419 2145 1781 2214 secundum
1825 2165 1898 2210 re
1924 2146 2215 2210 ationem
2258 2144 2384 2210 sci-

471 2244 577 2300 cet
621 2242 691 2298 et
731 2233 1130 2317 simpliciter.
1209 2233 1303 2299 Et
1343 2254 1430 2298 ne
1473 2232 1730 2318 longior
1769 2239 1946 2297 esset
1985 2232 2158 2297 disce
2206 2231 2364 2295 tatio

421 2318 669 2404 protuli
712 2318 1028 2403 quosdam
1065 2318 1306 2403 cyrilli
1349 2317 1544 2399 locos,
1588 2316 1703 2383 ubi
1747 2316 2010 2383 disertis
2055 2337 2171 2383 ver
2215 2316 2272 2382 is
2315 2280 2385 2380 id

419 2406 643 2489 ipsum
678 2403 758 2471 de
795 2426 922 2489 quo
957 2404 1410 2489 ambigebatur
1430 2409 1469 2448 θ
1502 2402 1905 2489 praeiudicat
1929 2403 1988 2487 ⁸)
2027 2404 2123 2487 (in
2164 2407 2270 2467 14⁰
2312 2402 2383 2467 in

419 2491 742 2557 Ioannem
786 2513 847 2557 v.
893 2493 1034 2570 28):
1095 2489 1291 2571 Quod
1335 2512 1376 2556 a
1419 2513 1491 2557 se
1546 2491 1688 2574 ipso
1734 2488 1942 2556 vitam
1984 2510 2119 2554 non
2163 2487 2383 2568 habet,

419 2597 550 2660 quo
615 2574 809 2642 modo
874 2596 1064 2641 corru
1112 2576 1295 2642 tibile
1317 2580 1356 2619 θ
1412 2598 1546 2642 non
1603 2573 1772 2642 erit?
1862 2576 2386 2660 Argumentatur

419 2661 504 2728 ab
548 2660 856 2741 absurdo,
900 2670 980 2729 ut
1014 2660 1069 2728 G
1159 2663 1173 2677 “
1214 2670 1354 2727 tum
1401 2683 1441 2728 a
1483 2685 1553 2730 se
1596 2663 1740 2746 ipso
1786 2682 1929 2727 esse
1973 2666 2382 2745 extorqueat.

417 2748 646 2817 Locus
685 2756 788 2815 est
830 2748 1069 2815 clarus.
1142 2746 1467 2814 Similiter
1501 2747 1757 2833 dialogo
1798 2746 1880 2813 de
1913 2747 2212 2813 trinitate
2248 2746 2382 2834 (3):

421 2832 620 2921 Quod
664 2835 870 2902 vitam
913 2839 982 2900 et
1020 2833 1583 2900 immortalitatem
1672 2833 1917 2898 ossidet
1960 2838 2027 2897 et
2062 2854 2102 2898 a
2136 2853 2206 2899 se
2239 2831 2384 2916 ipso

419 2919 547 2987 hoc
608 2940 742 2985 non
799 2919 1016 2999 habet,
1082 2919 1351 2986 omnino
1409 2928 1626 2986 morta
1652 2940 1688 2985 e
1711 2923 1750 2962 θ
1807 2920 1950 2984 erit.
2052 2917 2384 3003 Loquitur

418 3013 646 3072 autem
688 3007 759 3071 in
801 3027 922 3072 sua
956 3026 1250 3090 persona,
1293 3027 1427 3071 non
1463 3005 1824 3073 adversarii
1865 3004 2032 3070 libro
2074 3011 2171 3071 10.
2209 3002 2381 3070 The-

420 3092 606 3157 sauri
649 3110 786 3174 cap.
827 3092 900 3155 2:
944 3090 1206 3173 Accipit
1239 3112 1279 3157 a
1321 3099 1505 3175 patre
1548 3099 1747 3177 atque
1790 3091 1986 3156 etiam
2027 3112 2068 3157 a
2106 3112 2176 3157 se
2218 3089 2382 3174 ipse,

418 3197 850 3261 quaecunque
928 3176 1323 3243 naturaliter
1399 3177 1600 3245 habet
1679 3184 1754 3243 ut
1830 3174 2008 3243 deus.
2096 3176 2385 3241 Dixerat

418 3270 646 3331 autem
702 3262 929 3329 statim
981 3263 1064 3328 ab
1120 3263 1309 3329 initio
1364 3261 1547 3329 libri:
1614 3263 1676 3328 N
1681 3284 1789 3328 am
1843 3262 1902 3328 si
1957 3261 2128 3327 nihil
2183 3260 2385 3328 habet

416 3347 597 3415 filius
657 3368 698 3414 a
753 3369 823 3413 se
879 3348 902 3413 i
948 3368 1022 3414 so
1038 3399 1055 3426 ,
1120 3370 1328 3432 neque
1387 3350 1586 3414 etiam
1651 3347 1920 3415 habebit
1973 3356 2160 3432 pater
2218 3369 2259 3413 a
2311 3366 2384 3412 se

416 3433 584 3519 ipso,
647 3433 731 3499 ad
772 3433 891 3501 illu
977 3432 1278 3501 Ioannis:
1338 3432 1529 3500 Sicut
1582 3441 1770 3518 pater
1819 3433 2018 3500 habet
2056 3434 2267 3501 vitam
2309 3431 2385 3497 in

417 3527 633 3586 semet
686 3520 864 3604 ipsO,
927 3520 1025 3586 ita
1079 3528 1146 3586 et
1197 3521 1332 3586 filio
1389 3519 1568 3587 dedit
1621 3519 1829 3587 vitam
1883 3518 2127 3587 habere
2183 3521 2256 3584 in
2314 3540 2385 3585 se

415 3605 585 3690 ipso.
671 3604 1014 3689 Respondi
1113 3605 1384 3687 rimum,
1442 3629 1655 3691 neque
1706 3608 1778 3673 in
1832 3604 2127 3672 divinam
2170 3626 2385 3691 neque

415 3691 492 3757 in
537 3692 903 3757 humanam
937 3691 1188 3759 Christi
1223 3700 1526 3759 naturam
1572 3692 1954 3777 simpliciter
1996 3700 2384 3774 competere,

419 3775 541 3844 sed
579 3778 653 3843 in
696 3783 901 3843 totam
936 3798 1306 3861 personam,
1351 3787 1673 3861 quatenus
1707 3778 1897 3844 Deus
1932 3785 2036 3844 est
2068 3787 2135 3843 et
2169 3777 2384 3860 homo,

418 3862 624 3929 simul
667 3862 990 3949 mediator
1030 3863 1161 3929 Dei
1205 3871 1274 3930 et
1316 3863 1679 3943 hominum,
1724 3862 1895 3930 sicut
1949 3864 2162 3930 multa
2203 3865 2385 3931 simi-

411 3946 512 4014 lia
551 3970 721 4033 quae
765 3968 842 4014 eo
896 3970 974 4016 ca
1017 3949 1110 4015 ite
1166 3949 1613 4016 eontinentur:
1671 3949 1865 4033 quale
1918 3959 2039 4028 est,
2097 3950 2386 4018 officium

418 4041 487 4099 et
543 4035 654 4101 ius
709 3970 1039 4101 iudicandi
1108 4034 1208 4100 illi
1262 4035 1491 4103 datum
1547 4055 1690 4101 esse
1749 4057 1789 4101 a
1845 4043 2050 4119 patre.
2156 4035 2386 4120 Neque

416 4121 601 4187 enim
658 4118 859 4187 iudex
913 4119 1146 4186 mundi
1199 4128 1301 4187 est
1353 4120 1742 4207 simpliciter
1783 4127 1861 4188 ιιι
1903 4121 2117 4202 homo,
2172 4142 2387 4206 neque

416 4205 809 4291 simpliciter
870 4214 947 4272 ut
1012 4206 1190 4284 deus,
1256 4205 1373 4273 sed
1436 4215 1514 4274 ut
1578 4206 1738 4274 deus
1803 4208 2259 4275 manifestatus
2314 4208 2388 4273 in

417 4312 642 4358 earne.
731 4291 993 4358 Deinde
1052 4290 1302 4371 addidi,
1371 4292 1713 4359 Christum
1773 4292 1910 4360 illic
1966 4294 2240 4359 minime
2305 4293 2387 4358 de

319 4376 342 4393 κ
418 4399 672 4445 arcana
713 4400 834 4444 sua
877 4379 1161 4445 essentia
1196 4377 1534 4457 disserere,
1578 4388 1694 4444 aut
1726 4378 1935 4462 qualis
1976 4381 2159 4447 intus
2203 4380 2273 4444 in
2318 4400 2387 4445 se

415 4462 567 4548 ipso
628 4463 744 4543 sit,
806 4463 923 4530 sed
980 4464 1060 4529 de
1113 4464 1323 4529 officio
1378 4465 1770 4543 concionari,
1827 4463 2004 4547 quod
2059 4472 2162 4532 est
2216 4465 2387 4533 vivi-

419 4549 669 4615 ficandi
712 4548 1070 4615 efficaciam
1108 4548 1350 4614 habere
1394 4570 1469 4616 ac
1512 4548 1889 4643 virtuteQ

602 4634 787 4701 Nihil
846 4656 1011 4720 opus
1069 4642 1171 4701 est
1234 4644 1352 4701 aut
1414 4634 1642 4701 ordine
1703 4656 2087 4702 enumerare
2146 4639 2387 4716 omnia,

423 4729 549 4786 aut
582 4719 665 4785 ad
685 4721 967 4788 verbum
1001 4725 1040 4764 θ
1067 4742 1458 4789 enumerare
1472 4723 1535 4804 ⁴)
1579 4720 1846 4806 singula
1864 4722 2171 4789 recitare:
2199 4743 2387 4807 prae-

641 4995 703 5064 2)
738 4996 1008 5055 Fortasse
1041 4996 1359 5067 legendum.-
1405 4998 1510 5053 etsi
1550 4997 1781 5065 simplex
1818 5003 1874 5050 et
1909 4997 2070 5050 nuda.
2139 4997 2393 5052 Alta-um

425 5065 806 5149 apoqmphcpt
853 5069 935 5123 sie
976 5068 1166 5124 habet.-
1222 5069 1288 5150 131
1335 5070 1420 5123 his
1468 5067 1734 5132 omnibus,
1787 5065 1898 5147 nisi·
1938 5067 2169 5148 simplex
2217 5068 2290 5120 sit
2336 5073 2394 5148 et

430 5135 602 5214 nuda,
638 5143 843 5191 veritas
877 5139 934 5192 in
970 5139 1370 5207 exponentibus
1406 5139 1528 5204 erit,
1563 5142 1951 5202 controversia,
1989 5151 2034 5188 ει
2072 5152 2193 5204 quis
2224 5136 2394 5189 rixari

426 5205 588 5258 vem·
646 5272 709 5339 3)
746 5272 1052 5344 Exemplar
1087 5275 1350 5329 durum.-
1396 5276 1724 5353 pronunciat
1767 5274 1886 5353 (lib.
1922 5270 1958 5324 4
1990 5274 2050 5326 in
2084 5272 2161 5327 Io.
2197 5292 2241 5326 c.
2283 5272 2391 5341 18).

651 5345 711 5409 4)
752 5360 1069 5399 enumerare
1104 5343 1366 5405 damur.
1438 5340 1608 5399 Οοᾶἀ.
1643 5342 1806 5399 ahter
1838 5346 2262 5412 werpum-ant.

1885 424 1910 484 1
1922 420 2046 483 543
2090 418 2155 485 N
2158 414 3007 486 OVEMB.—DEOEMB.

4325 421 4453 486 654

2493 609 2688 692 cipua
2740 615 2999 673 tantum
3055 606 3273 688 capita
3331 604 3539 669 obiter
3582 611 3811 673 notare
3867 603 4065 671 volui.
4154 603 4352 687 Quod
4392 607 4452 673 si

2493 693 2922 760 tumultuarie
2977 692 3176 759 nimis
3233 691 3482 757 factum
3524 698 3643 769 est,
3703 689 4131 771 festinationi,
4191 712 4450 775 quaeso,

2491 780 2829 864 ignoscite.
2895 778 3006 844 Ad
3048 785 3423 845 extremum
3465 774 3547 841 de
3589 776 3851 861 integro
3893 784 4174 844 testatus
4216 786 4333 857 est,
4379 797 4451 843 se

2495 886 2628 930 non
2663 863 2808 930 ideo
2833 884 3096 931 vocasse
3130 865 3200 929 in
3237 860 3512 927 dubium
3546 860 3721 926 hanc
3756 862 4225 945 quaestionem,
4262 883 4391 946 quo
4411 866 4453 905 ὓ

2493 949 2694 1016 vellet
2752 970 3021 1015 sensum
3074 948 3276 1014 semel
3333 956 3722 1031 conceptum
3778 948 4201 1030 pertinaciter
4254 948 4448 1026 tueri,

2491 1056 2707 1120 neque
2750 1034 2876 1100 alio
2921 1035 3141 1100 animo
3184 1032 3315 1100 huc
3356 1032 3618 1099 venisse
3654 1054 3854 1117 quam
3894 1040 3973 1098 ut
4004 1031 4301 1113 disceret,
4347 1054 4451 1101 se·

2490 1143 2616 1204 que
2705 1129 2962 1186 aratum
3005 1141 3149 1185 esse
3192 1120 3601 1203 acquiescere
3639 1118 3898 1185 rationi.

2737 1227 2811 1272 oc
2868 1212 3198 1271 transacto
3252 1204 3336 1270 ad
3389 1203 3521 1269 alia
3576 1205 4025 1271 transivimus.
4114 1201 4451 1269 Admonui

2492 1303 2741 1376 quanta
2795 1293 2977 1375 potui
3033 1290 3305 1356 lenitate
3363 1296 3456 1367 ut,
3514 1290 3649 1355 iam
3706 1290 4158 1373 experimento
4217 1287 4449 1356 doctus

2491 1375 3952 1547 gxsssswzzfflssffiffizmmfflssamffiffiffiss
3982 1376 4256 1528 &3223
4297 1375 4450 1526 {35ss

2490 1551 2786 1615 oratione
2839 1570 3007 1633 quae
3053 1547 3137 1614 ad
3193 1568 3340 1613 eam
3383 1568 3526 1613 rem
3583 1556 3737 1630 apta
3778 1546 4144 1614 videbatur.
4231 1546 4450 1613 Multa

2490 1636 2743 1701 asserui
2802 1634 2882 1700 de
2939 1643 3311 1717 temporum
3367 1640 3738 1699 nostrorum
3796 1633 4168 1699 miserrima
4223 1631 4449 1698 condi-

2489 1720 2690 1785 tione.
2777 1719 3097 1803 Inprimis
3140 1720 3441 1785 hortatus
3499 1738 3647 1784 sum
3690 1725 3765 1783 ut
3815 1719 3990 1784 bona
4030 1715 4161 1784 fide
4202 1716 4451 1783 rediret

2488 1808 2560 1871 in
2602 1806 2918 1891 gratiam:
2978 1805 3103 1871 hoc
3158 1813 3383 1870 tamen
3438 1804 3576 1870 fore
3629 1802 3896 1869 demum
3938 1805 3995 1869 si
4046 1803 4260 1869 intelli
4308 1812 4450 1869 eret

2488 1912 2625 1957 non
2669 1891 2863 1957 aliter
2902 1912 2973 1958 se
3006 1891 3280 1958 Christo
3319 1892 3566 1957 servire
3609 1908 3821 1973 posse,
3866 1890 3995 1957 nisi
4037 1910 4234 1956 conco
4315 1890 4449 1953 iam

2489 1984 2557 2043 et
2619 1978 2940 2044 unitatem
3013 1998 3165 2053 cum
3238 1976 3380 2042 eius
3458 1977 3670 2042 servis
3748 1975 4010 2041 coleret.
4116 1974 4225 2040 De
4288 1992 4450 2041 vera

2489 2063 2765 2129 scientia
2821 2063 2932 2131 vel
2990 2062 3290 2130 doctrina
3344 2062 3545 2127 etiam
3606 2059 3935 2142 admonui,
4000 2060 4215 2145 qualis
4276 2066 4450 2126 esset

2489 2158 2687 2233 atque
2728 2150 2802 2213 in
2844 2170 3036 2233 quem
3079 2150 3281 2214 finem
3326 2159 3394 2213 et
3434 2168 3627 2213 usum
3671 2146 4078 2212 conferenda.
4158 2146 4447 2212 Promit-

2486 2235 2572 2300 tit
2626 2254 2696 2301 se
2756 2234 2827 2300 in
2882 2235 3093 2301 officio
3145 2235 3241 2301 ita
3291 2235 3611 2312 futurum,
3668 2252 3756 2298 ne
3798 2253 3999 2316 quam
4041 2231 4445 2298 occasionem

2487 2319 2571 2386 de
2628 2341 2701 2386 se
2757 2319 3192 2405 conquerendi
3244 2321 3570 2404 praebeat.
3658 2318 3843 2384 Petit
3904 2325 4127 2383 autem
4190 2317 4447 2382 interea

2488 2405 2719 2471 haberi
2763 2406 2866 2472 sui
2904 2407 3249 2485 rationem,
3286 2415 3360 2469 ut
3393 2404 3452 2470 si
3494 2425 3626 2470 non
3672 2403 3978 2471 vide'atur
4009 2402 4265 2469 inutilis
4300 2399 4446 2467 des-

2484 2494 2736 2558 tinetur
2797 2491 2882 2557 ad
2959 2492 3246 2575 aliquam
3299 2491 3719 2569 functionem,
3787 2490 3901 2556 ubi
3964 2488 4188 2555 oblata
4246 2486 4451 2552 fuerit

2487 2576 2928 2645 commoditas.
3031 2575 3242 2643 Suam
3306 2577 3418 2641 ino
3465 2576 3598 2642 iam
3675 2575 3933 2660 allegat.
4031 2574 4117 2639 In
4185 2592 4448 2637 summa

2487 2664 2786 2730 obsecrat
2827 2683 2946 2728 nos
2986 2683 3215 2728 omnes
3237 2663 3376 2745 ‘per
3416 2597 3799 2741 Dominum,
3855 2681 3943 2725 ne
3982 2660 4281 2742 praecisa
4321 2657 4449 2722 hae

2486 2749 2615 2817 sibi
2658 2770 2774 2833 spe
2817 2767 2892 2813 co
2978 2758 3088 2815 tur
3121 2748 3248 2813 alio
3284 2767 3355 2813 se
3390 2747 3703 2826 conferre,
3746 2745 3861 2812 ubi
3890 2747 4078 2812 Deus
4155 2764 4276 2809 ure
4311 2762 4448 2808 non

2485 2837 2850 2902 invocatur.
2961 2834 3046 2900 isi
3087 2833 3255 2899 mihi
3289 2855 3331 2900 a
3372 2833 3556 2900 vobis
3591 2832 3766 2898 ultro
3800 2852 4102 2898 commen
4150 2827 4446 2913 atus*⁶),

2486 2942 2752 3007 agerem
2796 2920 2878 2987 de
2920 2942 2997 2987 eo
3051 2920 3349 3005 pluribus
3389 2919 3612 2986 verbis
3668 2918 4024 2987 vobiscum.
4110 2915 4261 2982 Hoc
4299 2921 4448 2980 tan·—

2487 3014 2634 3074 tum
2674 3027 2717 3072 a
2749 3007 2936 3075 vobis
2976 3013 3130 3091 peto
3171 3013 3252 3071 ut
3292 3002 3374 3069 de
3416 3004 3668 3071 ratione
3710 3003 4088 3088 dispiciatis,
4131 3022 4266 3085 qua
4297 3021 4447 3084 pos-

2488 3094 2581 3159 sit
2645 3093 2788 3159 eius
2852 3091 3053 3159 saluti
3115 3090 3382 3158 consuli.
3470 3090 3801 3157 Dominus
3855 3089 4047 3155 illum
4109 3084 4449 3154 nonnullis

2488 3178 2747 3246 dotibus
2792 3179 3087 3244 ornavit:
3129 3198 3291 3261 quas
3334 3174 3392 3241 si
3442 3173 3527 3241 ad
3574 3175 3888 3243 ecclesiae
3922 3173 4450 3242 aedificationem

2487 3265 2782 3331 conferre
2824 3267 2895 3329 in
2937 3264 3234 3330 animum
3292 3260 3645 3341 induxerit,
3704 3260 3878 3344 quod
3918 3261 4247 3327 facturum
4293 3277 4446 3325 con-

2487 3349 2639 3429 fide,
2703 3371 2836 3415 non
2899 3358 3002 3416 est
3064 3346 3519 3434 negligendus.
3606 3347 3782 3413 Eum
3837 3367 3996 3430 ergo
4051 3365 4174 3430 pro
4224 3350 4448 3410 vestra

2488 3437 2762 3503 caritate
2821 3436 2993 3501 susci
3041 3435 3133 3500 ite
3191 3442 3258 3499 et
3313 3433 3801 3517 amplectimini,
3862 3431 4121 3498 abolitis
4177 3428 4448 3494 offensis

2490 3520 2810 3588 omnibus.
2889 3519 2958 3585 V
3023 3528 3128 3586 ete
3169 3522 3407 3585 fratres
3451 3517 3871 3587 dilectissimi.
3953 3516 4281 3584 Dominus
4324 3531 4446 3580 vos

2489 3615 2837 3760 (ἕπει-νει
2854 3626 3149 3732 ⁶semper
3200 3605 3551 3671 unanimes
3594 3626 3670 3671 ac
3725 3604 3963 3689 spiritu
4016 3622 4139 3669 suo
4183 3599 4445 3684 dirigat.

2561 3712 2826 3759 enevae.
2885 3695 2912 3776 )

3665 3826 3992 3895 Calvinus
4034 3833 4270 3893 vester.

3272 4107 3677 4121 ffl--—--——,—

3393 4307 3548 4378 522.

3010 4458 3443 4529 SINAPIUS
3489 4456 3928 4528 CALV'INO.

2666 4634 3024 4701 Domestica
3065 4637 3120 4699 et
3161 4631 3378 4699 italica
3418 4637 3663 4700 narrat.

2813 4823 2927 4891 (Ex
2961 4821 3303 4891 autographo
3334 4821 3465 4876 Ood.
3501 4820 3704 4876 Gener.
3745 4818 3847 4873 112
3879 4818 3970 4873 fol.
4007 4817 4119 4885 22.)

2703 4994 2763 5061 ὃ)
2801 4995 2880 5049 In
2912 4992 3083 5048 altero
3131 4991 3459 5072 apost-who
3505 4990 3769 5046 Fau-ellus
3809 4986 4142 5059 adscripsit.-
4187 4986 4446 5040 fortasse:

2872 5061 3149 5117 evidenter
3183 5059 3387 5116 excudat

2496 5066 2657 5133 foret,
2692 5062 2862 5200 {3⁰3⁸
2894 5130 3064 5185 altero
3098 5100 3426 5199 apoqraph‘o
3460 5126 3676 5183 Farelli
3720 5141 3894 5180 manu
3931 5124 4281 5247 adscrifftxm
4313 5122 4445 5192 legi—

2495 5206 2625 5283 ίαν..-
2683 5200 2817 5255 1543
2867 5206 2992 5269 post
3042 5200 3357 5298 Angustum.
3436 5195 3566 5276 „Noe
3609 5200 3743 5264 post
3798 5192 4035 5275 vadium
4150 5192 4447 5317 ovembrekn

2496 5276 2768 5396 23,ng
2794 5275 3093 5351 Ρμιαηκιε,
3128 5281 3500 5390 miz?
3540 5262 3609 5345 ·G.
3656 5262 3734 5317 ad
3771 5262 4019 5318 eretwm
4065 5263 4321 5318 seram-et
4431 5300 4446 5314 .
