5050 6167
655 454 781 519 355

654 637 729 704 in
770 637 894 703 hoc
934 634 1400 719 pronunciasse
1442 632 1698 718 legatos
1737 641 1817 697 ut
1871 632 2120 697 abirem
2133 679 2152 710 ,
2212 629 2328 696 sed
2384 637 2462 693 ut
2503 648 2612 692 res

656 721 958 806 componi
1021 720 1229 785 amice
1295 729 1531 802 posset.
1655 716 1981 802 Egredior
2048 714 2233 781 tarde
2295 715 2609 792 Bernam,

656 807 775 875 sed
815 808 909 872 ita
951 806 1172 889 equito
1216 812 1291 870 ut
1335 805 1495 870 satis
1538 804 1927 886 tempestive
1962 802 2259 868 venirem
2304 809 2456 865 ante
2491 798 2611 863 ho-

654 913 799 959 ram
843 891 1188 959 concionis.
1277 889 1571 973 Populus
1627 897 2029 956 convocatur
2084 902 2151 953 et
2203 885 2612 969 protrahitur

655 980 821 1045 hora
864 978 948 1043 ad
991 976 1329 1043 decimam.
1419 975 1823 1041 Conclusam
1856 975 1983 1039 fuit
2023 994 2130 1038 me
2170 969 2608 1037 retinendum.

658 1063 774 1131 Sic
816 1071 1077 1146 peracta
1108 1062 1380 1126 fuerunt
1411 1061 1649 1126 omnia.
1716 1060 2011 1142 Populus
2054 1059 2264 1140 coepit
2305 1057 2608 1138 frequen-

657 1150 788 1215 tior
832 1147 1039 1213 multo
1082 1168 1222 1212 esse
1280 1147 1354 1211 in
1397 1146 1831 1212 concionibus,
1921 1145 2240 1209 Vestrum
2283 1143 2410 1207 erit
2454 1139 2611 1207 Con-

656 1255 878 1301 zenum
935 1234 1009 1297 in
1073 1232 1286 1298 officio
1343 1233 1628 1297 retinere
1645 1282 1662 1310 ,
1729 1252 1806 1297 ac
1861 1231 2119 1296 efficere
2182 1238 2260 1293 ut
2315 1227 2610 1293 sanctius

654 1319 1094 1403 prospiciatur
1127 1317 1431 1395 ecclesiis,
1469 1338 1553 1382 ne
1586 1337 1704 1400 pro
1739 1315 2109 1399 pastoribus
2141 1316 2404 1398 pietate,
2449 1330 2612 1378 sana

657 1405 986 1482 doctrina,
1042 1403 1437 1487 incorruptis
1479 1415 1548 1467 et
1588 1402 1965 1469 christianis
2008 1399 2297 1466 moribus
2340 1398 2608 1475 ornatis,

657 1492 771 1573 qui
813 1497 1038 1555 sancte
1080 1489 1330 1553 intrent
1362 1498 1430 1552 et
1464 1487 1925 1553 administrent
1965 1486 2323 1563 ecclesiam,
2368 1485 2613 1565 impos-

655 1585 833 1641 tores
866 1574 1072 1658 impii‚
1117 1593 1468 1657 perversae
1511 1573 1845 1639 doctrinae
1879 1573 2298 1654 moribusque
2342 1589 2611 1651 corrup·

655 1661 931 1726 tissimis
996 1660 1451 1743 praeferantur
1516 1658 1659 1725 sine
1722 1658 1954 1723 ordine
2006 1659 2079 1722 in
2135 1657 2396 1721 ruinam
2470 1675 2611 1718 om-

657 1747 842 1811 nium
859 1797 876 1824 ,
932 1753 1000 1810 et
1053 1745 1165 1827 qui
1233 1752 1588 1828 peccarunt
1640 1744 1907 1828 gravius
1963 1743 2354 1825 plectantur.
2457 1740 2609 1804 Non

658 1831 836 1896 enim
869 1832 944 1895 in
987 1832 1112 1896 hoc
1143 1829 1492 1895 ministerii
1537 1828 1837 1895 habenda
1870 1835 1973 1894 est
2012 1829 2181 1894 ratio
2224 1835 2300 1892 ut
2341 1826 2612 1909 impune

659 1918 954 1982 ferantur
997 1916 1155 1981 mali
1194 1916 1479 1980 ministri
1514 1914 1736 1979 omnia
1770 1934 1983 1999 agere,
2028 1922 2104 1978 ut
2147 1911 2448 1977 nonnulli
2492 1931 2610 1976 vo·

657 2001 809 2067 lunt
851 2001 958 2068 vel
1003 2000 1246 2079 dicunt,
1305 1999 1438 2076 sed,
1485 2007 1558 2064 ut
1601 1999 1892 2065 dicebam
1935 2000 2007 2064 in
2049 2007 2283 2064 senatu
2327 1998 2610 2072 Bernae,

656 2095 798 2152 tum
862 2087 1031 2153 belle
1085 2086 1253 2151 ratio
1310 2084 1586 2151 habetur
1643 2086 2041 2151 sacrosancti
2105 2083 2483 2160 ministerii,
2553 2082 2615 2146 si

656 2193 825 2255 quae
869 2173 939 2236 in
997 2171 1146 2237 aliis
1189 2172 1332 2236 fieri
1393 2178 1672 2254 possunt
1725 2171 1834 2235 hic
1889 2171 2160 2254 gravius
2218 2168 2607 2252 plectantur,

656 2265 1103 2341 cogunturque
1147 2256 1216 2321 in
1251 2255 1549 2321 ordinem
1605 2257 1715 2339 qui
1770 2277 1904 2320 non
1962 2263 2249 2338 pergunt
2291 2252 2608 2319 ordinate.

653 2342 746 2407 Et
779 2343 926 2408 istic
967 2343 1152 2408 vobis
1195 2341 1671 2424 incipiendum,
1730 2341 1876 2406 aliis
1919 2362 2002 2406 ne
2045 2341 2188 2405 sitis
2231 2338 2609 2422 exemplum

738 2428 1010 2494 rniciem
1056 2426 1474 2493 ecclesiarum
1521 2425 1980 2491 dissimulandi
2022 2436 2088 2491 et
2130 2425 2398 2490 ferendi.
2471 2422 2610 2490 Sed

699 2512 836 2578 edit
890 2512 1077 2579 vobis
1136 2510 1311 2578 dona
1356 2511 1684 2577 Dominus
1740 2510 1976 2595 quibus
2028 2512 2303 2595 potestis
2353 2512 2610 2593 prospi-

653 2618 801 2665 cere
865 2597 1184 2674 ecclesiis,
1263 2598 1500 2680 quibus
1565 2606 1744 2662 certa
1807 2598 1878 2661 in
1941 2597 2305 2662 Dominum
2370 2596 2611 2662 fiducia

653 2682 974 2749 utendum
1019 2682 1202 2749 vobis
1247 2694 1362 2748 est.
1452 2680 1642 2747 Serio
1699 2681 1964 2747 tandem
2023 2679 2369 2747 tractanda
2426 2681 2610 2747 venit

652 2769 961 2835 ecclesiae
1001 2767 1362 2852 disciplina,
1406 2768 1751 2851 praecipue
1786 2770 1856 2832 in
1892 2768 2231 2833 ministris.
2298 2767 2433 2834 Ubi
2466 2788 2608 2832 om·-

652 2854 849 2920 nibus
892 2853 1344 2930 destituimur,
1404 2873 1603 2918 causa
1655 2873 1925 2935 prorsus
1985 2852 2454 2919 committenda
2506 2859 2608 2917 est

651 2939 956 3018 Domine,
1014 2939 1131 3004 sed
1172 2939 1287 3005 ubi
1333 2938 1520 3004 nobis
1565 2939 1661 3003 uti
1706 2939 1883 3014 vult,
1943 2959 2077 3004 non
2122 2948 2222 3004 est
2263 2937 2606 3023 negligen-

652 3024 809 3090 dum
852 3024 1026 3108 quod
1069 3024 1183 3089 dat
1218 3023 1562 3090 Dominus.
1651 3024 1928 3090 Habetis
1971 3025 2170 3103 viam,
2214 3033 2283 3090 et
2324 3045 2443 3108 per
2485 3044 2608 3089 vos

650 3119 720 3176 et
760 3131 880 3195 per
923 3110 1084 3175 alias
1127 3109 1448 3187 ecclesias,
1493 3108 1734 3194 agendi
1766 3118 1843 3175 ut
1875 3117 2198 3195 purgetur
2229 3111 2361 3176 ista
2402 3109 2607 3175 eccle-

649 3198 779 3262 sia:
817 3216 902 3260 ne
938 3194 1309 3280 negligatis,
1347 3215 1512 3278 quae
1547 3196 1760 3279 magis
1792 3208 2049 3275 nocent,
2086 3203 2155 3261 et
2186 3216 2353 3279 quae
2387 3196 2605 3279 primo

653 3291 812 3346 sunt
854 3280 1145 3347 curanda
1180 3301 1314 3346 non
1349 3288 1680 3364 postremo
1723 3283 2151 3367 attingantur.
2240 3282 2372 3348 Hic
2414 3281 2605 3347 nobis

649 3376 752 3432 est
793 3365 1198 3432 invocandus
1237 3367 1584 3432 Dominus.
1672 3366 1847 3432 Nam
1902 3365 2090 3433 video
2148 3386 2284 3431 non
2344 3373 2606 3432 tantum

647 3459 960 3535 pastores,
1005 3472 1089 3517 ne
1125 3450 1340 3517 dicam
1373 3452 1781 3534 impostores,
1818 3453 1888 3517 in
1925 3452 2258 3519 vertendis
2298 3453 2603 3518 omnibus

647 3536 1018 3602 intrudere:
1091 3558 1324 3602 verum
1381 3537 1582 3602 etiam
1650 3558 1784 3602 non
1838 3559 2025 3603 raros
2082 3537 2155 3602 in
2211 3538 2603 3621 magistratu

647 3623 759 3705 qui
796 3629 1031 3704 putant
1073 3622 1199 3688 sibi
1232 3623 1427 3688 licere
1469 3631 1796 3705 pastorem
1832 3623 2183 3690 deturbare
2217 3645 2254 3688 e
2287 3624 2430 3689 loco
2466 3642 2602 3688 uno

648 3716 727 3772 ut
769 3708 838 3772 in
883 3707 1085 3772 alium
1128 3709 1473 3785 sufficiant,
1520 3729 1650 3773 non
1695 3710 1869 3773 iusta
1908 3710 2280 3786 vocatione,
2337 3708 2455 3773 sed
2496 3710 2600 3773 in-

648 3813 810 3860 sana
851 3793 1245 3859 confusione.
1331 3793 1462 3860 Hic
1507 3815 1638 3859 non
1700 3795 2012 3860 debemus
2074 3794 2351 3876 prodere
2395 3795 2600 3859 eccle-

648 3880 798 3944 sias.
864 3878 1194 3944 Existimo
1238 3899 1358 3944 vos
1394 3880 1719 3963 accepisse
1752 3881 2090 3964 ingentem
2119 3880 2302 3945 illam
2348 3877 2601 3945 cladem

647 3983 815 4046 quae
858 3964 1133 4047 contigit
1170 3964 1458 4031 ecclesiis
1503 3975 1639 4029 tam
1685 3965 1929 4031 orbatis
1966 3973 2063 4030 tot
2096 3964 2291 4031 claris
2334 3965 2601 4030 lumini-

648 4050 790 4124 bus,
839 4047 1137 4130 Capitone
1179 4050 1355 4115 ultra
1408 4052 1789 4134 Grynaeum,
1846 4051 2088 4133 quibus
2131 4051 2420 4116 adiuncti
2459 4052 2602 4116 fue-

649 4143 814 4199 runt
855 4141 957 4199 tot
999 4135 1295 4218 insignes
1347 4135 1742 4219 reipublicae
1796 4137 2194 4202 christianae
2249 4146 2600 4216 curatores,

642 4220 778 4285 iam
821 4220 893 4284 in
937 4239 1097 4302 pace
1139 4242 1291 4287 cum
1333 4222 1617 4286 Domino
1659 4231 1946 4307 agentes,
2001 4222 2244 4305 quibus
2283 4222 2600 4306 indignus

645 4315 788 4370 erat
829 4304 1133 4370 mundus.
1220 4305 1524 4372 Christus
1565 4307 1752 4373 Iesus
1795 4310 2037 4373 excitet
2077 4309 2264 4375 nobis
2321 4328 2454 4372 non
2497 4309 2600 4372 in-

644 4392 913 4456 seriores
956 4389 1104 4455 illis.
1173 4390 1392 4471 Quam
1438 4414 1642 4477 angor
1678 4415 1872 4476 super
1918 4393 2184 4471 Bucero,
2231 4414 2428 4477 quem
2469 4392 2598 4457 ful-

645 4476 776 4541 ciat
833 4485 901 4540 et
955 4488 1144 4541 sanet
1197 4476 1312 4542 diu
1382 4478 1569 4544 nobis
1627 4480 1952 4545 Dominus
2022 4500 2141 4564 pro
2197 4489 2337 4543 tam
2402 4480 2597 4544 certis

645 4561 920 4626 damnis.
1011 4561 1273 4628 Incerta
1325 4563 1642 4646 quaedam
1685 4565 1989 4629 feruntur
2040 4564 2120 4630 de
2165 4565 2597 4642 Metensibus,

645 4647 819 4730 quod
874 4648 1210 4729 pontificia
1265 4649 1488 4713 omnia
1542 4650 1988 4728 amandarint,
2046 4649 2345 4733 quodque
2388 4650 2596 4715 Lute-

643 4735 774 4798 tiae
794 4736 853 4806 ὁ)
899 4733 1188 4816 insignes
1233 4736 1369 4799 sint
1409 4745 1685 4817 quatuor
1727 4738 2229 4811 concionatores,
2286 4736 2398 4819 qui
2441 4757 2595 4801 con-

642 4819 1044 4883 stantissime
1087 4831 1366 4903 pergant
1422 4842 1497 4886 ac
1541 4823 1888 4904 purissime
1933 4824 2002 4886 in
2047 4824 2275 4896 verbo,
2333 4831 2598 4903 praeter

596 4927 750 4969 .eos
818 4904 898 4968 de
956 4904 1194 4986 quibus
1251 4906 1403 4970 olim
1466 4907 1762 4972 auditum
1829 4909 1950 4972 fuit
2007 4907 2282 4990 aliquid,
2355 4928 2596 4990 cogen-

643 5001 872 5072 tesque
909 4989 1123 5074 legere
1158 4991 1551 5074 scripturam
1588 5003 1655 5058 et
1689 4994 1889 5076 sequi,
1928 5002 2315 5075 exstentque
2349 4994 2596 5076 passim

640 5076 841 5142 biblia
876 5075 1126 5159 gallica,
1160 5089 1226 5141 et
1261 5078 1371 5142 alii
1409 5077 1489 5141 ad
1527 5081 1833 5161 pietatem
1871 5082 2181 5146 facientes
2217 5078 2386 5156 libri,
2433 5099 2595 5142 ven-

643 5217 914 5224 ---.—.————
927 5217 1042 5224 -——---

850 5281 908 5341 5)
947 5281 1076 5348 vayi
1111 5296 1357 5335 rumores
1405 5283 1580 5348 fuisse
1613 5284 1900 5352 videntur,
1951 5285 2140 5338 saltem
2175 5297 2268 5352 ap.
2307 5283 2593 5351 (70Μά-

644 5349 759 5402 lum
796 5349 947 5418 (Eyl.
968 5351 1034 5404 de
1055 5349 1251 5418 Paris)
1288 5357 1338 5406 et
1374 5353 1436 5405 in
1471 5353 1617 5408 Hist.
1656 5354 1778 5409 eccl.
1813 5355 2034 5421 frustra
2067 5354 2201 5407 haec
2236 5352 2592 5420 quaesiveris.

2207 437 2736 508 EPISTOLAE
2783 439 3121 505 aso—382

4540 442 4662 505 356

2715 624 3084 710 danturque
3152 629 3436 711 impune.
3540 627 3755 693 Tanta
3808 627 4052 710 passim
4124 627 4332 693 fertur
4387 626 4665 695 aviditas

2714 711 3022 779 audiendi
3065 714 3270 792 verbi,
3312 723 3389 779 ut
3430 711 3751 778 devorent
3791 715 3900 795 qui
3945 713 4174 779 audire
4218 728 4505 797 possunt.
4589 711 4665 780 Si

2716 797 2872 880 quid
2916 799 3157 864 certius
3199 800 3346 866 istic
3380 800 3740 882 accepistis,
3787 820 3919 864 non
3961 799 4183 865 celetis
4225 820 4360 872 nos,
4406 809 4479 864 ut
4523 820 4667 884 gra—

2714 883 2842 948 tias
2876 899 3149 968 agentes
3170 886 3460 950 Domino
3495 885 3918 951 sublevemur
3949 906 3989 950 a
4024 906 4315 950 moerore
4350 906 4482 950 non
4516 884 4666 950 vul·

2715 969 2874 1052 gari.
2964 970 3199 1035 Valete
3256 983 3322 1035 et
3375 970 3561 1036 nobis
3620 971 3761 1053 pios
3816 971 4054 1036 fratres
4097 971 4375 1036 salutate
4419 972 4485 1036 in
4531 970 4667 1036 Do-

2713 1053 2913 1119 mino.
3002 1055 3234 1138 Immis
3289 1055 3627 1122 meliorem
3683 1065 3972 1121 mentem
4029 1063 4096 1121 et
4150 1056 4667 1139 resipiscentiam

2714 1137 2981 1223 dignam
3018 1162 3377 1224 precamur,
3412 1151 3489 1205 ut
3522 1162 3633 1207 eos
3669 1142 3953 1206 salutare
3987 1142 4328 1224 possimus.
4388 1140 4669 1208 Sanctas

2716 1235 2967 1291 vestras
3001 1228 3309 1312 coniuges
3351 1228 3422 1292 in
3468 1227 3753 1292 Domino
3797 1227 4013 1293 salvas
4055 1248 4195 1293 esse
4239 1237 4555 1311 optamus.

2885 1362 3217 1443 Neocomi,
3270 1370 3320 1429 1.
3364 1363 3753 1431 Decembris
3804 1368 3983 1429 1541.

3983 1484 4218 1551 Vester
4258 1485 4580 1551 Farellus.

2886 1619 3157 1684 Partem
3179 1619 3521 1686 literarum
3557 1621 3776 1705 legere
3812 1622 4051 1686 iterum
4086 1643 4223 1687 non
4259 1621 4435 1687 valui
4472 1642 4668 1705 prop·

2715 1709 2818 1768 ter
2861 1705 3235 1772 concionem
3271 1715 3340 1771 et
3380 1714 3653 1772 coetum.

3604 2114 3762 2185 381.

3201 2234 3620 2303 OALVINU
3622 2234 3672 2302 S
3718 2236 4182 2303 FARELLO.

2884 2387 2988 2454 De
3022 2389 3125 2452 lite
3154 2390 3432 2471 fratrum
3454 2389 3697 2455 Farezzi
3732 2410 3871 2454 cum
3903 2390 4085 2455 curia
4117 2392 4461 2473 episcopali
4496 2394 4674 2460 circa

2713 2475 2873 2539 bona
2927 2494 3139 2539 eorum
3201 2475 3349 2540 olim
3392 2475 3740 2556 confiscata.
3836 2474 4173 2542 Gorderius
4222 2477 4534 2543 Genavam
4578 2500 4679 2546 re-

2711 2561 3028 2625 vocandus
3086 2561 3171 2624 ad
3212 2561 3702 2626 instaurandum
3744 2560 4079 2644 colzeyium.
4169 2561 4382 2628 Doleti
4413 2564 4678 2647 prelum

2711 2645 2833 2797 {aad
2846 2646 3268 2796 volumgtggus
3332 2648 3536 2712 sacris
3591 2646 3968 2712 excudendis
4026 2653 4405 2731 occupatum.
4509 2651 4680 2717 Alia

2831 2750 2874 2796 a
2917 2751 2997 2797 ex
3198 2753 3284 2796 aa.

2713 2884 2827 2950 (Ex
2862 2883 3200 2954 autographo
3250 2883 3387 2937 Bibl.
3436 2884 3639 2940 Gener.
3687 2884 3817 2938 Ood.
3867 2884 3995 2949 106,
4050 2886 4143 2940 fol.
4182 2883 4249 2940 74
4282 2888 4400 2942 sine
4433 2889 4680 2958 inserip-

2711 2953 2877 3006 tione.
2945 2953 3067 3022 Apo
3107 2970 3164 3006 ra
3203 2952 3275 3006 ha
3319 2959 3542 3007 exstant
3587 2952 3747 3007 ibid.-
3768 2954 3899 3007 Cod.
3951 2953 4079 3020 111,
4126 2955 4219 3008 fol.
4268 2954 4353 3011 57.
4436 2958 4679 3014 Archiv.

2711 3021 2872 3076 Bern.
2910 2970 3218 3091 Epp.ng¹1³.
3254 3038 3309 3091 p.
3343 3020 3899 3158 417.TSi1mler.2X4ol).
3918 3022 4001 3077 50.
4058 3024 4256 3078 Versio
4291 3026 4507 3095 anglica
4544 3029 4585 3081 1.
4629 3044 4680 3084 ο.

3525 3132 3537 3143 .
3603 3128 3615 3141 .
3651 3107 3705 3160 p.
3851 3129 3863 3141 .

2878 3227 3304 3292 Retinuimus
3347 3227 3520 3310 apud
3565 3248 3685 3292 nos
3730 3227 3907 3293 hunc
3940 3229 4272 3294 nuncium.
4341 3229 4683 3299 Nolebam

2707 3313 2886 3377 enim
2930 3314 3056 3378 nisi
3102 3313 3594 3378 communicatis
3648 3334 3801 3379 cum
3860 3313 4069 3379 Virdo
4112 3315 4322 3380 literis
4360 3337 4520 3383 eum
4571 3319 4683 3384 di-

2706 3399 2985 3463 mittere.
3075 3399 3276 3464 Mane
3319 3399 3468 3463 fieri
3511 3421 3639 3464 non
3685 3399 3917 3481 potuit.
4007 3399 4284 3466 Interim
4329 3402 4526 3469 nobis
4577 3406 4685 3471 af-

2706 3483 3011 3549 feruntur
3051 3483 3299 3561 literae,
3345 3505 3509 3567 quae
3551 3485 3681 3548 iam
3726 3484 3978 3567 pridem
4021 3484 4315 3552 redditae
4357 3508 4509 3553 esse
4559 3490 4685 3557 de-

2705 3569 3000 3634 buerant.
3068 3569 3253 3635 Haec
3286 3570 3415 3634 fuit
3456 3590 3670 3647 causa,
3715 3571 4066 3652 quominus
4110 3593 4151 3636 a
4190 3572 4466 3654 prandio
4505 3574 4685 3644 hinc

2704 3655 2994 3720 solverit.
3076 3654 3326 3720 Viretus
3368 3656 3546 3720 enim
3584 3654 3759 3719 domi
3802 3663 3963 3722 tunc
4005 3676 4138 3720 non
4183 3669 4343 3736 erat,
4387 3680 4520 3726 nec
4570 3684 4688 3728 re-

2705 3740 2828 3805 diit
2880 3741 3010 3806 nisi
3051 3740 3247 3823 paulo
3302 3748 3455 3806 ants
3504 3740 3900 3807 concionem.
3991 3740 4331 3822 Quantum
4387 3744 4475 3809 ad
4536 3747 4689 3814 fra-

2704 3836 2887 3890 trum
2912 3829 2958 3905 ¹)
3004 3826 3372 3909 negotium,
3433 3826 3623 3891 video
3676 3827 3891 3911 regios
3935 3835 4001 3892 et
4044 3828 4442 3910 episcopales
4489 3833 4691 3899 inter

2705 3932 2775 3976 se
2818 3912 3077 3996 litigare
3122 3911 3203 3976 de
3246 3911 3475 3994 spolio,
3522 3912 3712 3994 quasi
3746 3913 4040 3978 confecta
4073 3914 4204 3977 iam
4244 3913 4459 3980 belua.
4538 3918 4691 3985 Ubi

2704 3996 3003 4062 alterutri
3039 3996 3240 4062 fuerit
3274 3995 3645 4064 adiudicata
3687 3997 3849 4064 haec
3883 3997 4145 4080 praeda,
4190 4000 4419 4081 procul
4459 4002 4689 4071 dubio

2706 4083 2930 4147 statim
2972 4103 3242 4147 manum
3287 4082 3553 4163 iniiciet,
3598 4083 3726 4148 nisi
3755 4081 4013 4148 obviam
4051 4095 4256 4149 eatur.
4331 4086 4694 4156 Poterant

2704 4167 2966 4251 quidem
3008 4168 3286 4232 fratrum
3331 4177 3784 4251 procuratores
3826 4168 4263 4249 intercedere,
4322 4180 4538 4254 atque
4586 4177 4694 4243 ita

2704 4252 3050 4319 extrahere
3092 4274 3387 4333 causam,
3448 4253 3602 4319 dum
3649 4253 3734 4319 ad
3774 4254 4027 4339 Regem
4070 4256 4359 4321 scribant
4399 4258 4692 4327 Berna-

2704 4347 2830 4404 tes:
2877 4340 3172 4404 fortassis
3216 4339 3365 4422 plus
3409 4338 3717 4422 ponderis
3762 4339 4081 4406 haberent
4120 4342 4348 4407 literae
4404 4346 4466 4409 si
4534 4345 4694 4413 bel-

2702 4423 2840 4489 lum
2884 4423 3148 4507 aliquod
3190 4425 3581 4489 immineret.
3674 4423 3912 4490 Verum
3960 4427 4017 4490 si
4061 4437 4443 4509 exspectare
4495 4431 4697 4501 hanc

2701 4511 3101 4576 occasionem
3150 4531 3283 4575 non
3325 4511 3504 4586 libet,
3552 4520 3668 4575 aut
3710 4512 3764 4575 si
3800 4511 4063 4576 videtur
4105 4532 4247 4578 esse
4291 4515 4698 4596 perieulum

2702 4596 2771 4660 in
2818 4618 3033 4673 mora,
3091 4618 3269 4663 nunc
3322 4596 3732 4661 efficiendum
3791 4598 3916 4660 erit
3969 4597 4145 4681 apud
4199 4599 4543 4668 Bernates
4605 4615 4699 4671 ut

2700 4691 3005 4746 tueantur
3038 4703 3232 4747 suum
3269 4703 3426 4766 erga
3457 4683 3692 4746 fratres
3729 4691 3874 4747 tuos
3912 4683 4314 4749 beneficium.
4366 4686 4699 4758 Interest

2743 4867 2877 4927 881,
2918 4868 2973 4928 1)
3018 4867 3199 4936 Quum
3227 4867 3543 4936 saepissime
3575 4868 3641 4921 ὺι
3672 4867 3763 4921 his
3794 4868 3970 4922 literis
3999 4868 4243 4935 fratrum
4264 4869 4583 4930 Gallorum
4615 4879 4695 4936 ob

2699 4936 3017 5004 religionem
3054 4941 3373 4991 vexatorum
3408 4937 3606 4990 matio
3639 4938 3767 5004 fiat,
3805 4938 3907 4992 hoc
3940 4954 4092 4993 amno
4125 4940 4365 4994 maxime
4405 4942 4693 5002 Valde*-

2700 5006 2845 5060 simn
2878 5011 2930 5059 et
2961 5005 3379 5073 Delphinatum,
3417 5007 3707 5060 Bomtems
3739 5008 3905 5060 etiam
3937 5008 4038 5062 hoc
4071 5008 4186 5063 loco
4222 5008 4291 5062 de
4322 5010 4543 5068 iisdem
4582 5019 4697 5086 aqi

2699 5075 3010 5129 arbitratur
3056 5080 3107 5127 et
3145 5075 3320 5142 plura
3364 5075 3527 5140 affert
3572 5092 3639 5129 ea:
3682 5076 3918 5130 historia
3964 5078 4041 5131 ad
4086 5093 4200 5132 rem
4234 5077 4695 5142 maswandom.

2701 5143 2838 5198 Non
2894 5144 3289 5198 ammadvertit
3337 5143 3403 5197 V.
3452 5144 3527 5197 D.
3579 5144 3873 5200 Calvinum
3921 5145 4146 5201 Farello
4190 5148 4535 5205 scribentem
4592 5156 4695 5210 di-

2700 5228 2845 5267 cere.-
2893 5214 3089 5266 fratres
3140 5222 3285 5276 tuos,
3335 5229 3479 5267 non.-
3526 5222 3756 5269 nostros.
3841 5216 4121 5283 Loquitur
4164 5231 4292 5284 erqo
4328 5218 4395 5272 de
4436 5221 4699 5280 Fam-dh·

2699 5282 3125 5350 consanyuineis
3158 5297 3387 5349 quorum
3434 5283 3578 5336 bona
3611 5284 3740 5337 olim
3774 5286 4068 5352 confiscata
4082 5325 4101 5352 ,
4148 5303 4186 5338 a
4221 5301 4347 5355 ’τρο
4388 5287 4695 5365 liberata,

2699 5352 2998 5407 etiamnum
3031 5351 3103 5405 ab
3135 5351 3393 5420 episcopo
3426 5352 3650 5421 eiusque
3684 5355 3845 5408 curia
3877 5355 4275 5410 retinebantur.
