5050 6167
570 428 694 491 379

570 611 949 698 argumenti
992 605 1512 682 similitudinem,
1557 604 1915 671 admonuit.
2005 603 2229 683 Quum
2276 602 2356 666 de
2399 602 2526 667 eri-

572 698 786 784 gendo
852 695 1286 762 ecclesiastico
1353 692 1592 757 iudicio
1658 692 2121 774 cogitaremus,
2202 698 2396 770 atque
2459 685 2529 750 id

571 785 763 851 nobis
807 790 1072 847 senatus
1108 778 1463 857 detulisset,
1518 777 1673 841 boni
1724 776 1835 841 isti
1878 775 2005 840 viri
2050 794 2270 839 coram
2312 794 2530 838 assen-

571 871 933 936 tiebantur:
991 866 1147 949 quia
1193 863 1442 930 scilicet
1492 860 1935 940 contradicere
1998 861 2065 924 in
2133 860 2326 924 rebus
2390 866 2528 922 tam

573 956 818 1039 apertis
852 951 1153 1037 pudebat.
1242 951 1482 1015 Postea
1525 969 1819 1014 seorsum
1862 945 2226 1024 circumire,
2273 955 2340 1007 et
2382 965 2528 1041 pre-

574 1043 856 1107 hensare
914 1038 1205 1122 singulos
1261 1044 1624 1110 senatores,
1697 1055 1782 1097 ne
1838 1032 2010 1114 quod
2077 1030 2393 1095 haberent
2457 1051 2526 1092 m

574 1148 779 1193 manu
843 1123 927 1188 ad
989 1122 1187 1206 pedes
1263 1120 1650 1203 proiicerent
1717 1119 1841 1202 (sic
1895 1117 2376 1198 loquebantur),
2445 1135 2529 1178 ne

575 1220 951 1298 protestate,
999 1229 1192 1292 quam
1229 1206 1361 1272 illis
1384 1207 1566 1271 Deus
1588 1203 1987 1278 contulisset,
2025 1224 2095 1268 se
2130 1201 2525 1277 abdicarent,

574 1320 661 1365 ne
705 1296 940 1362 darent
981 1295 1381 1361 occasionem
1425 1290 1752 1357 seditioni:
1798 1299 1865 1353 et
1909 1290 2048 1353 eius
2091 1287 2351 1370 generis
2393 1308 2530 1367 per-

575 1382 805 1449 multa.
832 1381 887 1466 ⁶)
999 1378 1511 1444 Dissimulanter
1590 1375 1873 1441 transire
1954 1374 2125 1438 hanc
2190 1370 2529 1455 perfidiam

576 1468 761 1535 nullo
818 1466 1012 1532 modo
1068 1465 1329 1530 licebat:
1389 1474 1456 1527 et
1509 1473 1727 1526 tamen
1784 1459 2083 1524 dedimus
2126 1479 2406 1542 operam,
2455 1467 2531 1520 ut

575 1553 647 1620 id
701 1554 844 1619 sine
900 1551 1311 1617 contentione
1364 1549 1853 1631 transigeretur.
1953 1545 2148 1610 Nunc
2215 1544 2532 1608 habemus

621 1639 1030 1719 ualecunque
1088 1635 1614 1720 presbyterorum
1679 1631 1996 1697 iudicium
2017 1633 2072 1710 7)
2130 1639 2197 1694 et
2255 1631 2531 1693 formam

579 1662 996 1807 disciplinae,
1061 1721 1314 1804 qualem
1385 1720 1635 1784 ferebat
1712 1727 2084 1799 temporum
2161 1714 2529 1779 infirmitas.

578 1808 717 1877 Sed
781 1829 864 1873 ne
930 1814 1115 1890 putes
1177 1806 1245 1870 id
1312 1826 1431 1870 nos
1500 1805 1642 1869 sine
1708 1804 1994 1867 maximo
2053 1800 2289 1866 sudore
2332 1801 2533 1864 fuisse

580 1904 1033 1977 consequutos.
1141 1892 1400 1974 Ubique
1470 1891 1646 1955 enim
1699 1895 2055 1971 erumpunt
2119 1887 2374 1968 profani
2437 1884 2534 1949 illi

579 1981 879 2064 spiritus,
936 1979 1081 2061 qui,
1142 1987 1220 2041 ut
1266 1975 1675 2060 disciplinam
1731 1983 1799 2038 et
1854 1973 2149 2038 ordinem
2194 1971 2530 2054 effugiant,

580 2087 775 2150 quem
819 2064 1000 2129 nullo
1043 2062 1236 2127 modo
1279 2065 1450 2128 ferre
1494 2070 1770 2145 queunt,
1830 2059 2152 2142 quoslibet
2206 2064 2533 2140 quaerunt

577 2159 961 2234 praetextus
1017 2148 1100 2212 ad
1155 2147 1670 2214 labefactandam
1728 2145 2035 2211 ecclesiae
2095 2143 2530 2208 autoritatem.

577 2238 672 2303 Et
733 2236 1018 2300 mundus
1085 2235 1206 2299 hoc
1270 2232 1467 2298 habet
1521 2232 1818 2306 solenne,
1867 2229 2040 2313 quod
2095 2251 2214 2312 pro
2266 2227 2532 2293 libidine

577 2343 858 2406 regnare
922 2321 1131 2402 cupit,
1197 2319 1465 2384 Christo
1526 2327 1741 2381 autem
1801 2316 2148 2398 imperium
2194 2314 2532 2397 resignare

577 2429 710 2475 non
753 2405 1052 2472 sustinet.
1154 2404 1287 2471 Sed
1349 2413 1680 2486 utcunque
1722 2401 2132 2485 plausibilem
2178 2398 2422 2464 mundo
2466 2405 2536 2462 et

576 2493 762 2558 carni
839 2511 1101 2557 causam
1179 2500 1382 2574 agant
1459 2487 1775 2553 eiusmodi
1856 2489 2273 2570 impostores,
2340 2484 2533 2548 modo

576 2589 801 2644 tamen
859 2577 1221 2643 coniunctis
1276 2575 1514 2640 animis
1563 2581 1629 2639 et
1685 2570 1918 2638 studiis
1972 2573 2229 2638 obviam
2285 2591 2531 2648 eamne,

576 2664 863 2746 fortique
908 2671 976 2728 et
1018 2662 1246 2727 invicti
1285 2661 1424 2725 zelo
1465 2679 1831 2742 pugnemus
1874 2678 1992 2741 pro
2035 2677 2220 2722 sacra
2261 2656 2374 2719 illa
2416 2676 2531 2737 po-

576 2757 851 2826 testate,
917 2768 1116 2830 quam
1181 2744 1627 2811 inviolabilem
1702 2764 1844 2828 esse
1922 2743 2138 2823 decet,
2206 2741 2532 2807 Dominus

576 2834 888 2902 Christus
953 2834 1188 2916 spiritu
1253 2832 1385 2896 oris
1450 2831 1553 2896 sui
1607 2850 1716 2895 eos
1779 2830 2091 2896 conficiet.
2200 2825 2535 2892 Illustrior

577 2922 757 2987 enim
801 2927 902 2985 est
944 2920 1018 2983 in
1064 2918 1187 2983 hac
1245 2938 1318 2982 re
1374 2917 1502 2982 Dei
1559 2916 1839 2993 veritas,
1897 2936 2092 2998 quam
2147 2921 2223 2978 ut
2262 2909 2529 2978 menda-

576 3007 832 3073 ciorum
875 3004 1131 3070 offuciis
1165 3002 1352 3067 facile
1393 3000 1620 3068 induci
1661 3010 1871 3084 queat.
1939 3001 2196 3064 Mosem
2241 2998 2532 3082 allegant

575 3102 647 3159 et
702 3090 1047 3156 Davidem.
1147 3087 1360 3169 Quasi
1421 3108 1577 3153 vero
1639 3108 1774 3151 non
1839 3084 2018 3151 aliud
2064 3084 2357 3149 muneris
2414 3085 2533 3148 ha·

574 3178 845 3245 buerint
898 3175 996 3238 illi
1053 3174 1209 3250 duc,
1266 3194 1465 3256 quam
1518 3185 1591 3237 ut
1633 3172 1951 3256 populum
1994 3170 2172 3237 civili
2210 3179 2533 3254 potestate

574 3268 904 3346 regerent.
1014 3259 1197 3324 Dent
1259 3258 1465 3343 igitur
1541 3258 1731 3323 nobis
1806 3257 2028 3323 insani
2104 3257 2216 3321 isti
2289 3255 2535 3322 similes

575 3348 1034 3431 magistratus,
1101 3343 1224 3410 hoc
1290 3354 1420 3422 est,
1487 3343 1804 3427 singulari
1855 3341 2234 3426 prophetiae
2299 3341 2537 3425 spiritu

577 3431 997 3508 excellentes,
1040 3437 1107 3494 et
1149 3444 1495 3512 utramque
1539 3430 1939 3494 sustinentes
1982 3448 2344 3512 personam,
2402 3448 2535 3491 non

576 3517 843 3603 proprio
887 3515 1172 3594 consih‘O,
1221 3522 1337 3579 aut
1378 3515 1619 3579 affectu
1635 3564 1650 3592 ,
1721 3512 1836 3579 sed
1899 3514 2032 3579 Dei
2092 3513 2402 3578 mandato
2469 3521 2537 3577 et

575 3603 950 3670 vocatione:
1008 3621 1128 3665 nos
1183 3599 1424 3665 talibus
1494 3599 1560 3664 id
1620 3600 1789 3682 quod
1859 3598 2197 3682 postulant
2255 3598 2536 3663 libenter

574 3689 952 3774 largiemur.
1075 3684 1256 3766 Quin
1335 3685 1555 3751 Moses
1617 3685 1757 3768 ipse
1851 3692 2007 3750 ante
2082 3692 2533 3750 consecratum

574 3775 912 3843 Aaronem
967 3770 1319 3837 sacerdotis
1373 3791 1645 3836 munere
1710 3771 2039 3854 fungitur:
2105 3778 2330 3852 postea
2401 3769 2534 3835 Dei

573 3860 760 3927 iussu
804 3856 1187 3942 praescribit
1230 3854 1401 3939 quod
1442 3857 1612 3922 facto
1644 3877 1809 3939 opus
1844 3864 1963 3921 est.
2032 3855 2250 3921 David
2274 3876 2531 3939 quoque

574 3966 712 4012 non
750 3945 890 4010 sine
919 3941 1190 4008 Domini
1228 3943 1552 4025 permissu
1595 3941 1679 4006 ad
1717 3940 2146 4006 ordinandam
2191 3941 2531 4008 ecclesiam

576 4030 961 4114 accingitur.
1072 4028 1178 4092 Pii
1256 4027 1366 4091 alii
1451 4048 1640 4111 reges
1719 4028 2151 4092 constitutum
2231 4027 2529 4093 ordinem

574 4123 852 4181 tuentur
903 4134 1023 4178 sua
1090 4121 1445 4195 potestate,
1514 4123 1588 4178 ut
1653 4112 1868 4178 decet:
1927 4112 2236 4178 ecclesiae
2299 4121 2529 4177 tamen

573 4222 764 4268 suam
807 4197 1347 4274 iurisdictionem,
1405 4205 1473 4262 et
1529 4197 1970 4264 sacerdotibus
2025 4206 2244 4282 partes
2296 4198 2430 4263 illis
2490 4218 2531 4261 a

572 4286 863 4353 Domino
906 4282 1254 4349 attributas
1297 4282 1692 4366 relinquunt.

747 4369 884 4436 Sed
928 4389 1049 4453 ego
1092 4370 1354 4453 ineptus
1395 4389 1570 4446 sum,
1629 4369 1741 4452 qui
1796 4370 1865 4433 in
1910 4368 2080 4435 hanc
2124 4368 2380 4456 sylvam
2427 4370 2528 4432 in-

572 4455 856 4542 grediar,
901 4476 1105 4539 quum
1148 4453 1531 4519 tabellarius
1571 4455 1836 4519 iamiam
1889 4454 2225 4520 abituriat:
2262 4475 2389 4537 quo
2433 4456 2525 4532 fit,

572 4551 650 4607 ut
712 4539 797 4605 ad
860 4538 1255 4605 narrandam
1324 4539 1614 4624 Alberyii
1679 4539 2021 4606 historiam
2096 4560 2229 4605 non
2307 4540 2394 4604 sit
2454 4540 2521 4603 in

572 4647 883 4776 praesens
961 4626 1122 4691 satis
1201 4626 1335 4690 otii.
1444 4626 1768 4709 Incipiam
1844 4634 2064 4691 tamen
2131 4635 2198 4690 et
2275 4646 2526 4708 sequar,

618 4732 779 4777 onec
826 4711 1049 4777 veniat
1099 4712 1395 4790 nuncius,
1440 4712 1551 4794 qui
1607 4711 1832 4776 literas
1870 4711 2260 4794 semiplenas
2304 4733 2340 4776 e
2386 4733 2524 4776 ma-

570 4797 769 4864 nibus
811 4795 977 4861 mihi
1020 4796 1317 4879 abripiat.
1399 4798 1547 4863 Hoc
1589 4797 1911 4881 principio
1959 4796 2142 4875 habe,
2189 4797 2523 4862 hominem

569 4881 774 4950 istum
817 4884 948 4947 iam
992 4882 1218 4949 multis
1259 4883 1450 4949 annis
1493 4882 1662 4948 nihil
1715 4881 1890 4948 aliud
1946 4902 2143 4966 quam
2191 4882 2318 4949 huc
2365 4883 2524 4949 illuc

775 5121 838 5187 6)
882 5122 1040 5191 Quod
1090 5124 1180 5177 hic
1228 5122 1345 5191 ipsc
1384 5122 1607 5189 fatetur,
1656 5122 1724 5177 de
1768 5123 1977 5178 occulta

570 5192 806 5247 dt‘ctione
837 5192 1238 5258 nonnullorum,
1274 5192 1393 5245 eius
1426 5193 1510 5245 rei
1541 5191 1678 5246 alibi
1705 5193 1801 5246 νέω
1821 5192 1988 5247 ullum
2022 5192 2305 5261 vesuvium
2331 5195 2522 5245 exstat.

778 5259 839 5327 7)
882 5259 1298 5328 consistorium,
1333 5261 1444 5313 iam
1465 5260 1592 5315 olim
1615 5261 1990 5331 estlaqitatum
2015 5277 2128 5315 non
2146 5267 2323 5317 tamen
2341 5260 2524 5316 adhuc

568 5331 817 5386 omnibus
854 5329 1057 5385 Nostri
1088 5331 1226 5385 votis
1259 5328 1609 5398 respondens.

2021 5122 2259 5192 quadam
2306 5128 2521 5176 contra-

2125 412 2652 481 EPISTOLAE
2699 417 3040 478 389—390

4457 417 4583 482 380

2630 603 2976 680 cursitare,
3035 601 3115 666 ab
3174 600 3320 666 aliis
3376 621 3733 686 emungere
3787 605 4161 686 pecuniam,
4218 611 4436 670 vestes
4498 604 4581 670 ab

2630 689 2801 753 aliis:
2863 689 2958 751 ita
3009 707 3128 769 per
3182 687 3578 770 imposturas
3637 690 3966 754 victitare:
4032 688 4583 771 quemadmodum

2630 795 2896 839 errones
2973 773 3083 838 isti
3158 772 3385 837 solent.
3518 773 3813 840 Venerat
3885 774 4015 842 huc
4091 776 4354 859 saepius
4429 784 4583 842 ante

2630 870 2926 924 nostram
2970 858 3438 941 expulsionem,
3481 858 3696 925 locum
3734 861 4042 943 petierat:
4080 860 4196 926 sed
4230 883 4362 927 non
4397 883 4583 944 repe-

2632 946 2923 1010 riebatur
2976 944 3277 1020 idoneuS,
3348 946 3501 1026 quia
3570 946 3829 1011 volebat
3892 947 4183 1012 scholam
4240 947 4580 1027 celebrem,

2633 1051 2800 1114 quae
2843 1031 2912 1095 in
2956 1030 3060 1094 his
3104 1030 3478 1113 regionibus
3523 1031 3707 1096 nulla
3748 1040 3877 1110 est,
3935 1043 4002 1097 et
4043 1054 4284 1117 magna
4334 1033 4583 1116 stipen-

2633 1117 2754 1181 dia.
2866 1114 3075 1181 Paulo
3129 1123 3278 1197 post
3331 1115 3557 1193 rediit,
3615 1114 3963 1200 deplorans
4009 1139 4125 1182 suo
4169 1139 4377 1197 more,
4435 1140 4582 1202 spo-

2630 1202 2862 1266 liatum
2906 1222 2976 1267 se
3016 1201 3219 1266 fuisse
3262 1222 3302 1266 a
3343 1201 3727 1266 latronibus.
3818 1202 4135 1269 Concedit
4175 1204 4245 1269 in
4289 1205 4584 1270 vicinum

2632 1286 3035 1372 oppidulum,
3052 1285 3111 1371 Εἴ)
3156 1286 3418 1353 scholae
3459 1288 3935 1370 praefecturam
3980 1290 4210 1354 ambit:
4265 1310 4400 1354 non
4457 1290 4585 1354 im-

2633 1383 2875 1455 petrat:
2925 1374 3097 1438 hanc
3142 1372 3470 1455 repulsam
3505 1373 3691 1438 nobis
3724 1373 4033 1457 imputat:
4080 1376 4190 1457 qui
4227 1374 4387 1440 adeo
4415 1374 4585 1440 nihil

2633 1459 2765 1523 illic
2813 1457 2912 1524 vel
2958 1457 3305 1523 autoritate
3350 1457 3456 1524 vel
3498 1460 3710 1542 gratia
3751 1468 4142 1542 poteramus,
4201 1470 4277 1525 ut
4319 1461 4377 1525 si
4431 1482 4584 1545 cog-

2596 1573 2610 1588 *
2635 1546 2846 1610 nitum
2888 1544 3124 1609 fuisset
3167 1543 3349 1609 nobis
3393 1543 3767 1628 displicere,
3829 1566 3904 1609 eo
3962 1544 4097 1611 solo
4155 1548 4417 1612 nomine
4460 1547 4585 1611 im-

2633 1638 3011 1714 petraturus
3054 1629 3267 1694 fuerit.
3356 1630 3448 1694 Et
3504 1640 3724 1696 tamen
3774 1632 3964 1696 testis
4006 1640 4111 1696 est
4153 1633 4339 1697 nobis
4381 1633 4583 1710 Deus,

2638 1738 2713 1781 eo
2778 1729 3072 1797 tempore
3138 1714 3304 1779 nihil
3370 1713 3550 1780 aliud
3604 1724 3894 1793 conatos,
3962 1738 4159 1799 quam
4216 1729 4289 1782 ut
4346 1716 4583 1782 alicubi

2636 1801 3076 1867 conditionem
3152 1801 3273 1866 sibi
3351 1809 3572 1885 aptam
3637 1809 3703 1866 et
3768 1802 4173 1868 commodam
4237 1803 4582 1869 inveniret.

2638 1887 2833 1952 Venit
2888 1896 3112 1970 postea
3165 1888 3623 1970 Argentinam,
3680 1887 3791 1952 ubi
3835 1888 4071 1971 viginti
4119 1888 4356 1955 batzios
4400 1911 4439 1953 a
4483 1909 4588 1954 me

2635 1973 2941 2051 extorsit,
2997 1994 3159 2055 quos
3217 1993 3337 2056 ego
3392 1971 3656 2037 aliunde
3710 1983 3940 2038 mutuo
4002 1975 4291 2056 accipere
4327 1984 4587 2039 coactus

2634 2081 2799 2125 sum.
2861 2059 3033 2122 Nam
3069 2058 3267 2123 libros
3303 2069 3460 2122 tunc
3498 2058 3940 2137 vendideram,
3987 2070 4053 2124 et
4095 2060 4362 2126 omnino
4405 2080 4588 2125 eram

2635 2145 3013 2209 exhaustus.
3100 2143 3544 2209 Redditurum
3598 2166 3668 2209 se
3726 2144 3902 2209 intra
3953 2165 4194 2229 paucos
4250 2144 4389 2211 dies
4434 2165 4585 2227 pro·

2636 2231 2922 2295 miserat.
3027 2228 3352 2294 Oistulam
3407 2228 3652 2295 nullius
3694 2231 3883 2312 pretii
3929 2231 4100 2315 apud
4148 2252 4250 2296 me
4294 2231 4587 2314 pignoris

2635 2316 2777 2381 loco
2844 2313 3158 2397 deposuit.
3277 2316 3608 2380 Reversus
3685 2315 3934 2397 aliquot
4010 2327 4158 2398 post
4232 2318 4585 2395 mensibus,

2635 2402 2826 2485 petiit
2890 2399 3252 2478 subridens,
3319 2400 3428 2465 vel
3494 2402 3706 2483 potius
3757 2399 4071 2481 illudens,
4130 2424 4218 2468 an
4270 2422 4405 2466 non
4462 2402 4589 2467 sibi

2634 2496 2861 2552 mutuo
2902 2486 3146 2569 aliquot
3188 2494 3525 2553 coronatos
3568 2486 3725 2552 dare
3760 2486 4016 2552 vellem.
4104 2486 4439 2570 Respondi
4482 2508 4588 2553 me

2635 2573 2747 2636 illa
2789 2571 3117 2638 summula
3159 2592 3369 2655 egere,
3406 2593 3602 2655 quam
3638 2572 3976 2638 habuerat.
4045 2573 4299 2638 Nebulo
4321 2573 4588 2638 interim

2635 2658 2939 2724 cistulam
2996 2656 3364 2723 clanculum
3424 2677 3464 2721 a
3531 2678 3678 2723 mea
3741 2658 4135 2724 bibliotheca
4196 2658 4587 2724 subductam

2636 2745 2827 2809 uxori
2852 2742 3087 2809 Bucari
3119 2742 3559 2808 commendat:
3603 2744 3720 2808 illa
3754 2745 3983 2823 reiicit,
4020 2764 4095 2810 ac
4120 2765 4224 2808 me
4248 2744 4584 2810 admonet:

2633 2851 2754 2914 ego
2777 2827 3253 2912 impudentiam
3296 2830 3435 2895 eius
3469 2849 3690 2894 coram
3725 2829 3975 2912 aliquot
4010 2830 4287 2896 testibus
4321 2831 4587 2914 castigo.

2634 2914 2927 2980 Dimidio
2971 2936 3144 2980 anno
3187 2923 3353 2996 post,
3400 2922 3516 2980 aut
3556 2915 3817 2998 integro
3861 2936 4034 2980 anno
4077 2916 4302 2982 scribit
4354 2915 4436 2980 ad
4479 2936 4585 2981 me

2634 3001 2962 3085 simplices
2995 3000 3240 3079 literas,
3287 3022 3357 3066 se
3392 2997 3675 3067 obsideri
3694 3000 4021 3076 Badenae,
4067 3009 4272 3066 totam
4299 3000 4585 3085 regionis

2636 3086 3042 3158 nobilitatem
3084 3086 3155 3150 in
3199 3108 3269 3152 se
3312 3087 3744 3170 conspirasse:
3790 3108 3925 3152 non
3970 3087 4161 3152 aliter
4197 3108 4382 3170 posse
4429 3108 4584 3153 eva-

2639 3172 2811 3251 dere,
2856 3190 3049 3255 quam
3096 3173 3156 3238 si
3198 3192 3318 3256 ego
3371 3173 3702 3237 mitterem
3760 3172 4076 3252 baiulum,
4135 3174 4246 3257 qui
4307 3194 4457 3238 eum
4516 3172 4585 3237 in

2638 3259 2804 3324 cista
2856 3259 3244 3324 mercatoria
3299 3265 3682 3341 asportaret.
3784 3258 4100 3325 Bedrotus
4156 3258 4386 3325 habuit
4449 3258 4584 3323 fere

2639 3344 2911 3409 similes:
2955 3364 3078 3408 nos
3112 3345 3398 3422 risimus,
3423 3365 3543 3428 ego
3566 3345 3761 3408 etiam
3783 3345 4007 3428 paucis
4042 3344 4366 3428 respondi.
4412 3343 4584 3409 Nam

2638 3429 2866 3495 multis
2929 3429 3319 3495 coniecturis
3388 3428 3936 3513 deprehendimus
3952 3481 3967 3508 ,
4028 3431 4245 3513 ipsum
4297 3431 4369 3495 in
4425 3429 4583 3495 urbe

2640 3536 2798 3581 esse.
2888 3515 2993 3580 Ab
3049 3535 3126 3579 eo
3168 3522 3459 3598 tempore
3518 3536 3644 3581 non
3701 3516 4093 3599 comparuit:
4150 3515 4585 3599 sesquiannus

2639 3601 2895 3685 elapsus
2950 3601 3200 3666 interea
3258 3611 3371 3665 est.
3482 3600 3707 3682 Quum
3774 3603 4006 3668 scirem
4067 3601 4308 3667 multas
4370 3619 4583 3684 nugas

2636 3687 2922 3752 inclusas
2967 3707 3107 3751 esse
3142 3687 3212 3751 in
3248 3686 3501 3766 cistula,
3540 3688 3764 3770 aperui
3800 3708 4020 3753 coram
4044 3689 4270 3752 multis
4294 3687 4582 3751 testibus.

2636 3773 2853 3837 Erant
2908 3771 3043 3837 illic
3102 3773 3276 3837 mala
3329 3770 3626 3855 putrida,
3693 3780 3762 3837 et
3821 3794 4012 3838 omne
4074 3795 4280 3857 genus
4348 3780 4583 3850 scruta,

2635 3857 2786 3923 libri
2832 3857 3212 3935 semilaceri‚
3258 3866 3326 3922 et
3361 3859 3406 3922 ii
3451 3857 3774 3941 vulgares,
3819 3866 3897 3923 ut
3930 3859 4401 3942 Despauterius
4419 3857 4477 3939 ⁹)
4520 3862 4587 3921 et

2636 3942 2897 4008 similes.
2967 3943 3210 4026 Reperi
3245 3944 3445 4008 etiam
3479 3943 3720 4022 literas,
3767 3964 3928 4026 quas
3962 3945 4126 4009 mihi
4149 3945 4583 4026 subripuerat.

2634 4029 2839 4093 Novit
2904 4028 3025 4094 hoc
3089 4028 3441 4106 SturmiuS,
3499 4051 3695 4111 quem
3750 4049 3873 4113 ego
3926 4029 4263 4096 advocavi.
4365 4029 4582 4111 Repo-

2634 4115 2883 4179 suimus
2926 4114 3175 4193 omnia,
3235 4136 3369 4179 non
3424 4115 3568 4180 sine
3611 4115 3817 4181 multo
3870 4115 4026 4180 risu.
4119 4114 4341 4196 Quum
4384 4114 4582 4178 Wor·

2635 4200 2910 4265 maciam
2960 4200 3215 4265 veniret
3266 4210 3532 4265 sanctae
3592 4201 3942 4267 memoriae
4335 4251 4350 4279 ,
4409 4219 4580 4264 nun-

2634 4286 2829 4352 ciavit
2883 4306 3024 4350 esse
3078 4285 3399 4351 Basileae.
3498 4286 3817 4352 Mandavi
3873 4287 4037 4352 meis
4141 4285 4448 4364 ‘scedens,
4505 4291 4580 4348 ut

2632 4371 2935 4436 cistulam
2975 4372 3408 4437 remitterent.
3481 4371 3752 4451 Nebu10,
3796 4393 3874 4438 ea
3916 4381 4199 4454 accepta,
4244 4371 4581 4438 clamitare

2631 4478 2737 4521 me
2799 4477 2942 4522 esse
3006 4456 3252 4536 furem,
3332 4457 3675 4524 sustulisse
3740 4457 3984 4523 multos
4035 4455 4578 4540 incomparabiles

2630 4541 2845 4608 libros.
2958 4542 3167 4607 Venit
3244 4544 3693 4608 Lausannam:
3759 4542 3984 4608 eadem
4050 4543 4275 4609 retulit
4354 4543 4576 4609 Vv‘reto.

2629 4628 2860 4711 Nuper
2901 4649 3102 4711 quum
3149 4628 3279 4694 huc
3322 4650 3391 4694 se
3434 4629 3833 4709 contulisset,
3880 4629 4099 4694 decem
4140 4629 4399 4696 circiter
4440 4626 4577 4692 dies

2631 4735 2737 4778 me
2778 4714 2983 4779 inscio
3026 4715 3097 4777 in
3130 4714 3293 4779 urbe
3335 4715 3477 4779 fuit.
3565 4715 3807 4780 Postea
3866 4714 4067 4781 Vimeti
4099 4716 4391 4798 impulsu
4425 4731 4575 4780 eum

2629 4798 2974 4883 aggredior
2990 4850 3006 4877 ,
3065 4820 3222 4883 rogo
3282 4820 3367 4864 an
3427 4820 3560 4865 non
3616 4800 3939 4866 actionem
3990 4801 4148 4866 furti
4202 4800 4367 4866 mihi
4414 4798 4575 4866 velit

2833 5052 2894 5118 8)
2932 5056 2993 5108 in
3015 5057 3226 5126 finibus
3262 5056 3624 5110 Ber-nmium
3655 5063 3809 5125 puta.

2831 5122 2891 5187 9)
2933 5123 3016 5176 10.
3074 5124 3480 5193 Despauterius
3529 5124 3845 5190 mandras,
3893 5128 4106 5182 saeculo
4145 5126 4274 5182 XV.
4326 5131 4573 5197 vomente

2625 5193 2811 5246 clarus
2842 5193 3077 5247 maxime
3119 5194 3183 5249 ob
3220 5182 3389 5248 libros
3488 5196 3803 5250 ammau‘cos
3837 5197 4079 5250 triviale-9
4112 5213 4163 5252 a.
4203 5196 4338 5252 1512
4371 5204 4422 5252 et
4456 5209 4568 5249 sao-

2622 5261 2751 5384 piulf
2791 5260 2982 5384 ἕάἑτοε.
3067 5261 3151 5327 Of.
3210 5262 3442 5317 Fabrsct‘
3442 5263 3466 5318 z·
3508 5263 3629 5318 bibl.
3677 5265 3770 5321 lat.
3816 5266 4026 5320 mediae
4079 5271 4132 5321 et
4184 5268 4405 5334 infimae
4466 5269 4567 5319 aet·

2626 5345 2667 5383 ε.
2746 5369 2756 5381 .
