5050 6167
595 457 717 517 '76⁷

762 641 966 710 Salve
1020 642 1116 708 mi
1170 641 1619 708 amantissime
1673 643 1891 707 frater.
1979 641 2118 707 Res
2163 646 2431 706 nostrae
2472 640 2546 706 in

590 729 860 814 ancipiti
905 736 1082 794 statu
1125 736 1298 805 sunt,
1327 728 1375 810 ¹)
1433 748 1555 793 nec
1599 727 1758 810 quid
1815 749 2071 811 sperem
2124 746 2544 810 magnopere,

587 837 712 882 nec
766 815 964 881 ctiam
1022 813 1180 897 quid
1233 813 1573 896 desperem
1629 814 1854 878 habeo.
1922 813 2027 878 ·In
2083 833 2266 895 spem
2321 823 2543 877 tamen

588 901 802 986 magis
846 899 1234 984 propendeo,
1288 899 1613 981 siquidem
1657 897 1904 984 synodo
1948 899 2394 965 controversia
2438 899 2547 982 (ut

587 1008 712 1073 par
765 986 892 1073 est)
963 984 1402 1050 examinanda
1460 983 2000 1067 diiudicandaque
2065 985 2542 1050 committatur:

587 1093 863 1155 eamque
920 1078 997 1136 ut
1065 1071 1495 1155 impetremus
1551 1069 1765 1135 studio
1825 1071 2140 1135 acerrimo
2207 1069 2546 1134 incumbe-

588 1179 765 1224 mus:
812 1177 1182 1241 quanquam
1225 1156 1701 1221 reluctaturum
1758 1177 1876 1239 pro
1935 1156 2112 1222 virili
2168 1156 2544 1239 antagonis-

588 1253 726 1309 tam
762 1265 904 1309 esso
946 1243 1302 1322 coniiciam,
1348 1242 1461 1324 qui
1497 1240 1580 1305 ad
1615 1251 1891 1319 caetera,
1937 1263 2201 1306 omnem
2235 1242 2545 1307 ecclesiae

589 1331 1010 1396 autoritatem
1054 1339 1249 1410 atque
1293 1328 1733 1394 oeconomiam
1792 1326 1877 1392 ad
1932 1326 2217 1392 tribunal
2277 1335 2544 1392 tantum

585 1416 849 1483 forense
902 1423 1199 1489 revocat,
1272 1433 1619 1495 coramque
1676 1412 1759 1478 iis
1815 1412 2082 1478 indubie
2142 1413 2311 1478 hanc
2364 1411 2546 1494 cupit

674 1501 1004 1566 tissimum
1046 1498 1257 1565 decidi
1289 1519 1574 1577 causam,
1619 1519 1897 1581 quorum
1931 1499 2186 1564 animos
2219 1499 2352 1563 iam
2388 1511 2545 1562 ante

632 1585 1145 1669 landiloquentia
1217 1585 1751 1668 praeoccupavit,
1841 1597 1959 1650 aut
2035 1604 2544 1667 praeoccupasse

586 1672 854 1738 videtur
890 1671 1140 1754 potius,
1201 1681 1382 1736 actor
1437 1669 1698 1735 futurus
1755 1669 1997 1736 idcirco
2040 1691 2174 1736 non
2218 1670 2542 1755 ingratuS,

629 1757 763 1823 uod
818 1779 936 1840 pro
994 1756 1282 1838 ipsorum
1339 1754 1625 1838 placitis,
1696 1776 1816 1821 ceu
1874 1778 1994 1839 pro
2067 1757 2199 1821 aris
2252 1776 2329 1822 ac
2380 1756 2542 1821 focis

585 1779 936 1927 depugnet,
982 1862 1101 1926 pro
1146 1841 1606 1924 disputationis
1651 1841 1911 1907 habitae
1955 1842 2335 1919 autoritate,
2392 1853 2541 1906 tan-

583 1949 782 2012 quam
825 1929 1082 1993 Dianae
1122 1927 1303 1992 illius
1338 1947 1615 2010 magnae
1648 1926 2105 2009 Ephesiorum,
2152 1927 2543 1992 clamoribus

581 2012 1106 2079 indesinentibus
1150 2013 1559 2078 vociferetur.
1627 2013 1766 2077 Nos
1800 2034 2176 2097 quanquam
2220 2013 2543 2078 bonorum

584 2099 959 2167 voluntates
1015 2120 1056 2164 a
1111 2098 1300 2163 nobis
1364 2119 1501 2162 non
1557 2097 1804 2164 alienas
1859 2120 2002 2164 esse
2066 2099 2540 2183 cognoscimus,

583 2191 808 2250 tamen
851 2184 1126 2249 Domini
1169 2182 1485 2248 beneficio
1542 2183 1764 2249 nullus
1820 2183 1981 2250 adeo
2021 2185 2374 2268 applausus
2416 2183 2541 2249 hu-

582 2290 818 2336 manus
878 2270 972 2336 sic
1029 2269 1217 2334 nobis
1272 2269 1492 2335 oculos
1536 2269 1955 2353 perstrinxit,
2013 2280 2090 2335 ut
2147 2291 2279 2335 non
2327 2271 2541 2352 potius

582 2376 818 2423 causae
873 2355 1263 2433 bonitatem,
1320 2375 1517 2437 quam
1574 2356 1889 2439 suffragia
1943 2364 2291 2439 potentum
2334 2355 2543 2437 respi-

581 2442 852 2510 ciamus.
951 2441 1182 2524 Neque
1251 2440 1535 2506 ullorum
1600 2442 1979 2507 mortalium
2043 2440 2542 2508 reformidamus

579 2527 932 2593 iudicium:
988 2525 1188 2591 donet
1228 2525 1422 2592 modo
1465 2527 1652 2592 nobis
1695 2526 2035 2607 Christus,
2094 2528 2191 2592 uti
2243 2546 2372 2610 qua
2420 2547 2544 2610 par

582 2622 687 2679 cst
752 2611 1293 2695 aequanimitate,
1356 2611 1741 2694 prudentia,
1814 2613 2309 2695 constantiaque
2366 2625 2543 2677 stare

579 2720 701 2783 pro
740 2700 1023 2763 veritate
1065 2707 1258 2780 atque
1292 2719 1590 2782 pugnare
1632 2698 2005 2781 possimus..
2071 2697 2340 2765 Statum
2383 2717 2541 2763 con-

579 2785 941 2849 troversiae
993 2782 1172 2848 hunc
1225 2805 1345 2849 nos
1408 2783 1807 2869 urgebimus.
1910 2784 2211 2851 Primum
2257 2791 2334 2848 ut
2374 2803 2541 2866 quac

579 2869 672 2938 sit
714 2870 1076 2952 scripturae
1112 2869 1461 2935 canonicae
1504 2890 1662 2953 prae
1698 2869 2002 2935 omnibus
2037 2869 2329 2933 omnium
2364 2890 2540 2933 mor-

577 2955 818 3021 talium
860 2954 1121 3039 scriptis
1164 2956 1486 3020 autoritas
1527 2955 1957 3040 intelligatur,
1998 2952 2234 3020 deinde
2275 2961 2351 3019 ut
2392 2976 2539 3039 pro-

576 3040 875 3125 phetiam
928 3040 1393 3126 religionisque
1448 3039 1757 3126 dogmata
1806 3061 1941 3106 non
2000 3039 2152 3106 ullis
2195 3039 2539 3106 hominum

575 3125 1056 3211 pronunciatis,
1131 3125 1244 3191 sed
1311 3127 1583 3192 canonis
1658 3125 1861 3192 solius
1924 3125 2106 3210 lydio
2172 3126 2540 3191 examinari

576 3213 957 3278 conveniat:
1003 3219 1334 3295 postremo
1378 3232 1578 3295 quam
1622 3232 1755 3276 non
1788 3211 2107 3278 fuerimus
2148 3232 2271 3278 nos
2315 3212 2537 3278 hacte-

573 3319 724 3376 nus,
772 3317 981 3381 neque
1022 3318 1203 3364 nunc
1238 3298 1448 3362 simus
1483 3295 1681 3363 ullius
1715 3317 1853 3362 non
1887 3298 2294 3363 necessariae
2333 3317 2537 3364 nova-

574 3384 778 3450 tionis
832 3391 1113 3449 autores.
1218 3382 1370 3464 Qua
1421 3383 1493 3447 in
1549 3403 1622 3448 re
1680 3382 1836 3449 licet
1899 3383 2157 3449 abunde
2221 3383 2405 3450 nobis
2471 3390 2540 3448 et

575 3470 945 3554 scripturae
998 3475 1068 3533 et
1109 3475 1411 3534 veterum
1455 3468 1773 3533 autoritas
1828 3469 2255 3553 exemplaque
2299 3469 2538 3535 suffra-

573 3565 834 3640 gentur,
870 3562 1096 3619 tamen
1128 3553 1378 3639 negotii
1414 3553 1545 3618 erit
1576 3575 1711 3618 non
1748 3554 1968 3637 exigui
2004 3575 2150 3621 cam
2186 3555 2537 3620 veritatem

573 3640 775 3706 ctiam
820 3639 1223 3723 probabilem
1266 3636 1548 3720 auditori
1591 3638 1866 3718 efficere,
1919 3648 2538 3725 praeposteramque

572 3733 645 3793 ct
685 3727 957 3790 nimiam
989 3724 1381 3808 placitorum
1416 3723 1859 3790 humanorum
1901 3725 2418 3805 admirationem,
2464 3733 2535 3791 et

571 3811 1053 3877 affectationem
1107 3810 1515 3875 constantiae
1572 3809 1809 3876 animis
1867 3812 2187 3892 eximere,
2245 3811 2534 3877 maxime

615 3896 832 3962 nando
877 3917 1022 3961 eam
1065 3898 1386 3978 φιλαυτίαν
1434 3902 1660 3961 noster
1700 3895 1814 3961 illc
1868 3897 2153 3963 mirabili
2208 3897 2533 3964 lenocinio

567 3981 863 4048 incendit
906 3989 975 4046 et
1018 3989 1233 4066 auget.
1323 3979 1647 4062 Quocirca
1705 3989 1771 4047 tc
1826 4003 2017 4067 rog0,
2075 3983 2169 4048 mi
2215 3982 2529 4048 amantis-

568 4067 736 4135 sime
770 4068 993 4144 frater,
1038 4068 1138 4130 uti
1179 4074 1293 4132 tuo
1336 4087 1459 4131 nos
1502 4067 1774 4134 consilio
1818 4068 1984 4135 velis
2026 4069 2377 4145 instruere,
2428 4067 2530 4133 id-

568 4172 698 4237 que
741 4153 998 4235 copiose
1041 4159 1109 4216 et
1149 4150 1439 4235 prolixe,
1483 4154 1847 4237 quibusque
1904 4152 2066 4221 haec
2116 4153 2532 4237 potissimum

565 4238 931 4305 rationibus
974 4237 1082 4321 agi
1128 4258 1169 4302 a
1213 4236 1402 4302 nobis
1445 4237 1701 4321 placeat
1744 4239 2006 4305 docere:
2053 4259 2129 4304 eo
2172 4238 2353 4304 enim
2387 4239 2532 4304 offi-

566 4324 671 4390 cio
714 4344 838 4389 nec
879 4324 1137 4406 gratius
1194 4343 1407 4406 neque
1447 4326 1661 4409 magis
1704 4323 2150 4391 necessarium
2192 4333 2532 4408 praestare

569 4499 745 4506 —fl-——d
820 4498 977 4504 ----.

612 4611 745 4671 583.
785 4612 842 4677 1)
879 4609 1017 4690 Ρρει
1062 4619 1285 4667 mrtem
1327 4613 1592 4680 Commi,
1641 4614 1740 4682 qui
1770 4613 1915 4668 diem
1948 4630 2111 4668 smom
2144 4615 2280 4670 obiit
2311 4631 2379 4668 m.
2417 4615 2529 4669 Fe-

567 4679 801 4736 bruas-io
834 4679 1005 4734 hum
1040 4681 1183 4735 amni
1202 4681 1467 4737 διάηται
1501 4696 1626 4735 cwm
1657 4682 1707 4736 G
1898 4684 1908 4695 '
1965 4683 2531 4738 Lutheranizanttum

568 4749 976 4817 contemnanus
1007 4749 1224 4818 factus,
1281 4765 1456 4818 usque
1489 4765 1614 4805 cum
1647 4751 2012 4821 Zwinyimtis
2045 4753 2251 4808 acriter
2284 4753 2529 4808 decerta-

566 4818 682 4897 bat,
737 4833 992 4886 quamms
1043 4825 1271 4874 senatus
1306 4835 1420 4888 pro
1473 4820 1629 4876 cinti
1670 4836 1869 4890 pacem
1916 4837 2234 4890 promovere
2269 4822 2528 4877 studeret.

566 4886 722 4942 Eme
853 4887 1041 4942 ’mario
1086 4888 1475 4955 antayonistae
1523 4888 1739 4945 Βίτων-ο
1790 4890 1905 4944 iam
1955 4891 2196 4946 Consenti
2248 4906 2531 4946 successor

568 4957 655 5011 10.
772 4956 966 5010 eber-us
999 4956 1315 5011 adsidebat.
1354 4957 1605 5026 (Ruchat
1633 4957 1699 5011 V.
1718 4959 1841 5026 226,
1866 4959 2289 5030 Hnmdeshaqen
2346 5001 2359 5014 .
2386 4960 2525 5028 187.)

644 5025 655 5037 “
782 5025 977 5080 tabant
1018 5027 1258 5081 ”mxime
1303 5026 1372 5080 de
1407 5026 1518 5082 Dis
1693 5027 1703 5039 ’
1847 5029 2125 5084 Remensi
2169 5047 2223 5084 a.
2264 5031 2292 5083 1
2331 5030 2400 5082 28
2434 5030 2530 5082 cui

568 5094 919 5217 gaudinam
951 5095 1305 5150 autoritatem
1349 5096 1710 5151 vindicabant
1741 5097 2099 5166 Znoinqziani,
2138 5098 2366 5154 Sutura
2402 5114 2528 5153 cum

626 5163 754 5218 aava
794 5162 1145 5219 Vadam-ibus
1188 5165 1458 5236 synodum
1505 5182 1708 5222 novam
1736 5170 1981 5235 petente,
2031 5167 2246 5222 Rittero
2278 5185 2395 5223 rem
2426 5183 2523 5234 po-

566 5233 684 5287 tius
718 5231 962 5287 Senatui
993 5249 1036 5288 s.
1073 5233 1343 5289 tribunali
1373 5234 1588 5301 forensi
1616 5236 1990 5305 pemittante,
2040 5243 2275 5306 utroque
2321 5237 2529 5292 sedicet

566 5300 1613 5373 mamertia-ammaum
1654 5321 1792 5359 suae
1837 5307 2528 5374 mmpmoeimoeos

2138 448 2666 519 EPISTOLAE
2712 453 3052 518 583—585

4476 454 4601 517 768

2648 641 2835 707 nobis
2899 647 3102 724 potes.
3187 638 3454 707 Scribas
3523 647 3745 709 autem
3795 661 3956 726 rogo
4016 643 4520 726 quamprimum,
4538 644 4600 720 ²)

2649 749 2733 792 ne
2774 726 3242 809 intempestiva
3284 729 3536 793 actione
3578 727 3934 794 obruamur
3973 729 4184 812 prius,
4242 749 4441 812 quam
4483 736 4602 796 tuo

2649 813 3053 895 aliorumque
3110 812 3401 878 consiliis
3455 834 3939 897 praeparemur.
4045 813 4152 879 De
4204 813 4604 880 eucharistia

2648 898 2858 982 deque
2899 898 3248 963 ministerii
3292 898 3462 964 sacri
3517 901 3867 966 autoritate
3909 909 3979 965 et
4018 922 4173 979 usu,
4227 900 4606 966 oeconomia

2647 985 2808 1050 item
2851 984 3190 1061 ecclesiae,
3250 993 3567 1067 quatenus
3627 985 3955 1069 agendum
4022 984 4601 1069 disserendumquc

2648 1071 2752 1148 sit,
2797 1072 2867 1135 in
2909 1070 2935 1133 i
2983 1091 3056 1134 sa
3101 1071 3441 1150 (arbitror)
3486 1091 3688 1135 arena
3731 1072 4075 1137 discemus.

2821 1154 2911 1221 Se
3010 1154 3092 1219 de
3147 1155 3251 1220 his
3310 1157 3489 1222 satie.
3580 1158 3685 1222 De
3733 1157 4027 1238 Philippi
4082 1167 4149 1221 ct
4193 1157 4454 1222 Luthen‘
4493 1178 4604 1222 re-

2620 1241 3112 1319 conciliatione,
3134 1247 3192 1320 s)
3216 1242 3424 1325 deque
3458 1262 3631 1306 nova
3659 1243 3835 1324 apud
3859 1243 4226 1309 Brabantos
4260 1242 4601 1324 haeresi,⁴)

2648 1329 2854 1405 mitto,
2898 1348 3065 1410 quae
3108 1327 3189 1391 ad
3233 1349 3339 1392 mc
3375 1349 3457 1393 ex
3493 1329 3910 1413 WVittcbcrga
3949 1330 4335 1395 Ambrosius
4378 1337 4605 1394 noster

2647 1413 3016 1480 Blaurerus
3053 1413 3345 1495 scripsit,
3400 1413 3572 1497 quod
3617 1414 3818 1479 sciam
3863 1435 3943 1480 ea
3983 1435 4120 1479 non
4161 1414 4423 1499 ingrata
4460 1414 4604 1480 sore

2648 1499 2784 1565 tibi.
2850 1497 3213 1564 Dominum
3255 1499 3453 1564 laudo
3495 1521 3606 1565 eos
3650 1507 3870 1565 motus
3912 1499 4264 1566 salubriter
4304 1501 4604 1583 consopi-

2648 1594 2770 1664 tos,
2815 1604 2936 1651 nec
2978 1583 3205 1650 dubito
3241 1588 3590 1650 sanitatem
3626 1585 3911 1669 aliquam
3942 1586 4254 1653 ccclesiae
4287 1585 4604 1652 allaturos

2648 1690 2822 1738 csse:
2882 1670 3043 1736 adeo
3098 1671 3285 1736 novit
3341 1671 3400 1738 is
3455 1672 3657 1736 etiam
3711 1672 3888 1737 mala
3941 1679 4168 1738 nostra
4211 1670 4294 1737 ad
4338 1672 4443 1738 sui
4482 1692 4603 1736 no-

2648 1757 2848 1822 minis
2926 1756 3207 1841 gloriam
3283 1756 3768 1840 elcctorumque
3844 1757 4125 1824 salutem
4201 1766 4601 1824 convertere.

2648 1842 2754 1908 De
2810 1863 2973 1926 pace
3027 1843 3205 1907 inter
3266 1841 3605 1910 Gaesarem
3659 1851 3728 1908 ct
3776 1843 4040 1910 Gallum
4093 1844 4282 1909 varia
4326 1863 4604 1908 narran-

2646 1938 2777 1994 tur.
2800 1929 2860 2010 ⁵)
2948 1925 3128 1993 Sunt
3183 1928 3297 2011 qui
3352 1928 3694 1995 dissiliisse
3747 1947 4012 1995 rursum
4068 1935 4336 2011 putent,
4391 1950 4604 2012 quan-

2644 2036 2843 2099 quam
2903 2012 2974 2078 id
3036 2014 3152 2080 vix
3208 2014 3567 2079 verisimile
3629 2014 3793 2079 mihj
3864 2016 3968 2080 sit.
4059 2015 4400 2081 Helvetios
4469 2036 4605 2080 non

2645 2098 2890 2166 reverti
2946 2099 3298 2177 miramur,
3359 2100 3649 2183 adeoque
3703 2121 3828 2166 nec
3892 2100 4149 2166 nunciis
4204 2121 4327 2167 nec
4390 2100 4606 2167 literis

2646 2186 3038 2270 significari,
3103 2185 3216 2251 ubi
3282 2185 3419 2250 sint
3471 2193 3540 2251 ct
3594 2183 3752 2269 quid
3806 2195 4024 2271 agant
4124 2187 4337 2252 Fama
4391 2186 4606 2253 tristis

2644 2272 2797 2337 licet
2837 2290 2974 2335 non
3007 2270 3270 2354 publica
3311 2272 3439 2336 fert
3480 2272 3563 2337 ab
3597 2272 3970 2356 Anglorum
4005 2293 4158 2357 rege
4202 2292 4427 2339 caesos
4460 2292 4606 2338 esse

2647 2355 3053 2424 memorabili
3094 2356 3615 2440 gravissimaque
3669 2367 3922 2443 strage,
3981 2378 4253 2442 eamque
4297 2356 4606 2423 nonnihil

2646 2441 3048 2527 probabilem
3089 2442 3246 2508 facit
3287 2444 3669 2529 repentinus
3711 2451 3781 2509 et
3820 2444 4215 2527 improvisus
4257 2443 4456 2528 legati
4498 2464 4604 2510 re-

2646 2529 2736 2613 gii
2780 2549 2822 2592 a
2864 2526 3181 2594 Salodoro
3225 2527 3565 2595 discessus.
3632 2528 3769 2596 Sed
3810 2531 3945 2595 iam
3987 2530 4139 2596 vale
4182 2536 4251 2595 et
4291 2550 4412 2596 nos
4450 2549 4605 2613 prc-

2645 2613 2832 2681 cibus
2897 2613 3313 2697 consiliisque
3376 2614 3511 2681 tuis
3579 2615 3809 2681 iuvare
3872 2636 4092 2699 perge.
4206 2613 4472 2682 Salutat
4533 2623 4602 2681 te

2645 2707 2945 2765 amanter
2990 2706 3059 2763 et
3099 2710 3481 2766 reverenter
3525 2699 3768 2767 Beatus
3783 2702 3839 2779 ⁶)
3899 2723 4090 2768 carus
4148 2709 4216 2765 et
4271 2722 4601 2767 veneran-

2644 2784 2767 2852 dus
2830 2785 2992 2851 colle
3219 2784 3271 2851 S
3273 2795 3643 2871 ymmystas
3717 2796 3866 2853 tuos
3924 2787 4268 2870 utriusque
4333 2787 4604 2853 nominc

2643 2871 2897 2939 salvere
2939 2871 3007 2936 iu
3054 2892 3106 2936 θ.
3195 2872 3474 2951 Bernae,
3524 2876 3579 2938 7.
3626 2873 3978 2940 Novembr.
4033 2877 4212 2937 1544.

3942 3010 4016 3075 Τ.
4063 3007 4425 3077 Sultzerus.

3536 3501 3690 3574 584.

3176 3639 3580 3708 VIRE'I'US
3625 3640 4065 3710 OALVINO.

2829 3812 3024 3878 Varia
3064 3814 3136 3877 in
3178 3813 3517 3879 novissimo
3569 3833 3687 3878 suo
3742 3814 3966 3880 itinere
4021 3820 4328 3897 comperta
4357 3818 4592 3899 paucis
4709 3868 4722 3880 .

2635 3899 2838 3966 amico
2880 3899 3095 3979 tradit,
3137 3899 3302 3965 inter
3343 3899 3481 3965 alia
3526 3897 3875 3966 Mat-curtii
3915 3903 4286 3967 sententiam
4326 3903 4404 3968 de
4444 3904 4594 3986 bap-

2634 3985 2819 4051 tismo
2859 3984 3244 4051 obstetricum
3284 3989 3342 4049 et
3383 3986 3694 4068 neqotium
3740 3983 4113 4053 Camelitas
4153 3988 4503 4055 cuiusdam.

2636 4155 2745 4222 (Ex
2780 4163 3008 4217 autom
3045 4156 3117 4210 ho
3165 4155 3298 4209 Ood.
3334 4155 3469 4210 Gen.
3506 4154 3648 4208 111⁸.
3691 4156 3786 4210 fol.
3820 4155 3889 4210 59
3941 4157 4093 4211 cuius
4138 4175 4173 4211 a

2636 4229 2786 4278 stant
2821 4225 2951 4279 ibid.
3105 4264 3122 4282 .
3158 4222 3288 4291 111,
3342 4224 3436 4278 fol.
3477 4222 3605 4290 108,
3655 4225 3863 4279 Bornae
3898 4227 4041 4296 Epp.
4078 4225 4154 4282 VI
4184 4267 4198 4280 .

3251 4293 3308 4346 in
3345 4292 3680 4347 Simlerianis
3714 4294 3838 4348 Vol.
3876 4294 3984 4355 56.)

4342 4159 4454 4230 pha
4497 4176 4591 4214 cx·

4307 4226 4353 4295 1,
4409 4227 4592 4283 Tui-ici

2775 4418 2870 4425 ..ο-
2879 4417 3038 4424 —0---0

2734 4477 2738 4481 ’
2841 4481 2900 4542 2)
2939 4480 3009 4536 Si
3033 4496 3234 4562 ⁸,revera
3268 4481 3508 4549 scripsit,
3546 4481 3695 4550 quod
3728 4498 3863 4538 sane
3901 4485 4140 4540 maxime
4168 4485 4458 4553 probabile
4491 4490 4590 4555 est,

2633 4551 3993 4700 νῶρὛΒῗῖιεωαεέἕέῗεηωᾚιῗταύὰαωηυίνοε
4048 4622 4171 4677 alos
4228 4621 4590 4678 dissensum·
4548 4622 4563 4636 ’

2634 4701 2696 4740 eo
2729 4692 2966 4752 tempore
2998 4693 3169 4743 totam
3205 4687 3567 4743 Gemoemam
3593 4695 3921 4757 pervaserat
3959 4696 4011 4744 et
4042 4692 4341 4746 multorum
4374 4693 4593 4748 avano·

2633 4756 2896 4824 ayitabat.
2969 4757 3109 4811 Vide
3141 4756 3500 4825 Lanam-avii
3529 4773 3614 4824 ομ.
3651 4757 3729 4812 ad
3760 4759 4071 4814 Brackn'um
4104 4760 4496 4815 cancellarium
4526 4761 4594 4816 in

2635 4824 2800 4894 Gorp.
2836 4824 2961 4891 Ref.
3007 4826 3072 4880 V.
3107 4825 3229 4906 2501.
3308 4826 3458 4896 Quid
3492 4825 3639 4907 quod
3671 4827 3789 4894 ipse
3813 4828 4211 4884 Melanchthon
4242 4829 4592 4899 aliquamdiu

2634 4894 2702 4949 de
2735 4894 2929 4949 exsilto
2965 4899 3017 4947 et
3047 4896 3382 4963 mayr-atione
3415 4895 3523 4949 siba
3556 4896 3800 4950 instante
3817 4898 3895 4952 ad
3922 4899 4129 4953 amicos
4162 4899 4408 4954 scn‘bens
4442 4898 4590 4969 coyt·

2631 4964 2806 5030 tabat,
2843 4963 2989 5018 mter
3024 4964 3167 5018 alios
3199 4963 3278 5019 ad
3313 4964 3637 5019 Mammam
3682 4981 3754 5018 m.
3790 4965 4047 5034 Aaou-sto
4084 4968 4244 5036 (ibid.
4281 4983 4338 5039 p.
4375 4968 4503 5036 46⁴)
4535 4970 4593 5023 et

2631 5032 2970 5114 Myconi-um·
3020 5051 3072 5098 p.
3107 5032 3237 5094 499)
3272 5049 3342 5087 m.
3387 5032 3631 5099 Octobre,
3668 5034 3768 5088 ubi
3798 5040 3982 5090 tamen
4013 5037 4242 5092 meliora
4275 5039 4586 5107 aspectare·

2629 5117 2790 5172 9⁰⁸oe
2835 5170 2896 5234 4)
3046 5169 3352 5225 umorum
3385 5185 3437 5224 υ.
3473 5170 3553 5226 Ν.
3588 5170 3710 5253 5η.
3744 5125 3750 5131 ⁵
3975 5242 3987 5255 ·

2630 5308 2743 5364 cita
2775 5240 2896 5436 fuit:
2915 5255 3369 5433 gagen-tzedah&
3402 5242 3806 5378 Septembris&
3975 5361 3980 5365 .
4100 5242 4309 5314 cmm
4353 5250 4408 5299 d
4448 5260 4583 5300 m
