5050 6167
356 427 481 488 625

354 612 514 693 lent,
558 619 628 679 et
669 610 754 678 ad
794 613 1234 696 receptionem
1273 612 1435 679 satis
1477 618 1886 697 comparatos
1929 633 2071 680 esse
2114 634 2312 698 appa-

356 706 526 765 reat:
583 698 709 764 hac
751 704 975 763 tamen
1015 698 1195 783 lege,
1249 706 1329 764 ut
1380 699 1467 763 sit
1520 718 1680 764 vera
1734 699 2132 779 communio,
2187 700 2311 766 hoc

357 791 476 864 est,
541 793 622 849 nt
682 785 872 868 panis
913 784 987 849 in
1050 791 1238 849 coetu
1301 783 1519 868 aliquo
1581 783 1879 850 fidelium
1944 784 2305 869 frangatur.

357 870 651 936 Coenam
703 890 863 936 vero
930 871 1004 935 in
1057 869 1387 935 ordinaria
1455 870 1764 936 concione
1805 870 2066 936 institui
2122 879 2312 937 extra

358 955 655 1022 ordinem
702 956 900 1021 unius
966 962 1199 1038 rogatu
1253 955 1452 1022 nimis
1506 954 1859 1020 absurdum
1918 962 2046 1020 est:
2101 977 2314 1039 neque

360 1041 538 1109 enim
603 1038 789 1106 decet
838 1042 1117 1190 proponi
1184 1061 1401 1106 coram
1456 1039 1759 1106 omnibus
1830 1061 2090 1141 sacrum
2146 1042 2309 1143 illud

357 1126 896 1290 sssfflffiz.333.‚
924 1147 1221 1277 ⁰553?
1262 1133 1828 1296 ζῗωᾚῗὲἓοῖῗὼ
1854 1147 2000 1277 ⁸²3⁹
2038 1127 2312 1279 ..³532ss

358 1304 712 1382 comparet.
801 1298 903 1363 Eo
944 1304 1168 1362 autem
1218 1298 1412 1363 modo
1463 1298 1608 1363 fieri
1662 1317 1791 1381 quo
1841 1298 2145 1381 princeps
2208 1298 2308 1364 iu-

358 1384 488 1461 bet,
534 1381 693 1467 quid
735 1381 918 1448 aliud
968 1382 1137 1447 foret
1186 1403 1383 1465 quam
1441 1382 1761 1450 subiicere
1803 1384 2311 1468 uniuscuiusque

355 1467 616 1533 libidini
658 1468 996 1552 publicum
1039 1467 1349 1534 ecclesiae
1393 1468 1734 1534 ordinem?
1801 1469 1896 1533 Et
1936 1469 1993 1534 si
2027 1470 2311 1535 necessi-

357 1561 565 1619 tatem
606 1554 941 1634 obiiciunt,
984 1574 1120 1619 non
1162 1563 1262 1619 est
1304 1576 1424 1621 cur
1456 1555 1769 1620 recusetis
1803 1553 2311 1638 frequentiorem

358 1660 557 1705 usum
573 1691 589 1719 ,
645 1660 734 1704 ne
776 1640 926 1723 quis
972 1638 1252 1723 amplius
1310 1641 1759 1707 necessitatem
1803 1638 2140 1719 obtendat,
2198 1641 2310 1724 qui

359 1724 433 1790 in
478 1732 733 1790 coetum
775 1725 970 1790 modo
1011 1725 1362 1792 convenire
1399 1727 1653 1808 poterit.

538 1812 956 1894 Baptismum
1008 1809 1464 1877 obstetricibus
1521 1810 1902 1895 permittere
1971 1811 2174 1896 impia
2243 1819 2313 1876 et

362 1896 685 1980 sacrilega
732 1904 833 1962 est
885 1896 1194 1980 baptismi
1249 1898 1628 1979 profanatio,
1726 1897 1908 1981 Ergo
1949 1895 2076 1962 hoc
2118 1905 2315 1981 caput

363 2004 496 2048 non
539 1988 804 2047 tantum
839 1980 1324 2066 repudiandum
1361 1981 1610 2048 iudico:
1667 2001 1928 2062 verum,
1983 1983 2040 2048 si
2078 2004 2317 2067 urgere

363 2088 485 2135 vos
527 2069 831 2152 princeps
864 2068 1042 2133 ultra
1081 2066 1349 2133 modum
1393 2074 1638 2151 pergat,
1683 2087 1892 2150 usque
1926 2067 2008 2133 ad
2051 2070 2318 2153 sangui-

365 2174 520 2219 nem
564 2152 999 2219 resistendum
1043 2154 1257 2237 potius
1313 2174 1507 2237 quam
1552 2152 1709 2218 huic
1765 2173 1897 2217 non
1940 2152 2318 2220 tolerandae

366 2239 820 2322 superstitioni
863 2238 1300 2303 consentiatis.
1389 2237 1692 2322 Rogabat
1733 2237 2044 2305 Christus
2078 2239 2318 2304 Phari-

365 2344 553 2391 saeos
593 2324 926 2390 undenam
969 2322 1242 2390 Ioannis
1284 2322 1645 2407 baptismus
1686 2323 1885 2389 foret:
1931 2343 1969 2388 e
2012 2324 2188 2390 coelo
2232 2345 2317 2389 an

364 2410 447 2475 ab
490 2408 908 2475 hominibus?
995 2409 1169 2475 Nam
1217 2411 1274 2476 si
1315 2410 1441 2475 hoc
1495 2406 1852 2475 secundum
1897 2410 2176 2476 confessi
2217 2431 2319 2476 es·

365 2502 538 2574 sent,
582 2502 958 2578 promptum
1001 2506 1145 2560 erat
1185 2494 1507 2579 colligere,
1554 2513 1796 2559 vanum
1830 2494 2037 2578 igitur
2069 2517 2210 2561 esse
2254 2503 2322 2561 et

369 2580 620 2646 nullius
665 2579 999 2646 momenti.
1080 2580 1228 2644 Iam
1271 2579 1695 2646 obstetricum
1737 2580 2097 2663 baptismus
2144 2580 2320 2648 unde

366 2665 539 2731 erit?
599 2673 774 2731 certe
816 2686 952 2731 non
1009 2664 1093 2731 ab
1134 2687 1211 2732 eo
1267 2667 1379 2749 qui
1434 2666 1558 2732 hoc
1614 2686 1854 2731 munus
1907 2667 2322 2749 peculiariter

367 2752 680 2835 apostolis
721 2750 1083 2818 mandavit.
1170 2750 1491 2835 Superest
1533 2751 1748 2902 115111111·
1795 2757 1874 2815 ut
1911 2772 1953 2816 a
1993 2753 2320 2819 contrario

366 2844 614 2903 autore.
704 2837 1119 2922 Augustinus
1162 2857 1297 2902 non
1342 2836 1423 2901 de
1464 2858 1531 2901 m
1610 2837 1739 2902 'ere
1786 2834 1903 2902 sed
1926 2836 2024 2903 ‘de
2064 2838 2321 2922 privato

365 2923 514 2989 viro
556 2929 780 2988 movet
819 2923 1268 3007 quaestionem
1281 2973 1298 3002 ,
1356 2943 1443 2989 an
1486 2922 1543 2987 si
1593 2922 1883 3005 baptiset
1923 2923 1996 2989 in
2037 2923 2338 3001 necessi-2

366 3015 504 3074 tate
554 3017 794 3092 peccet.
882 3006 1264 3092 Respondet
1317 3006 1587 3074 demum
1629 3006 2027 3087 dubitanter,
2085 3016 2163 3074 ut
2205 3031 2321 3075 ex-

364 3101 553 3161 cuset
594 3094 807 3178 magis
849 3115 1045 3178 quam
1089 3092 1332 3177 probet.
1401 3091 1601 3159 Oerte
1643 3114 1775 3159 non
1820 3095 2053 3159 asserit
2093 3094 2316 3161 licere:

409 3180 531 3246 uin
597 3182 812 3263 potius
875 3180 1121 3244 fatetur
1184 3179 1447 3245 subesse
1490 3178 1821 3245 delictum.
1931 3179 2186 3245 Verum
2263 3180 2319 3246 si

427 3265 627 3332 hristi
669 3265 967 3350 regulam
1010 3264 1343 3349 sequimur
1373 3263 1612 3329 nullus
1656 3272 1860 3330 restat
1901 3264 2085 3332 locus
2129 3264 2317 3331 dubi-

365 3352 621 3417 tationi.

542 3436 627 3501 In
694 3435 1034 3517 sepultura
1103 3443 1511 3500 mortuorum
1576 3435 1746 3501 hanc
1810 3434 2319 3502 moderationem

366 3522 610 3589 vellem
662 3519 960 3587 adhiberi
1030 3541 1117 3586 ne
1168 3521 1240 3585 in
1297 3521 1615 3605 templum
1673 3520 1874 3587 funus
1938 3520 2318 3602 deferretur,

365 3607 487 3674 sed
526 3613 708 3674 recta
741 3606 816 3671 in
857 3607 1339 3674 coemeterium.
1428 3606 1576 3673 Illic
1618 3627 1874 3690 quoque
1917 3607 2320 3693 exhortatio-

366 3714 526 3767 nem
570 3692 799 3758 haberi
847 3693 1098 3772 vellem,
1142 3700 1217 3757 ut
1250 3693 1321 3757 in
1357 3713 1430 3757 re
1463 3694 1791 3775 praesenti
1826 3692 2078 3757 funeris
2122 3691 2321 3758 comi-

368 3786 471 3845 tes
523 3785 994 3863 cognoscerent
1054 3777 1226 3861 quod
1283 3775 1624 3843 diceretur.
1724 3776 1910 3843 Haec
1964 3778 2132 3842 ratio
2185 3797 2322 3842 non

367 3863 725 3930 admodum
766 3862 1194 3946 improbanda
1235 3863 1419 3928 foret.

545 3950 650 4015 De
694 3968 1051 4031 campanae
1092 3946 1290 4032 pulsu
1346 3946 1550 4013 nolim
1602 3968 1718 4014 vos
1775 3947 2174 4031 pertinacius
2216 3969 2319 4013 re-

370 4035 660 4102 clamare
675 4086 690 4113 ,
747 4036 806 4100 si
848 4034 1131 4100 obtineri
1184 4039 1463 4117 nequeat
1515 4040 1595 4097 ut
1649 4034 1956 4117 princeps
1998 4033 2320 4097 remittat:

372 4141 513 4187 non
568 4120 720 4204 quia
818 4118 1040 4185 robem
1055 4170 1070 4200 ‚
1134 4119 1249 4185 sed
1303 4119 1457 4202 quia
1513 4138 1654 4183 rem
1712 4117 2131 4185 contentione
2187 4138 2321 4183 non

373 4206 644 4292 dignam
688 4226 762 4271 ar
805 4206 986 4271 itror.

547 4291 630 4357 In
673 4292 856 4359 festis
897 4311 1032 4356 non
1066 4287 1455 4372 recipiendis
1489 4307 1793 4372 cuperem
1828 4309 1946 4354 vos
1979 4310 2124 4354 esse
2165 4310 2323 4356 con-

371 4378 747 4457 stantiores,
791 4376 887 4442 sic
928 4385 1154 4441 tamen
1186 4381 1262 4440 ut
1294 4394 1428 4439 non
1461 4372 1739 4458 litigetis
1783 4372 1865 4438 de
1907 4373 2321 4456 quibuslibet,

371 4463 492 4532 sed
536 4462 618 4528 de
659 4462 742 4529 iis
785 4468 1045 4528 tantum
1099 4482 1266 4544 quae
1308 4480 1428 4524 nec
1469 4459 1541 4522 in
1585 4457 2099 4524 aedificationem
2142 4460 2324 4543 quid·

372 4568 575 4634 quam
618 4549 875 4615 factura
911 4553 1082 4625 sunt,
1128 4555 1196 4612 et
1229 4544 1759 4629 superstitionem
1791 4545 2003 4628 prima
2043 4545 2189 4629 ipsa
2224 4546 2322 4610 fa-

367 4637 470 4703 cie
525 4656 685 4719 prae
743 4655 814 4700 se
865 4634 1107 4700 ferunt.
1207 4632 1301 4698 Et
1355 4630 1611 4695 habetis
1667 4628 2079 4713 plausibilem
2135 4649 2323 4697 recu-

368 4720 567 4788 sandi
609 4718 970 4785 materiam.
1059 4719 1234 4785 Nam
1273 4718 1348 4782 in
1390 4723 1632 4799 papatu
1665 4735 1907 4814 magna
1949 4715 2322 4783 celebritate

372 4805 863 4889 conceptionem
919 4812 987 4870 et
1048 4803 1494 4871 ascensionem
1511 4805 1568 4887 ⁴)
1615 4799 1904 4884 Virginis
1959 4801 2316 4868 coluerunt.

372 4890 555 4974 Quid
590 4890 857 4958 habebit
878 4913 1107 4964 servns
1128 4889 1380 4956 Christi
1413 4885 1584 4972 quod
1620 4885 1809 4961 dicat,
1846 4886 1903 4953 si
1938 4897 2321 4972 suggestum

371 4976 829 5046 conscenderit
879 4977 1013 5043 illis
1070 4972 1298 5040 diebus
1311 5026 1330 5054 ,
1385 4973 1516 5039 nisi
1568 4980 1643 5037 ut
1700 4992 1925 5038 eorum
1968 4973 2319 5040 stultitiam

370 5063 589 5129 rideat
628 5063 742 5146 qui
781 5063 948 5129 tales
990 5060 1185 5128 ferias
1227 5056 1727 5143 excogitarunt?

579 5337 644 5403 4)
687 5335 795 5389 Ed.
836 5334 1011 5413 Laus.
1045 5340 1097 5411 οξ
1130 5348 1270 5404 seqq.
1304 5332 1763 5403 assumptionem.

579 5414 807 5477 Calvio&
835 5435 1023 5489 opera.
1099 5418 1220 5474 Vol.
1253 5416 1366 5473 xl.

1939 492 1942 495 .
2064 428 2231 490 1543
2273 423 2665 494 OO'I'OBR.

4244 434 4375 501 626

2413 694 2426 703 .
2583 614 2892 682 Breviter
2946 619 3015 680 et
3063 614 3264 682 nudis
3314 616 3535 684 verbis
3591 639 3857 686 sensum
3914 639 4137 685 meum
4174 621 4377 691 vobis

2414 699 2757 784 explicavi.
2842 702 3273 850 Argumentis
3331 723 3527 787 agere
3568 705 3935 784 vobiscum,
3981 706 4091 773 vel
4133 728 4369 791 super-

2412 805 2792 865 vacaneum,
2856 807 2938 852 ve
3028 808 3163 853 non
3227 787 3389 854 adeo
3454 790 3897 857 necessarium
3961 791 4177 857 visum
4242 802 4369 874 est,

2414 870 2675 954 quando
2709 892 2830 956 pro
2863 880 3088 938 vestra
3118 874 3473 958 prudentia
3504 878 3646 940 sine
3681 875 3808 942 alio
3843 877 4163 942 monitore
4198 898 4369 961 quae

2413 977 2521 1021 me
2563 957 2856 1023 rationes
2898 959 3228 1039 moveant,
3274 959 3645 1043 expendere
3698 962 3988 1047 potestis.
4072 961 4221 1028 Iam
4266 965 4368 1031 vi-

2414 1041 2536 1107 deo
2578 1063 2743 1125 quae
2788 1049 2856 1108 et
2896 1050 3142 1126 quanta
3182 1045 3258 1109 in
3313 1046 3640 1112 exorando
3695 1048 3988 1131 principe
4028 1068 4146 1113 vos
4194 1046 4368 1115 diffi-

2413 1127 2625 1193 cultas
2688 1135 2971 1194 maneat.
3077 1128 3331 1195 Verum
3408 1131 3465 1197 si
3542 1132 3838 1197 modesta
3915 1132 4368 1215 deprecatione

2414 1212 2828 1280 ostenderitis
2870 1234 2991 1281 vos
3024 1235 3160 1279 non
3201 1235 3393 1298 posse
3436 1217 3645 1296 aliter,
3690 1218 3820 1283 nisi
3853 1218 4071 1284 velitis
4113 1219 4185 1283 in
4225 1219 4368 1287 eius

2415 1300 2697 1383 gratiam
2721 1299 2989 1366 Christo
3022 1299 3315 1382 illudere,
3360 1322 3497 1367 non
3531 1303 3758 1369 dubito
3792 1304 3953 1386 quin
3989 1310 4125 1368 tam
4159 1324 4367 1388 aequo

2414 1384 2743 1467 postulato
2788 1384 2872 1450 ad
2916 1391 3287 1452 extremum
3330 1408 3633 1454 cessurus
3677 1389 3779 1453 sit.
3866 1388 4062 1455 Hanc
4098 1389 4179 1454 ob
4214 1410 4368 1456 eau-

2414 1490 2558 1535 sam
2598 1470 2838 1537 suadeo
2879 1492 2967 1536 ne
3008 1492 3129 1538 vos
3170 1472 3371 1539 nimis
3413 1471 3712 1540 difficiles
3755 1494 3829 1539 ac
3869 1494 4164 1540 morosos
4208 1496 4367 1559 quo-

2415 1554 2499 1620 ad
2541 1555 2714 1636 licet,
2759 1558 3144 1640 praebeatis.
3235 1558 3409 1624 Nam
3452 1561 3566 1624 ubi
3608 1559 3778 1625 hanc
3821 1566 4113 1626 vestram
4147 1560 4370 1626 mode-

2413 1642 2736 1706 rationem
2774 1643 3329 1725 animadverterit,
3379 1645 3635 1711 facilius
3684 1643 4047 1710 adducetur
4093 1652 4168 1710 ut
4202 1666 4366 1711 non-

2413 1727 2583 1792 nihil
2613 1725 2799 1793 vobis
2820 1728 2961 1811 ipse
2997 1750 3249 1813 quoque
3286 1731 3577 1796 vicissim
3612 1730 3944 1810 concedat,
3978 1731 4369 1814 praesertim

2415 1812 2529 1877 ubi
2570 1811 2822 1878 videbit
2860 1834 2981 1880 vos
3033 1836 3168 1879 non
3224 1816 3466 1900 absque
3519 1835 3716 1882 causa
3769 1838 3858 1900 pu
3908 1837 4083 1881 nare.
4174 1814 4371 1898 Quod

2417 1906 2639 1963 autem
2679 1918 2799 1963 vos
2842 1906 3050 1964 terret
3076 1900 3616 1967 offendiculorum
3650 1903 3873 1984 pericu
3900 1923 4034 1981 um,
4079 1902 4136 1967 si
4170 1921 4372 1985 quam

2416 2004 2660 2050 novam
2704 1982 2943 2067 agendi
2977 1984 3251 2050 formam
3288 1988 3664 2070 receperitis
3706 2006 3873 2070 quae
3913 2007 4048 2051 non
4092 1986 4178 2052 sit
4219 2007 4370 2053 nos-

2418 2068 2542 2134 tris
2585 2067 2872 2135 ecclesiis
2906 2071 3165 2149 usitata,
3211 2078 3405 2155 atque
3447 2071 3516 2136 id
3559 2071 3821 2156 quidem
3858 2073 4092 2138 merito
4124 2072 4367 2137 facitis:

2420 2154 2538 2220 sed
2576 2154 2731 2238 quia
2769 2174 2905 2221 non
2950 2175 3028 2220 eo
3066 2164 3341 2222 ventum
3385 2165 3487 2223 est
3528 2158 3942 2242 perfectionis
3984 2157 4143 2240 quin
4186 2164 4372 2240 opte-

2420 2260 2572 2305 mus
2613 2238 2827 2306 adhuc
2880 2241 3220 2325 progredi,
3279 2241 3388 2310 hic
3444 2243 3640 2308 timor
3691 2263 3812 2309 vos
3865 2242 4181 2327 impedire
4235 2262 4370 2307 non

2422 2324 2614 2392 debet
2668 2323 2752 2391 ab
2804 2325 2888 2390 iis
2943 2326 3177 2393 ritibus
3234 2327 3686 2408 admittendis,
3742 2348 3907 2412 quos
3960 2327 4198 2410 alioqui
4236 2347 4370 2391 11011

2419 2409 2615 2476 liceat
2654 2411 2920 2493 penitus
2944 2411 3331 2496 improbare.
3400 2414 3653 2494 Valete,
3687 2413 3920 2496 optimi
3954 2419 4021 2478 et
4054 2412 4220 2477 mihi
4254 2411 4370 2478 ob-

2421 2494 2729 2563 servandi
2768 2496 3023 2562 fratres.
3112 2498 3423 2583 Oollegae
3464 2499 3597 2564 mei
3640 2499 3993 2583 diligenter
4035 2518 4157 2564 vos
4197 2497 4372 2561 salu-

2421 2587 2570 2646 tant
2585 2632 2601 2659 ,
2656 2581 2770 2665 qui
2820 2582 2902 2647 ab
2957 2581 3082 2649 hoc
3124 2605 3270 2650 meo
3311 2584 3550 2651 iudicio
3591 2584 3761 2649 nihil
3805 2603 4075 2667 prorsus
4118 2582 4372 2648 dissen-

2421 2666 2616 2732 tiunt.
2705 2667 3031 2734 Dominus
3073 2667 3258 2735 Iesus
3314 2690 3434 2737 vos
3491 2690 3747 2754 semper
3797 2669 4030 2752 spiritu
4086 2687 4203 2733 suo
4256 2687 4375 2752 gu-

2422 2751 2671 2819 bernet.
2762 2751 3094 2821 Genevae.
3167 2755 3233 2822 N
3235 2755 3378 2821 onis
3421 2753 3686 2821 Octobr.
3737 2758 3919 2819 1543.

3364 2892 3650 2958 Ioannes
3693 2889 4014 2958 Calvinus
4052 2903 4287 2955 vester.

3194 3184 3599 3194 ....-.-----

3238 3464 3251 3477 .
3325 3400 3476 3471 51η.

2834 3535 3506 3605 BULLINGERUS
3542 3532 3983 3602 OALVINO.

2600 3709 2895 3775 Internas
2935 3707 3375 3786 dissensiones,
3431 3707 3647 3789 qualis
3687 3709 3777 3771 ast
3817 3704 3934 3770 illa
3975 3705 4138 3769 inter
4185 3701 4379 3769 Gene-

2424 3812 2636 3859 venses
2668 3798 2723 3860 et
2764 3792 3118 3860 Beruenses
3170 3792 3246 3858 de
3291 3790 3358 3857 S.
3424 3790 3677 3871 Victore,
3720 3811 3788 3856 00
3829 3790 4038 3872 magis
4088 3788 4384 3854 vitandas

2425 3884 2541 3945 aut
2581 3880 3024 3961 omnponendas
3064 3878 3258 3957 docet,
3315 3897 3432 3960 quo
3485 3877 3734 3943 maiora
3776 3876 4100 3941 imminent
4140 3894 4184 3939 a
4225 3871 4381 3941 cao-

2423 3985 2572 4032 00νο
2601 3965 2919 4048 papistico
2949 3963 3259 4049 pericula.

2426 4152 2536 4217 (Ex
2570 4152 2904 4223 autographo
2938 4152 3156 4207 Archiv.
3194 4150 3372 4204 Turio.
3392 4147 3535 4202 Plut.
3554 4147 3649 4202 VI.
3685 4147 3811 4201 Vol.
3850 4143 3951 4199 129
3985 4144 4117 4200 olim
4152 4145 4216 4198 B.
4235 4144 4384 4214 Epp.

2838 4221 2901 4275 T.
2934 4219 3022 4288 30,
3055 4221 3149 4276 fol.
3184 4216 3302 4272 114.
3339 4245 3409 4255 —
3443 4217 3655 4271 Simler.
3690 4215 3819 4270 Vol.
3852 4213 3965 4280 53.)

2425 4408 2816 4476 Praeclarae
2858 4409 3118 4492 pietatis
3161 4427 3236 4473 ac
3279 4406 3615 4473 doctrinae
3657 4404 3801 4471 viro
3844 4400 3932 4466 D.
3968 4398 4200 4465 Ioanni
4223 4397 4379 4465 Gal·

2426 4494 2584 4561 vino
2638 4502 2903 4562 sanctae
2960 4493 3415 4560 Gebennensis
3468 4490 3774 4558 ecclesiae
3833 4486 4131 4570 episcopo
4171 4506 4375 4553 vene-

2843 4577 3051 4645 rando
3093 4598 3213 4645 suo
3256 4586 3325 4644 et
3365 4578 3698 4644 carissimo
3741 4572 3948 4639 fratri.

2599 4715 2904 4783 Gratiam
2944 4719 3013 4781 et
3052 4714 3229 4782 vitae
3270 4713 3717 4781 innocentiam
3760 4730 3800 4776 a
3842 4716 4175 4776 servatore
4195 4707 4367 4775 Iesu.

2426 4800 2857 4867 Oommodum
2912 4798 3093 4867 hunc
3145 4806 3378 4867 nactus
3434 4797 3879 4876 tabellionem,
3933 4795 4048 4879 qui
4087 4813 4196 4859 me
4234 4799 4370 4873 tuo,

2429 4885 2687 4954 Calvino
2747 4886 2853 4955 vir
2917 4885 3287 4953 doctissime
3342 4885 3756 4969 piissimeque
3771 4933 3788 4963 ,
3861 4879 4187 4948 salutabat
4249 4897 4369 4944 no-

2423 4973 2623 5053 mine,
2666 4994 2798 5041 non
2831 4973 3018 5057 potui
3051 4992 3186 5036 non
3216 4971 3503 5055 paucula
3535 4969 3699 5036 haec
3732 4968 3817 5034 ad
3850 4974 3916 5033 te
3948 4965 4370 5051 praecipuum

2425 5058 2710 5125 amicum
2773 5064 2841 5124 et
2889 5058 3161 5123 stati-em
3220 5056 3415 5140 longe
3474 5053 3884 5122 carissimum
3947 5050 4366 5136 perscribere.

2423 5142 2644 5209 Audio
2686 5142 2988 5209 nonnihil
3042 5140 3294 5209 dissidii
3337 5144 3454 5207 aut
3511 5139 3743 5207 saltem
3799 5135 4150 5204 simultatis
4190 5135 4371 5201 inter

2421 5236 2747 5297 vestrates
2787 5237 2855 5296 et
2873 5229 3198 5296 Bernates
3231 5227 3451 5294 nescio
3493 5225 3575 5291 de
3615 5225 3854 5309 quibus
3892 5222 4132 5288 finibus
4172 5228 4375 5305 atque

2421 5316 2723 5382 terminis
2786 5314 3075 5400 episcopi
3136 5313 3296 5380 olim
3355 5311 3634 5398 imperio
3694 5308 4002 5378 subiectis
4070 5305 4385 5391 gliscere..
