5050 6167
372 445 489 507 753

368 629 613 698 Christi
632 649 765 694 non
786 628 981 695 modo
1017 630 1193 694 viam
1217 649 1480 694 omnem
1513 627 1948 712 praecludunt
1979 650 2065 695 ne
2097 628 2309 695 locum

365 714 534 800 apud
577 735 649 780 se
693 715 950 794 habeat,
994 714 1110 780 scd
1166 716 1385 794 etiam,
1430 715 1641 797 quoad
1685 716 1757 779 in
1800 736 1872 781 se
1912 722 2034 794 est,
2094 716 2313 798 ipsum

365 801 591 888 procul
632 800 901 866 arcent?
988 802 1200 883 Atqui
1245 801 1338 867 sic
1381 800 1640 866 videtur
1684 801 1829 866 fieri
1864 802 2007 868 Deo
2049 801 2315 882 iniuria,

446 886 632 952 rinde
676 906 753 951 ae
794 887 853 953 si
896 888 1038 953 cius
1081 888 1328 953 veritas
1386 887 1467 952 ab
1511 886 1796 952 hominis
1839 887 2109 952 arbitrio
2152 908 2314 969 pen-

366 974 567 1039 deret.
670 971 750 1037 Id
812 993 966 1039 vero
1011 993 1427 1056 nequaquam
1481 971 1634 1037 inde
1685 973 1998 1055 sequitur.
2087 972 2316 1055 Neque

363 1059 537 1125 enim
573 1059 868 1123 efficiunt
894 1058 1083 1142 impii
1116 1080 1240 1125 sua
1274 1058 1598 1141 pravitate
1632 1059 1789 1140 quin
1834 1069 2316 1124 sacramentum

362 1145 634 1212 Domini
700 1146 837 1211 vim
901 1166 1087 1210 suam
1152 1145 1464 1220 retineat,
1531 1144 1690 1226 quin
1745 1144 1882 1209 illis
1940 1144 2063 1209 sub
2128 1145 2318 1228 panis

364 1231 660 1315 symbolo
703 1231 1042 1308 offeratur,
1102 1232 1259 1313 quin
1303 1228 1584 1312 denique
1633 1251 1831 1294 verax
1875 1231 1943 1294 in
1988 1230 2122 1295 suis
2168 1250 2317 1314 pro-

362 1317 580 1383 missis
637 1325 904 1382 maneat
957 1317 1293 1382 Christus:
1350 1313 1464 1379 sed
1521 1315 1698 1379 aliud
1754 1327 1856 1381 est
1910 1325 2169 1380 mutare
2224 1315 2318 1379 rei

364 1413 669 1468 naturam
717 1413 784 1467 et
824 1405 897 1466 in
941 1403 1221 1467 nihilum
1267 1399 1579 1484 redigere,
1627 1399 1807 1465 aliud
1852 1422 2161 1484 respuere
2205 1402 2319 1465 ob-

363 1488 573 1553 latum
619 1487 863 1553 donum
908 1510 994 1553 ne
1037 1487 1119 1552 ad
1175 1509 1329 1552 eum
1372 1508 1578 1568 usque
1634 1489 1971 1570 perveniat
2017 1488 2124 1552 cui
2166 1487 2322 1551 offe-

364 1576 649 1640 rebatur.
759 1575 961 1657 Atqui
1040 1573 1359 1638 reelamat
1419 1571 1670 1637 Paulus
1739 1594 1944 1655 quum
2007 1580 2321 1638 testatur:

364 1679 594 1726 omnes
636 1661 747 1744 qui
806 1659 1078 1744 indigne
1136 1656 1538 1722 manducant
1590 1656 1908 1723 iudicium
1967 1658 2092 1723 sibi
2133 1679 2322 1722 man-

365 1746 641 1822 ducare,
701 1746 857 1829 quia
912 1766 1044 1810 non
1104 1743 1465 1810 diiudicent
1520 1763 1757 1825 corpus
1799 1745 2088 1809 Domini.
2178 1745 2323 1827 Ego

362 1852 524 1900 vero
569 1830 737 1895 nihil
782 1830 925 1897 dico
969 1829 1141 1913 quod
1186 1852 1319 1894 non
1353 1829 1597 1912 optime
1632 1851 1781 1895 cum
1816 1828 1923 1894 his
1944 1829 2141 1895 Pauli
2175 1850 2322 1895 ver-

362 1917 466 1984 bis
501 1927 844 2002 congruat.
932 1917 1089 1982 Iure
1142 1917 1319 1980 enim
1375 1916 1470 1979 rei
1513 1915 1840 1999 sacrilegii
1881 1915 2324 1998 pronuncian-

364 2011 477 2070 tur
525 2004 640 2088 qui
683 2002 910 2067 datum
951 2003 1076 2068 sibi
1118 2001 1381 2067 Domini
1435 2021 1671 2083 corpus
1724 2000 2129 2083 repudiando
2171 2022 2325 2067 eon·

362 2091 644 2156 tumelia
686 2088 998 2154 afficiunt.
1087 2086 1485 2168 Quanquam
1537 2094 1615 2151 ut
1674 2085 1843 2150 nihil
1884 2087 2183 2152 futurum
2225 2087 2326 2150 in-

365 2174 698 2243 commodi
754 2174 948 2239 video
1004 2174 1060 2239 si
1115 2175 1262 2256 quis
1321 2171 1523 2248 dicat,
1582 2171 1875 2255 recipere
1919 2172 2118 2237 etiam
2161 2191 2327 2256 quo-

364 2260 720 2327 dammodo
775 2261 951 2343 ipsos
1006 2257 1121 2325 sed
1164 2258 1347 2323 intus
1402 2278 1538 2322 non
1582 2259 1947 2342 percipere,
2004 2260 2097 2322 ita
2137 2257 2327 2323 facile

360 2347 431 2412 id
472 2346 924 2413 concederem.
1013 2344 1266 2409 Verum
1322 2345 1651 2428 fingamus
1711 2343 1792 2408 de
1849 2364 1927 2409 eo
1983 2365 2117 2408 non
2175 2363 2327 2408 con-

359 2433 600 2500 venire
662 2432 841 2496 inter
905 2451 1024 2495 nos
1077 2450 1198 2513 per
1262 2430 1512 2506 omnia,
1593 2430 2039 2511 quaestionem
2105 2437 2329 2493 tamen

362 2516 693 2586 eiusmodi
736 2538 878 2583 esse
923 2516 1205 2581 arbitror
1258 2535 1427 2598 quae
1468 2514 1715 2579 maiore
1758 2535 1908 2581 cum
1953 2515 2174 2580 fructu
2226 2535 2328 2579 so-

364 2605 600 2691 piatur
642 2623 836 2686 quam
883 2623 1091 2685 usque
1137 2601 1220 2666 ad
1264 2600 1753 2666 contentionem
1801 2600 2225 2684 protrahatur
2257 2601 2331 2663 in

360 2689 682 2757 medium.
773 2687 950 2769 Quid
986 2689 1182 2765 enim,
1226 2685 1507 2762 obsecre,
1553 2684 1676 2750 hoe
1718 2685 1802 2750 ad
1844 2686 2121 2769 plebem,
2168 2705 2330 2750 num

363 2777 446 2843 ab
490 2775 720 2858 impiis
762 2773 1200 2838 manducetur
1234 2771 1490 2837 Christi
1532 2770 1819 2855 corpus?
1909 2771 2140 2853 Neque
2173 2791 2332 2837 vero

364 2883 472 2929 me
548 2860 717 2926 latet
781 2870 1038 2926 veteres
1096 2860 1190 2923 sie
1244 2856 1581 2922 interdum
1645 2858 1855 2922 solere
1911 2856 2105 2939 loqui.
2196 2855 2333 2921 Sed

366 2969 495 3033 quo
550 2967 745 3012 sensu
788 2947 882 3009 ita
923 2945 1295 3026 loquantur,
1353 2963 1554 3025 quum
1599 2964 1681 3007 ex
1728 2941 1954 3008 multis
1997 2942 2145 3006 aliis
2188 2944 2332 3006 Au-

367 3033 631 3119 gustini
689 3030 1082 3096 testimoniis
1145 3036 1430 3104 constat,
1499 3038 1641 3093 tum
1701 3048 1857 3093 vero
1920 3027 2032 3093 ubi
2100 3027 2258 3093 dicit
2273 3031 2332 3110 ⁹)

366 3129 867 3187 sacramentum
923 3117 1050 3181 hoe
1105 3115 1276 3180 sumi
1332 3113 1416 3178 ad
1470 3115 1675 3178 vitam
1733 3113 1878 3179 aliis
1933 3123 1999 3178 et
2054 3114 2200 3178 aliis
2252 3111 2334 3178 ad

368 3207 693 3284 exitium,
750 3224 892 3267 rem
945 3222 1105 3267 vero
1160 3222 1295 3265 non
1336 3201 1463 3264 nisi
1522 3199 1605 3262 ad
1648 3199 1858 3263 vitam
1917 3201 1998 3265 iis
2041 3201 2152 3282 qui
2194 3199 2336 3262 eius

367 3291 733 3379 participes
786 3287 1046 3353 fuerint.
1135 3284 1286 3366 Quo
1341 3287 1540 3350 etiam
1592 3285 1882 3368 pertinet
1935 3285 2143 3350 altera
2196 3284 2338 3349 eius

368 3376 740 3446 sententia:
834 3373 1072 3439 Iudam
1161 3393 1311 3437 cnm
1386 3369 1695 3454 apostolis
1775 3371 1986 3436 edisse
2077 3368 2340 3453 quidem

418 3483 627 3528 anem
674 3460 964 3536 Domini,
1018 3457 1166 3523 illos
1225 3476 1381 3523 vero
1428 3454 1638 3521 odisse
1681 3477 1920 3540 panem
1955 3455 2338 3521 Dominum.

368 3484 662 3625 gerum,
708 3548 880 3612 sieut
923 3546 1137 3611 dicere
1180 3565 1538 3627 coeperam,
1583 3563 1890 3625 quorsum
1935 3542 2061 3607 hac
2103 3540 2342 3606 disser-

370 3637 635 3700 tatione
662 3632 746 3717 ¹⁰)
769 3651 953 3714 opus,
996 3630 1190 3695 modo
1212 3637 1465 3695 constet
1498 3629 1846 3710 impiorum
1883 3627 2139 3692 malitia
2172 3626 2342 3691 nihil

371 3718 782 3788 sacramenti
827 3729 1102 3782 naturae
1159 3724 1227 3781 et
1269 3715 1596 3780 efficaciae
1641 3712 1954 3795 deperire,
2000 3712 2129 3775 nisi
2173 3709 2346 3793 quod

373 3808 447 3872 in
492 3825 730 3871 eorum
772 3824 978 3886 usque
1013 3803 1264 3866 animas
1299 3822 1429 3864 non
1464 3807 1767 3883 penetrat
1800 3807 2142 3881 propterea
2176 3795 2346 3880 quod

375 3893 657 3960 clausus
700 3898 801 3954 est
843 3886 1104 3954 aditus?
1193 3886 1359 3962 Ubi,
1417 3885 1717 3967 inquam,
1773 3883 1854 3948 de
1911 3882 2035 3948 hae
2081 3904 2151 3948 re
2194 3902 2344 3946 con·

376 3979 598 4055 venit,
632 3979 729 4039 ‘an
774 3974 1080 4039 convenit
1121 3973 1203 4037 ob
1246 3972 1659 4054 quaestiones
1703 3970 2001 4051 spinosas
2048 3977 2116 4032 et
2154 3968 2347 4031 intri-

380 4073 570 4132 catas
627 4062 806 4125 inter
868 4081 990 4124 nos
1045 4055 1480 4122 tumultuari?
1567 4055 1701 4120 Ubi
1762 4055 1945 4137 pacis
2008 4051 2347 4119 studium?

378 4150 525 4217 Ubi
587 4165 746 4213 cura
799 4143 1300 4218 aedificationis,
1350 4161 1557 4224 quum
1613 4139 1797 4204 nulla
1855 4140 1925 4204 in
1984 4160 2056 4204 re
2101 4138 2349 4203 dissen-

380 4237 671 4301 tientem
716 4233 887 4296 ferre
928 4228 1275 4312 possimus,
1303 4231 1387 4310 ιι)
1439 4227 1596 4309 quin
1652 4246 1806 4290 mox
1847 4243 2352 4308 prorumpamus

380 4321 461 4387 in
508 4318 753 4385 hostile
796 4313 1172 4382 certamen?
1263 4311 1544 4393 Quando
1605 4319 1826 4376 autem
1870 4309 2171 4375 videmus
2215 4309 2353 4373 An-

380 4405 788 4493 yelandrum,
836 4409 909 4465 ut
950 4400 1163 4467 solent
1208 4399 1506 4463 homines
1549 4396 1814 4474 indocti,
1859 4396 2103 4461 ferocia
2143 4403 2211 4460 et
2250 4394 2354 4458 in·

385 4491 720 4575 temperie
777 4509 896 4553 sua
953 4484 1197 4568 abripi,
1271 4493 1345 4548 ut
1403 4504 1641 4565 susque
1696 4481 1904 4565 deque
1961 4490 2029 4547 et
2085 4479 2357 4546 Domini

388 4577 680 4665 gloriam
725 4581 792 4640 et
834 4572 1142 4639 ecelesiae
1196 4567 1711 4656 aedificationem
1768 4568 2040 4644 habeat,
2093 4566 2358 4631 obsecro

389 4673 464 4730 te
510 4662 760 4746 optime
809 4658 1104 4739 Sonephi,
1164 4667 1237 4721 ut
1280 4676 1434 4721 eum
1479 4654 1833 4719 autoritate
1877 4663 1994 4719 tua
2036 4672 2356 4728 coerceas,

388 4771 486 4815 ne
556 4747 835 4813 ulterius
905 4745 1152 4809 sanetis
1222 4753 1288 4807 et
1351 4738 1624 4805 eruditis
1688 4737 2064 4804 hominibus
2128 4747 2361 4820 pergat

390 4833 721 4901 molestus
764 4849 925 4896 esse.
1016 4827 1131 4894 Sic
1186 4827 1360 4892 enim
1420 4823 1751 4909 agendum
1810 4834 1912 4890 est
1965 4845 2115 4890 cum
2170 4822 2359 4886 indo-

390 4921 589 4987 mitis
632 4920 774 4984 istis
818 4914 1170 5000 capitibus,
1228 4935 1395 4996 quae
1447 4911 1698 4976 ratione
1755 4932 1825 4976 se
1873 4910 2016 4995 regi
2068 4931 2201 4973 non
2246 4928 2359 4991 pa-

394 5008 690 5073 tiuntur.
775 5002 1005 5086 Neque
1057 4999 1319 5065 mireris
1375 4997 1672 5082 asperius
1729 4996 2060 5079 aliquanto
2118 5016 2223 5059 me
2281 4992 2361 5058 de

619 5226 678 5285 9)
716 5225 917 5280 nomn.
954 5222 1039 5277 26.
1073 5223 1130 5276 iu
1169 5222 1356 5275 1021121.
1393 5220 1681 5289 (ramum
1712 5221 1779 5276 a·
1810 5197 2100 5285 maram)

587 5295 678 5363 10)
712 5297 795 5347 dis
835 5295 1079 5349 utatione
1115 5290 1268 5347 Edd.

589 5366 679 5428 11)
857 5404 868 5416 .
941 5364 1050 5419 Cur
1085 5362 1234 5415 nulla
1264 5360 1323 5412 in
1358 5374 1419 5412 re
1456 5398 1468 5411 .
1508 5399 1519 5411 .

642 5449 864 5506 eatam·
892 5464 1080 5518 opera.
1164 5445 1279 5501 Vol.
1318 5442 1432 5498 x1.

1558 5398 1623 5412 ..
1659 5374 1944 5428 possumus
1976 5359 2133 5411 m.

2094 444 2257 507 1544
2302 440 2630 510 OGTOB.

4258 445 4381 510 ⁷54

2413 630 2557 714 ipso
2599 628 2798 712 loqui.
2883 628 3185 695 Nimium
3227 628 3402 694 enim
3446 627 3560 694 diu
3593 627 3914 714 patientia
3954 634 4179 696 nostra
4210 629 4378 698 abu-

2416 738 2530 782 sus
2574 723 2698 794 est,
2749 736 2870 782 nos
2912 715 3111 780 simul
3154 735 3383 780 omnes
3428 722 3495 780 et
3537 726 3794 781 nostras
3838 715 4141 783 ecelesias
4185 727 4375 800 petu-

2417 801 2632 865 lanter
2669 801 3063 885 impetendo.
3153 799 3348 881 Quod
3405 801 3724 866 hactenus
3767 802 4122 881 tacuimus,
4181 803 4252 866 in
4297 824 4376 870 eo

2419 886 2772 952 habuimus
2814 909 2949 951 non
2991 895 3130 952 tam
3173 887 3378 969 ipsius
3423 907 3619 970 quam
3656 887 4055 952 christianae
4099 886 4377 954 unitatis

2418 972 2761 1039 rationem.
2827 973 3021 1038 Nune
3056 993 3213 1037 vero
3247 973 3525 1036 fratrum
3560 985 3950 1052 nostrorum,
3993 993 4128 1038 non
4149 975 4378 1040 Mons-

2419 1057 2948 1141 belgardensium
2985 1056 3097 1124 sed
3121 1057 3184 1122 N
3188 1061 3586 1123 cocomensis
3621 1057 3930 1124 ecclesiae
3960 1060 4043 1136 12)
4079 1067 4147 1125 et
4179 1059 4377 1125 huius

2421 1152 2704 1222 nostrae,
2745 1151 2981 1228 rogatu
3027 1163 3102 1208 ac
3144 1143 3454 1208 mandato
3498 1153 3563 1207 te
3606 1166 3724 1227 per
3757 1145 4121 1210 Dominum
4163 1145 4377 1211 obtes-

2422 1237 2544 1307 tor,
2590 1236 2665 1293 ut
2709 1230 3007 1294 fraenum
3050 1229 3149 1292 illi
3190 1229 3464 1307 iniieias,
3522 1238 3872 1313 antequam
3917 1231 4056 1296 eius
4099 1231 4381 1295 stultitia

2425 1314 2539 1400 (ne
2583 1314 2740 1398 quid
2785 1313 2998 1380 dicam
3040 1313 3337 1399 gravius)
3394 1316 3656 1398 longius
3709 1316 4078 1381 innoteseat
4131 1336 4378 1399 magno

2424 1403 2564 1465 eius
2610 1399 2940 1465 dedecore.
3026 1399 3193 1480 Quis
3253 1407 3353 1466 est
3408 1401 3586 1464 enim
3630 1400 4035 1484 Anqelander
4085 1410 4162 1467 ut
4199 1422 4381 1468 nuno

2425 1485 2748 1551 Bucerum
2779 1490 2861 1561 ι3)
2926 1484 3221 1563 allatret,
3287 1508 3464 1551 nunc
3525 1486 3732 1551 istum
3794 1486 4121 1566 mordeat,
4202 1508 4382 1553 nune

2424 1571 2615 1636 illum
2661 1572 2936 1649 laceret,
2996 1579 3191 1655 atque
3250 1571 3344 1636 ita
3387 1590 3506 1654 pro
3552 1593 3673 1637 sua
3713 1571 3982 1658 libidine
4027 1573 4384 1655 quemlibet

2426 1656 2702 1740 arripiat
2745 1679 2827 1722 ex
2869 1657 2951 1722 iis
3006 1657 3118 1740 qui
3160 1657 3411 1721 utiliter
3455 1657 3782 1722 desudant
3823 1657 3895 1721 in
3937 1656 4384 1739 promovendo

2428 1744 2680 1808 Christi
2723 1764 2957 1829 regne,
3017 1751 3096 1806 ut
3137 1741 3437 1807 omnibus
3480 1742 3678 1807 simul
3720 1742 4114 1809 maledicat?
4172 1764 4385 1826 neque

2425 1828 2495 1893 id
2530 1826 2741 1907 modo,
2780 1828 2894 1894 sed
2934 1828 3275 1893 universas
3311 1850 3564 1911 quoque
3598 1826 3905 1894 ecclesias
3945 1830 4189 1894 furiose
4225 1847 4385 1894 suae

2428 1934 2748 1979 censurae
2814 1913 3158 1979 subiiciat?
3261 1914 3426 1979 Plus
3480 1914 3641 1979 satis
3696 1920 3798 1979 est
3853 1913 4026 1998 quod
4080 1915 4203 1980 hoe
4258 1914 4385 1978 im-

2427 2021 2605 2083 pune
2647 1999 2744 2063 illi
2785 1998 3104 2065 haetenus
3139 1998 3353 2065 licuit:
3401 2006 3588 2064 tuum
3624 2020 3783 2064 vero
3819 2009 3934 2078 est,
3981 1997 4386 2065 observande

2428 2086 2649 2164 frater,
2695 2093 2952 2150 tantam
2994 2083 3282 2150 hominis
3328 2085 3667 2150 audaciam
3711 2087 4098 2168 reprimet,
4154 2105 4241 2149 ne
4285 2084 4390 2148 ul-

2430 2172 2635 2237 terius
2679 2184 2998 2254 erumpat.
3088 2171 3253 2254 Ege,
3298 2173 3451 2254 quia.
3485 2179 3660 2237 certo
3703 2192 3851 2236 sum
3894 2191 4248 2254 persuasus
4283 2190 4390 2236 me

2432 2257 2550 2322 abs
2593 2266 2658 2321 te
2703 2257 2941 2335 amari,
2997 2255 3269 2322 minime
3328 2255 3551 2322 dubito
3606 2257 3762 2339 quin
3820 2256 3983 2321 haec
4038 2257 4108 2319 in
4151 2256 4392 2321 bonam

2432 2350 2689 2426 partem
2733 2342 3044 2424 accipias,
3104 2350 3298 2425 atque
3351 2343 3550 2406 ctiam
3604 2341 3791 2406 facile
3837 2342 4141 2424 ignoscas
4184 2340 4394 2406 sicubi

2433 2427 2602 2492 mihi
2667 2425 2913 2510 aliquid
2978 2427 3177 2492 nimis
3257 2427 3497 2492 durum
3561 2426 3894 2492 exciderit.
4005 2428 4248 2506 Perre,
4316 2432 4395 2490 ut

2433 2515 2636 2578 finem
2682 2513 2994 2597 epistolae
3036 2512 3301 2592 faciam,
3356 2534 3488 2578 non
3533 2512 3711 2577 aliud
3754 2512 3870 2577 abs
3915 2520 3981 2577 te
4024 2522 4206 2595 peto,
4263 2510 4393 2577 nisi

2437 2607 2512 2663 ut
2552 2599 2792 2663 fratres
2837 2619 3057 2662 amore
3109 2605 3223 2663 tuo
3283 2596 3516 2681 dignos
3571 2600 3642 2662 in
3686 2599 3932 2682 optima
3975 2617 4173 2663 causa
4215 2615 4392 2662 com-

2435 2682 2782 2749 mendatos
2825 2684 3084 2749 habeas.
3177 2683 3372 2765 Quod
3399 2684 3591 2749 'nullo
3630 2685 3894 2769 negotio
3929 2704 4036 2748 me
4080 2689 4391 2766 impetra-

2434 2778 2664 2834 turum
2721 2769 2992 2835 confido.
3081 2769 3281 2849 Vale,
3354 2769 3767 2836 ornatissime
3829 2768 4125 2853 Βοηερῆἰ,
4184 2768 4395 2834 amice

2437 2855 2772 2920 carissime
2838 2862 2908 2919 et
2969 2854 3236 2922 colende
3298 2856 3366 2921 in
3412 2855 3681 2921 Christo
3744 2856 3964 2919 frater.
4065 2854 4395 2919 Dominus

2436 2940 2626 3006 Iesus
2671 2946 2738 3005 te
2780 2940 3016 3024 spiritu
3060 2962 3178 3006 suo
3233 2942 3557 3025 gubernet
3609 2951 3926 3024 perpetuo
3969 2940 4041 3004 in
4084 2938 4395 3006 eeclesiae

2438 3047 2599 3092 suae
2641 3026 2940 3092 salutem.
2972 3026 3054 3108 ¹⁴)

3366 3162 3650 3229 Ioannes
3694 3162 4018 3235 Calvinus
4060 3170 4231 3228 tuus.

3239 3470 3643 3480 -—————-———

3354 3721 3505 3792 576.

2941 3874 3414 3945 OALVINUS
3458 3874 3921 3942 FARELLO.

2627 4048 2731 4114 De
2771 4048 2995 4112 itinere
3044 4046 3344 4112 Turicum
3395 4066 3618 4110 versus
3670 4045 4065 4128 suscipiendo
4121 4047 4208 4112 ad
4248 4067 4411 4113 com-

2446 4134 2812 4218 ponendam
2841 4133 3116 4212 fratrum
3150 4151 3290 4198 eum
3312 4130 3584 4198 Luthero
3610 4131 3779 4197 litem
3803 4132 3996 4213 plane
4032 4130 4168 4197 alia
4200 4133 4414 4215 ipsius

2455 4229 2547 4286 est
2587 4218 2888 4286 sententia
2930 4238 3005 4284 ae
3048 4217 3308 4283 Farezzi.

2461 4391 2575 4453 (Ex
2612 4394 2739 4442 auto
2874 4387 2946 4440 ho
2993 4386 3123 4440 Ood.
3160 4388 3360 4440 Genev.
3402 4386 3517 4452 106,
3562 4387 3652 4440 fol.
3696 4386 3808 4440 117.
3879 4388 4181 4455 Descripsit
4215 4388 4413 4442 Turre-

2459 4459 2610 4512 tinus
2660 4405 2926 4510 Oedi-affl
2944 4496 2958 4522 ,
3001 4456 3095 4509 fol.
3141 4454 3209 4537 93
3263 4456 3404 4536 unde
3452 4456 3731 4525 exemplar
3777 4456 4054 4509 Beruense
4078 4456 4238 4537 ‚Elpp.
4283 4457 4413 4511 VII.

2499 4566 2514 4581 .
2551 4524 2690 4594 630,
2727 4542 2798 4579 ex
2843 4540 2951 4594 quo
2996 4529 3228 4594 sumpsit
3264 4525 3526 4578 simlerus
3573 4525 3691 4578 Vol.
3737 4521 3822 4577 56.
3877 4552 3937 4563 -
3987 4524 4176 4579 Edidit
4221 4526 4414 4598 Heni-5

2460 4544 2524 4649 ἓ.
2563 4595 2633 4648 11.
2670 4596 2814 4663 App.
2854 4610 2906 4662 p.
2947 4591 3061 4648 108.
3116 4592 3342 4659 Anglioe
3375 4593 3576 4661 legitur
3609 4593 3665 4646 in
3702 4593 4001 4647 ed.Edinb.
4039 4593 4098 4646 Τ.
4119 4593 4161 4648 1.
4196 4611 4251 4663 p.
4265 4593 4418 4660 404.)

2518 4752 2870 4762 .-..----·-—.—-.--

2647 4869 2729 4930 12)
2773 4869 3054 4922 Tessenios
3086 4865 3325 4921 maxime
3358 4863 3644 4919 Farellum
3675 4865 4019 4933 respiciebat,
4058 4866 4174 4920 scil.
4215 4865 4418 4923 Mom-

2465 4937 2777 5006 belyardiae
2809 4937 3237 5003 refomatorem.
3310 4933 3395 5000 Gr.
3429 4934 3680 5002 proxime
3718 4939 4034 5002 sequentem.

2640 5006 2732 5072 13)
2767 5006 2961 5060 Etiam
2992 5006 3248 5060 Bueerus
3293 5004 3450 5071 apud
3505 5002 4014 5088 Wirtemberqmses
4062 5017 4168 5071 pro
4217 5003 4418 5059 Mom-

2464 5075 2914 5198 helym-{effatam
2965 5075 3363 5129 messurae.
3456 5071 3536 5139 Cfi
3599 5072 3677 5126 N.
3735 5071 3838 5126 546
3895 5077 4008 5125 not.
4053 5073 4090 5125 4
4141 5077 4193 5126 et
4237 5071 4420 5129 Hart-

2462 5161 2637 5199 mamt
2691 5183 2705 5197 .
2762 5184 2776 5198 .

2644 5213 2731 5272 14)
2768 5212 3028 5267 Farellus
3061 5211 3389 5278 adscripsit:
3430 5210 3527 5290 10..
3548 5210 3662 5263 Oct.
3704 5226 3752 5264 a.
3785 5208 3873 5261 44.
3943 5208 4214 5264 Eiusdem
4245 5224 4423 5266 mam
4543 5287 4548 5294 .

2464 5280 3287 5406 iampholveoeommsi
3331 5277 4421 5345 ammana-damascianam·

2414 5379 2420 5393 .
2458 5367 2540 5419 Ρ,
2768 5393 2782 5406 ,

3935 5430 4006 5484 48
