5050 6167
391 468 504 534 133

383 676 651 739 meoque
693 654 991 736 hospitio,
1037 663 1106 717 et
1144 653 1298 736 plus
1332 654 1526 737 spatii
1561 652 1645 717 ad
1678 649 2181 735 colloquendum
2214 672 2328 735 pa-

382 744 632 809 tuisset.
722 739 971 805 Verum
1029 740 1185 805 novi
1240 740 1535 806 animum
1577 750 1769 804 tuum
1822 749 1890 802 et
1928 758 2149 804 coram
2192 739 2329 803 Do-

382 830 559 895 mino
600 826 886 892 fideliter
926 846 1137 910 agam,
1182 834 1257 890 ut
1294 837 1361 889 et
1404 825 1679 892 Genera
1719 824 1965 889 sentiat
2016 843 2139 889 nos
2182 844 2329 889 eam

382 914 717 981 ecclesiam
760 911 957 977 saluti
1011 912 1210 977 etiam
1260 911 1484 975 fratris
1526 910 1930 993 praetulisse.
2022 907 2158 975 Sed
2214 930 2330 974 ex-

382 997 806 1084 spectandum
850 1008 953 1064 ea
993 997 1199 1062 donec
1239 1015 1326 1060 ex
1368 1017 1445 1062 eo
1487 1017 1559 1061 se
1601 997 1865 1078 negotio
1900 994 2333 1078 explicaverit

380 1087 452 1151 in
494 1104 624 1169 quo
662 1105 841 1149 nunc
883 1093 985 1148 est
1024 1080 1398 1164 impeditus.
1488 1083 1590 1147 'ru
1637 1080 1997 1146 Dominum
2052 1101 2168 1146 ora
2210 1100 2330 1163 pro

381 1192 488 1237 me
528 1179 599 1236 et
640 1168 851 1237 scribe
884 1168 1238 1253 diligenter
1259 1189 1425 1251 quae
1445 1188 1552 1232 me
1572 1167 1786 1231 facere
1807 1166 1992 1232 velis.
2062 1167 2331 1232 Literae

380 1265 534 1322 tuae
577 1265 739 1320 sunt
778 1255 952 1338 apud
993 1275 1099 1320 me
1141 1253 1408 1336 plurimi
1451 1252 1777 1336 ponderis.
1868 1254 1963 1318 Te
2021 1252 2332 1318 Ohristus

381 1351 606 1410 noster
650 1355 885 1407 servet.

1770 1423 1853 1486 V.
1899 1423 2158 1506 Capito.

550 1634 814 1701 Literas
886 1630 1083 1697 redde
1146 1630 1433 1715 Grynaeo
1505 1648 1747 1695 omnes.
1858 1626 1931 1692 Is
1996 1649 2115 1711 per
2180 1649 2332 1694 suos

383 1720 526 1787 aliis
572 1720 734 1784 alias
776 1716 1022 1783 reddet.
1054 1717 1103 1802 ¹)

1158 1977 1307 1986 .-
1318 1977 1559 1985 ——---—----

1278 2157 1424 2228 267.

423 2297 900 2369 GALVINUS
945 2296 1428 2365 MINISTRIS
1472 2292 2283 2364 NEOOOMENSIBUS.

558 2471 668 2538 Ex
720 2471 1068 2538 Womatia
1112 2489 1234 2534 non
1278 2475 1370 2534 est
1410 2468 1801 2551 quodmulta
1843 2458 2089 2546 narret,
2144 2485 2339 2547 quum

384 2580 595 2625 omnes
633 2558 767 2641 fere
810 2559 991 2624 otiosi
1032 2556 1298 2634 seaeant,
1340 2555 1573 2621 scilicet
1605 2555 1685 2620 ab
1705 2553 2096 2621 adversariis
2115 2552 2336 2616 delusi.

388 2644 649 2713 Caetera
695 2642 994 2709 Farellus
1037 2663 1140 2708 ore
1180 2661 1405 2706 coram.

385 2817 497 2884 (Ex
546 2814 862 2886 apographo
906 2814 1041 2868 satis
1086 2810 1766 2946 ωοῃᾱοοοώξιὶιὺζίοιὴοοιο
1812 2817 2095 2880 pastorum
2132 2808 2339 2863 Neoco-

1210 2896 1333 2934 men
1479 2919 1490 2932 .

558 3069 985 3138 Honorandis
1023 3068 1287 3153 collegis
1320 3067 1485 3133 meis
1519 3075 1586 3132 et
1618 3067 1973 3133 carissimis
2004 3066 2338 3146 fratribus,

382 3159 694 3228 fidelibus
736 3164 803 3223 et
846 3154 1099 3222 Ohristi
1140 3154 1462 3220 ministris
1505 3162 1573 3218 et
1614 3152 2066 3220 ecclesiasticis
2121 3159 2339 3235 pasto-

382 3248 571 3314 ribus
612 3245 684 3309 in
727 3242 1067 3327 provincia
1109 3239 1555 3307 Neocomensi.

563 3416 800 3482 Gratia
843 3420 911 3479 et
951 3433 1085 3497 pax
1125 3411 1313 3477 vobis
1356 3431 1397 3474 a
1437 3411 1582 3476 Deo
1622 3416 1812 3495 patre
1846 3419 2069 3475 nostro
2104 3417 2172 3475 et
2204 3409 2342 3475 Do-

386 3504 582 3656 3133
583 3503 787 3653 thesu
836 3498 1135 3577 Christo,
1192 3498 1431 3563 fratres
1486 3497 1650 3562 mihi
1697 3496 2072 3563 amicissimi
2117 3502 2187 3562 et
2228 3495 2341 3561 ob-

565 3724 792 3808 Quum
846 3743 981 3789 non
1039 3721 1120 3787 de
1175 3718 1517 3788 scribendo
1570 3718 1754 3801 prius
1810 3717 2091 3803 cogitavi
2144 3738 2345 3801 quam

388 3812 680 3897 optimus
721 3811 925 3876 stater
981 3815 1204 3875 noster
1249 3805 1549 3873 Fan-ellus
1576 3810 1625 3880 ι)
1685 3826 1756 3870 se
1811 3803 1895 3868 ad
1948 3805 2076 3870 iter
2131 3803 2345 3871 accin-

388 3906 595 3983 geret,
641 3906 709 3963 et
748 3895 851 3962 illi
890 3895 1111 3961 omnia
1153 3913 1372 3959 coram
1427 3891 1703 3975 exposui
1757 3893 1946 3972 quae‘
1977 3889 2059 3956 de
2116 3897 2347 3956 mutua

422 4151 563 4213 2⁰6.
600 4151 657 4219 1)
698 4152 852 4208 Haec
897 4150 1219 4206 &ovissima
1262 4149 1492 4218 epistola
1535 4147 1875 4214 difficssln'mis
1909 4145 2346 4201 adnumeranda.

395 4220 614 4276 Far-elli
644 4236 840 4276 nomm
874 4220 1239 4275 adscribimus
1274 4235 1340 4272 ιω
1376 4234 1525 4272 mera
1543 4217 1870 4282 coniectura,
1905 4231 2074 4285 neque
2090 4215 2347 4270 habemus

393 4305 499 4361 quo
546 4290 690 4346 hanc
735 4305 1061 4344 asseramus.
1144 4287 1269 4341 Iam
1314 4287 1412 4341 illa
1457 4293 1669 4355 recepta
1714 4292 1927 4340 caetera
1974 4285 2053 4339 sic
2097 4284 2350 4353 expediri

387 4373 555 4428 poue
604 4358 876 4414 videntur.
971 4357 1310 4439 Capitonem,
1373 4357 1471 4424 quc·
1532 4371 1655 4410 cun
1877 4356 1928 4408 ic
1994 4352 2345 4408 Wormatt'an

394 4428 602 4496 iverat,
643 4427 777 4483 ἅιάε
821 4427 1084 4494 forta-sm
1127 4433 1255 4479 ante
1296 4425 1459 4490 tim
1500 4423 1757 4493 colloquii
1855 4427 2343 4503 memoratum-re-

395 4511 638 4689 ξῖαΐῖσᾶ
659 4535 962 4699 siguinum
1006 4491 1793 4630 υίέοῗέῗιιυιΐμᾜεζπῖαρ
1866 4507 2030 4628 Ωιιιιξι
2043 4499 2346 4626 ,ίναιιῖᾟέἕ

396 4650 459 4688 ιιι
491 4649 565 4688 ur
772 4674 786 4700 ,
821 4649 984 4704 quum

397 4703 587 4759 sicul&
620 4702 843 4771 salutat,
877 4701 1041 4756 simul
1068 4701 1334 4768 fasciculo
1366 4700 1717 4768 epistolarum
1760 4698 2122 4752 Womaeiam
2157 4711 2346 4766 aspor-

398 4771 698 4827 tau-darum
748 4773 866 4824 eius
923 4785 1090 4826 curae
1144 4770 1441 4826 commisso.
1542 4768 1734 4822 Verum
1787 4768 1920 4821 haec
1971 4767 2156 4820 omnia
2210 4767 2347 4820 satis

401 4839 573 4898 dubia
605 4846 655 4895 et
690 4844 954 4962 sulspecta,
988 4845 1039 4895 et
1072 4840 1126 4892 si
1155 4837 1291 4908 quid
1322 4840 1521 4892 rectius
1554 4837 1755 4904 aliquis
1805 4836 2041 4904 novem,
2088 4836 2347 4890 ambabus

519 4910 531 4922 “
581 4910 593 4923 “
624 4924 713 4963 am
771 4913 1017 4963 sciemur.

551 5021 569 5038 .
603 4977 663 5046 1)
920 4977 982 5030 iu
1059 4974 1392 5030 Wormatt‘ae
1459 4978 1817 5029 commoratus
1883 4973 1957 5026 sit
2059 4972 2345 5028 meamus.

632 5046 687 5099 ei
741 5044 818 5098 ad
877 5044 1267 5099 Neoconenm
1329 5042 1725 5111 asportandam
1783 5015 2017 5095 tradidit
2065 5040 2345 5108 epistolam

476 5114 795 5170 claudum·
828 5113 881 5167 d.
926 5113 1192 5181 Stephani
1231 5113 1438 5180 scripm
1484 5116 1580 5165 est.
1664 5110 1809 5164 Illuc
1851 5124 1909 5164 se
1953 5109 2255 5164 commorat
2285 5114 2348 5163 ut

401 5199 507 5254 pro
543 5183 723 5240 Gallis
747 5183 1162 5251 puseqnuaione
1192 5183 1421 5248 vexatis,
1454 5181 1690 5234 maximo
1705 5178 2146 5247 Delphinatnbuc,
2179 5177 2347 5232 inter·

405 5247 1775 5317 mammeam-tetiauutathooloyis
1920 5252 1930 5262 '
2026 5244 2350 5327 ωαὶόςυοᾴ

406 5321 609 5378 eunom
714 5337 746 5375 o
777 5319 1114 5375 instituenda
1149 5317 1290 5374 disci
1328 5320 1444 5373 lina
1475 5317 1852 5373 ecclesiastica.
2040 5315 2351 5369 deam-amc

414 5390 483 5445 u
800 5429 814 5443 .
887 5387 1078 5457 (Oorp.
1120 5386 1245 5450 Res.
1323 5388 1406 5441 ΙΙ.
1446 5383 1597 5441 1249.
1668 5384 1898 5441 Eiram.
1936 5385 2023 5438 ΙΙ.
2060 5382 2170 5450 22.)

2061 467 2229 530 1540
2269 458 2677 529 Dnomffl.

1017 4632 1201 4686 videre
1235 4648 1348 4685 non
1382 4629 1680 4699 canipa-it,
1715 4645 1835 4684 eum
1866 4629 2063 4697 pauci-⁹
2159 4629 2171 4642 ⁸
2231 4643 2344 4682 ver-
2374 4670 2383 4678 .

4264 471 4390 534 134

2432 650 2563 716 ista
2605 657 2831 716 nostra
2870 650 3126 716 actione
3169 651 3416 717 referre
3460 672 3724 735 possum
3744 703 3760 732 ,
3815 652 3963 719 ideo
4008 676 4048 718 a
4091 653 4386 738 longiore

2431 736 2784 819 scriptione
2825 735 3276 819 supersedebo.
3349 738 3440 801 Et
3478 737 3856 804 maluissem
3900 740 3970 803 in
4003 751 4214 804 totum
4237 739 4388 805 abs-

2433 822 2674 900 tinere,
2734 822 2862 886 nisi
2901 823 3040 903 ipse
3083 843 3297 888 meam
3338 823 3807 907 negligentiam
3862 827 4106 890 severis
4163 826 4386 891 verbis
4501 896 4510 906 ,

2433 908 2834 991 castigasset.
2902 906 3151 972 Videor
3193 909 3372 973 enim
3416 909 3576 974 mihi
3615 930 3753 974 rem
3791 930 3986 994 agere
4020 932 4151 976 non
4188 911 4384 975 modo

2433 1012 2986 1075 supervacaneam
3042 994 3156 1058 sed
3224 1015 3490 1077 prorsus
3554 994 3930 1074 absurdam,
3998 1018 4201 1079 quum
4267 996 4386 1062 tali

2434 1078 2678 1143 nuncio
2754 1078 2978 1143 literas
3057 1080 3139 1144 ad
3221 1100 3335 1144 vos
3403 1080 3824 1162 perferendas
3891 1082 4094 1147 trado.
4208 1081 4386 1163 Quia

2435 1172 2656 1229 tamen
2703 1163 2825 1230 hoc
2869 1164 3156 1230 officium
3200 1187 3306 1230 me
3349 1164 3684 1249 negligere
3727 1186 3857 1231 non
3903 1168 4185 1250 patitur,
4244 1190 4386 1235 mos

2436 1249 2763 1333 gerendus
2810 1261 2910 1314 est
2952 1250 3095 1316 eius
3141 1250 3482 1315 voluntati.
3572 1252 3717 1316 Non
3777 1261 3879 1317 est
3935 1264 4155 1318 tamen
4214 1253 4385 1337 quod

2436 1355 2475 1398 a
2519 1357 2626 1400 me
2668 1335 2934 1419 longam
2978 1335 3322 1401 historiam
3363 1337 3758 1419 exspectetis
3801 1359 4027 1402 eorum
4067 1360 4234 1421 quae
4278 1339 4387 1405 hio

2437 1428 2778 1505 geruntur.
2888 1420 3211 1488 Sedemus
3275 1424 3343 1486 in
3410 1424 3641 1487 castris
3708 1424 3898 1488 otiosi
3956 1426 4110 1507 quia
4164 1424 4389 1490 hostes

2437 1505 2775 1591 pugnandi
2817 1507 3070 1591 copiam
3117 1508 3385 1572 minime
3429 1508 3694 1573 faciunt.
3798 1507 4024 1589 Quum
4078 1519 4388 1593 putamus

2436 1592 2739 1658 omnibus
2781 1613 3008 1658 eorum
3044 1593 3306 1677 effugiis
3347 1614 3490 1658 esse
3538 1614 3913 1672 occursum,
3969 1616 4179 1660 novas
4231 1595 4388 1662 sub·

2436 1677 2593 1742 inde
2637 1680 2838 1742 rimas
2873 1679 3264 1762 excogitant.
3354 1677 3488 1745 Sed
3532 1678 3653 1744 has
3695 1691 3888 1759 artes,
3933 1680 4167 1763 quibus
4212 1691 4389 1746 tant-

2438 1784 2634 1846 opere
2691 1764 2815 1829 sibi
2870 1763 3156 1846 placent,
3221 1785 3557 1847 speramus
3620 1766 3687 1830 in
3747 1785 4054 1850 magnam
4114 1765 4391 1832 Domini

2440 1849 2714 1933 gloriam
2786 1869 3102 1915 cessuras.
3202 1849 3543 1933 Intelliget
3607 1851 3779 1915 enim
3848 1852 4138 1917 mundus
4202 1855 4392 1918 cuius

2439 1935 2875 2000 eonscientiae
2929 1935 3131 2000 fuerit
3172 1934 3384 1999 lucem
3444 1936 3605 2000 adeo
3671 1936 4144 2002 reformidasse.
4255 1938 4392 2003 Nos

2438 2041 2600 2086 sano
2643 2030 2710 2085 et
2753 2021 2971 2086 verbis
3015 2042 3241 2086 sumus
3281 2022 3503 2085 testati
3547 2031 3614 2085 et
3673 2043 3745 2086 re
3786 2023 3926 2104 ipsa
3986 2021 4392 2088 demonstra-

2441 2107 2676 2185 vimus,
2723 2127 2842 2171 nos
2886 2105 2970 2171 ad
3002 2104 3405 2192 reddendam
3428 2106 3758 2172 doctrinae
3781 2121 4046 2175 nostrae
4069 2110 4394 2176 rationem

2440 2212 2585 2257 esse
2627 2192 2845 2255 animo
2886 2201 3166 2275 paratos,
3211 2200 3542 2276 utcunque
3585 2193 3757 2258 male
3806 2195 4117 2260 instructi
4161 2194 4390 2262 simus.

2440 2277 2553 2341 Illi
2596 2297 2794 2361 quum
2840 2298 3034 2361 saepe
3076 2277 3398 2343 eludendo
3444 2288 3513 2343 et
3555 2280 4050 2363 tergiversando
4108 2302 4228 2346 nos
4277 2303 4394 2346 ex-

2443 2365 2815 2442 traxissent,
2859 2362 3128 2429 tandem
3172 2383 3307 2427 non
3352 2363 3844 2429 dissimulanter
3887 2366 4163 2431 confessi
4219 2377 4393 2446 sunt,

2442 2471 2511 2514 se
2557 2449 2638 2514 ab
2684 2469 2760 2513 eo
2802 2446 2974 2530 quod
3021 2469 3178 2533 prae
3222 2470 3292 2514 se
3335 2448 3628 2514 tulerant
3671 2448 3908 2533 agendi
3967 2452 4237 2517 consilio
4280 2475 4394 2536 pe-

2443 2535 2622 2600 nitus
2665 2534 3035 2600 abhorrere.
3123 2532 3335 2617 quue
3377 2535 3629 2601 faciunt
3673 2557 3872 2618 quum
3910 2538 4214 2602 omnibus
4250 2538 4396 2604 aliis

2443 2619 2656 2698 robus,
2704 2629 2925 2703 praete
3006 2640 3161 2684 uam
3204 2639 3437 2685 causae
3479 2620 3807 2699 bonitate,
3862 2621 3998 2686 sint
4041 2621 4249 2686 multo
4285 2644 4396 2688 su-

2442 2705 2764 2789 periores:
2787 2714 3178 2790 ⁴cognitores
3197 2706 3256 2788 ²)
3301 2704 3547 2772 habent
3589 2707 3813 2789 quales
3855 2706 3986 2770 illis
4033 2707 4249 2772 visum
4297 2725 4398 2773 est

2444 2813 2479 2856 e
2524 2812 2646 2857 sua
2689 2791 2955 2856 cohorte
3000 2789 3302 2874 deligere.
3369 2791 3438 2855 Is
3470 2813 3662 2876 quem
3702 2791 3885 2857 velut
3920 2791 4402 2858 moderatorem

2442 2879 2614 2943 ferre
2679 2876 3006 2961 cogimur,
3072 2896 3208 2940 non
3288 2877 3561 2942 obscure
3620 2877 3750 2943 illis
3817 2879 4012 2942 favet.
4129 2876 4400 2960 Opibus,

2442 2963 2754 3113 gooentia,
2801 2961 3072 3046 aliisque
3097 2962 3398 3027 omnibus
3437 2962 3781 3045 praesidiis
3804 2962 4144 3028 abundant
4166 2963 4402 3047 quibus

2489 3049 2879 3115 estituimur.
2983 3046 3119 3114 Sed
3171 3047 3345 3112 mala
3398 3049 3797 3115 conscientia
3853 3055 4256 3130 consternat,
4323 3059 4402 3115 ut

2443 3135 2708 3201 nemine
2762 3140 3192 3218 persequente
3244 3132 3519 3217 fugiant.
3620 3132 3799 3215 Quid
3866 3142 4085 3200 autem
4152 3136 4207 3200 si
4263 3136 4399 3200 Do-

2444 3221 2682 3299 minus,
2728 3241 2861 3285 non
2905 3227 3166 3286 tantum
3208 3239 3335 3301 quo
3377 3221 3712 3302 potentius
3754 3241 3864 3286 eos
3906 3228 4283 3303 prosternat
4325 3241 4401 3289 ac

2446 3308 2691 3372 maiore
2754 3304 3096 3385 miraculo,
3170 3301 3283 3370 sed
3350 3305 3549 3371 etiam
3611 3313 3689 3370 ut
3740 3326 3863 3372 nos
3920 3306 4225 3372 humiliet
4276 3308 4400 3374 hac

2446 3390 2914 3476 trepidatione,
2968 3392 3260 3477 ipsorum
3315 3391 3570 3457 animos
3626 3391 3950 3475 percellit,
4012 3414 4097 3457 ne
4143 3393 4215 3457 in
4259 3414 4400 3460 cer-

2446 3487 2672 3545 tamen
2734 3477 3069 3544 nobiscum
3142 3476 3586 3543 descendant?
3684 3478 3913 3562 Neque
3977 3479 4154 3544 enim
4219 3478 4403 3565 digni

2447 3587 2677 3631 sumus
2733 3584 3010 3647 quorum
3065 3562 3461 3629 industriam
3516 3563 3599 3631 ad
3655 3585 3894 3632 causae
3957 3585 4114 3630 suae
4181 3563 4405 3630 defen-

2447 3652 2699 3717 sionem
2742 3649 3065 3716 adhibeat.
3153 3649 3507 3733 Utcunque
3541 3650 3645 3729 sit,
3691 3650 3883 3715 modo
3919 3650 4102 3716 salva
4137 3659 4402 3717 maneat

2449 3738 2592 3803 eius
2644 3738 2924 3814 veritas,
2985 3743 3052 3800 et
3106 3734 3314 3819 gloria
3371 3734 3771 3818 splendidius
3828 3736 4182 3814 elucescat,
4239 3737 4402 3802 satis

2450 3843 2776 3906 superque
2820 3821 3006 3886 nobis
3051 3841 3191 3886 esse
3236 3819 3443 3886 debet.
3516 3820 3770 3885 Verum
3816 3822 3940 3887 etsi
3983 3843 4113 3887 non
4157 3823 4225 3887 in
4264 3823 4400 3889 acie

2450 3909 2668 3992 palam
2727 3906 3043 3973 consertis
3102 3905 3406 3971 manibus
3460 3907 3903 3991 confligimus,
3971 3909 4402 3974 memineritis

2451 4003 2705 4071 tamen,
2774 3993 3003 4075 optimi
3065 3991 3331 4069 fratres,
3389 3991 3577 4056 nobis
3643 4013 3783 4058 esse
3851 3993 4182 4059 occultum
4248 4015 4399 4059 cum

2450 4079 2733 4162 obliquis
2775 4077 3064 4144 Satanae
3106 4078 3365 4143 astutiis
3410 4087 3758 4143 certamen.
3845 4077 4042 4160 Quod
4076 4078 4219 4144 ideo
4256 4099 4398 4144 mo-

2451 4187 2573 4231 neo
2639 4173 2714 4229 ut
2776 4164 3017 4229 sanctis
3079 4163 3379 4246 precibus
3445 4162 3856 4242 adlaboretis,
3921 4185 4008 4228 ne
4074 4164 4398 4230 Dominus

2450 4271 2717 4316 suorum
2786 4249 3269 4333 simplicitatem
3351 4248 3591 4314 talibus
3671 4271 3747 4316 ca
3792 4250 4079 4316 tionibus
4153 4251 4401 4316 irretiri

2449 4339 2640 4402 sinat.
2742 4334 3029 4401 Causam
3081 4334 3392 4412 fratrum,
3454 4335 3561 4418 qui
3618 4356 3732 4400 cru
3781 4335 3969 4400 eliter
4032 4335 4112 4399 ab
4177 4337 4398 4419 impiis

2448 4429 2803 4499 vexantur,
2863 4441 2990 4503 qua
3043 4418 3226 4486 decet
3278 4420 3404 4486 fide
3448 4442 3523 4486 ac
3567 4419 3906 4505 diligentia
3948 4421 4395 4505 suscipiemus.

2448 4507 2636 4573 Nihil
2693 4505 2873 4572 aliud
2930 4526 3278 4589 possumus
3331 4509 3401 4571 in
3461 4508 3829 4590 praesentia
3887 4506 4209 4591 polliceri,
4271 4508 4398 4573 nisi

2447 4592 2618 4677 quod
2662 4613 2926 4676 operam
2972 4591 3271 4657 dabimus
3315 4605 3387 4656 ut
3427 4593 3724 4657 sentiatis
3768 4603 4064 4658 nostrum
4109 4593 4394 4659 studium

2445 4681 2744 4762 ipsorum
2798 4677 2996 4744 saluti
3047 4698 3179 4742 non
3236 4676 3535 4743 defuisse.
3635 4676 3740 4743 De
3796 4679 4084 4746 adventu
4140 4678 4221 4744 ad
4279 4698 4394 4743 vos

2447 4786 2596 4831 meo
2638 4763 2808 4829 nihil
2851 4763 3055 4829 audeo
3090 4769 3266 4828 certo
3303 4762 3535 4830 dicere.
3606 4763 3902 4830 Farellus
3937 4765 4124 4829 novit
4158 4762 4393 4847 quibus

2446 4849 2934 4935 impedimentis
2991 4847 3321 4914 distinear.
3422 4849 3631 4933 Cupio
3687 4857 3911 4916 tamen
3968 4850 4139 4915 diem
4206 4847 4394 4913 illum

2448 4936 2672 5003 videre
2715 4955 2843 5018 quo
2888 4955 3004 5000 vos
3046 4955 3274 5000 omnes
3317 4935 3517 5000 semel
3573 4936 3930 5019 amplectar
3971 4937 4040 5000 in
4085 4933 4392 4999 Domino.

2449 5022 2684 5088 Valete
2726 5020 3136 5105 integerrimi
3176 5021 3428 5086 fratres.
3517 5022 3842 5087 Dominus
3872 5033 4002 5086 ‘vos
4054 5021 4396 5086 confirmet

2653 5310 2713 5379 2)
2747 5310 2973 5366 mina
3006 5308 3430 5432 suppeditabunt
3456 5309 3724 5380 Spalatin.
3751 5309 3955 5363 Annal.
3969 5306 4092 5366 441.
4125 5308 4228 5364 457
4252 5323 4398 5381 sqq.

2450 5387 2501 5438 et
2539 5379 2750 5450 Corpus
2789 5377 2911 5447 Ref-
2949 5378 3072 5433 111.
3147 5376 3264 5446 160,
3307 5377 3455 5434 1217.
3531 5378 3848 5433 Moderator
3889 5377 4202 5433 Granvella.

3917 5460 3988 5516 90
