5050 6167
698 447 827 512 ¹763

698 645 928 703 tamen
984 653 1255 716 scopum
1320 630 1586 698 tendere
1644 651 1904 715 semper
1959 630 2302 707 debemus,
2368 636 2445 694 ut
2500 648 2655 694 con-

697 721 942 789 iunctis
996 716 1259 794 studiis,
1325 726 1395 783 et
1450 717 1817 795 communi,
1880 711 2199 799 quantum
2242 716 2386 781 fieri
2423 722 2656 799 potest,

700 806 969 874 consilio
1012 804 1376 871 serviamus
1420 803 1742 869 ecclesiae.
1832 801 1977 867 Iam
2025 824 2178 868 vero
2221 805 2294 867 in
2335 801 2460 866 hac
2505 820 2656 865 nos-

701 903 807 959 tra
848 891 1231 957 infirmitate
1274 890 1416 955 fieri
1461 890 1691 972 nequit
1733 888 1896 972 quin
1937 889 2155 971 aliqua
2197 889 2267 952 in
2312 888 2498 953 nobis
2544 886 2656 951 de-

700 979 1090 1054 siderentur,
1137 975 1217 1041 de
1253 975 1488 1058 quibus
1525 974 1864 1040 admoneri
1899 995 2019 1039 nos
2054 974 2362 1041 convenit
2395 981 2461 1037 et
2496 970 2656 1037 utile

701 1077 823 1132 est.
911 1064 993 1128 In
1037 1062 1184 1127 aliis
1228 1060 1613 1146 corrigenda
1657 1068 1814 1125 sunt
1857 1071 2035 1126 certa
2078 1060 2272 1138 vitia,
2333 1059 2443 1124 alii
2499 1066 2657 1123 sunt

701 1147 1189 1225 antevertendi,
1257 1169 1458 1230 quum
1519 1146 1814 1211 videmus
1868 1145 2228 1228 periculum
2288 1145 2653 1222 imminere,

699 1257 788 1303 ne
840 1230 1285 1318 imprudentia
1349 1232 1683 1297 labantur:
1752 1231 1867 1296 alii
1919 1232 2003 1296 ad
2071 1231 2383 1296 maiorem
2439 1229 2656 1294 zelum

699 1318 1053 1397 incitandi,
1109 1318 1222 1383 alii
1281 1315 1695 1402 obiurgandi,
1754 1318 1825 1380 in
1870 1316 2030 1383 alios
2084 1314 2550 1399 inquirendum
2597 1315 2657 1381 si

700 1407 849 1493 quis
893 1405 973 1471 de
1016 1404 1150 1469 illis
1193 1403 1460 1470 sinister
1502 1422 1747 1481 rumor,
1784 1410 1851 1466 et
1884 1413 2109 1467 tamen
2144 1401 2398 1482 dubius,
2444 1422 2655 1466 emer·

700 1493 808 1560 sit.
896 1492 1091 1556 Nunc
1135 1488 1486 1573 quaeritur,
1534 1510 1619 1553 an
1661 1489 1929 1553 omnino
1971 1509 2235 1555 necesse
2278 1488 2383 1567 sit,
2428 1488 2656 1570 singu-

700 1578 802 1645 los
841 1599 882 1643 a
924 1574 1206 1660 singulis
1240 1574 1550 1660 privatim
1588 1573 1945 1647 admoneri,
1992 1595 2079 1638 an
2124 1595 2279 1640 vero
2323 1571 2656 1639 interdum

700 1661 1026 1749 expediat,
1074 1660 1298 1726 habita
1331 1660 1506 1725 inter
1537 1660 1776 1725 fratres
1811 1658 2297 1740 deliberatione,
2343 1659 2466 1724 hoc
2509 1659 2657 1723 fieri

701 1772 744 1818 a
787 1757 923 1815 toto
966 1745 1203 1814 coetu?
1292 1746 1497 1827 Atqui
1550 1764 1744 1827 saepe
1798 1745 2146 1829 contingit,
2203 1755 2282 1811 ut
2333 1764 2375 1810 a
2430 1744 2656 1809 multis

701 1833 1043 1902 admoneri
1085 1852 1206 1897 nos
1247 1838 1563 1915 oporteat,
1619 1830 1700 1896 de
1754 1851 1882 1913 quo
1926 1851 2117 1896 nemo
2162 1853 2334 1897 unus
2377 1851 2497 1896 nos
2542 1828 2655 1895 ad-

699 1939 971 1987 monere
1013 1924 1239 2001 potest.
1328 1916 1637 2000 Exempli
1679 1915 1921 2000 gratia:
1988 1917 2157 1992 Erit,
2203 1916 2399 1983 sicuti
2441 1937 2657 2000 nuper

702 2006 952 2072 dictum
993 2012 1110 2082 est,
1157 2012 1430 2068 exortus
1472 2022 1701 2068 rumor
1733 2009 1851 2067 aut
1876 2003 2286 2086 querimonia
2327 2000 2408 2066 de
2451 2003 2655 2066 fratre

698 2090 1032 2176 quopiam:
1093 2087 1160 2153 id
1218 2088 1414 2155 vicini
1468 2088 1703 2153 scient:
1762 2108 1895 2153 non
1951 2096 2168 2171 potest
2223 2086 2470 2154 occurri
2516 2107 2655 2152 me-

696 2177 850 2244 liori
893 2173 1198 2253 remedio,
1244 2195 1443 2258 quam
1486 2174 1542 2238 si
1586 2174 1821 2239 fratres
1837 2225 1854 2253 ,
1914 2194 1986 2238 re
2040 2174 2219 2240 inter
2256 2195 2326 2239 se
2370 2193 2657 2240 commu-

700 2264 948 2339 nicata,
1002 2262 1219 2344 ipsum
1277 2258 1358 2324 de
1409 2280 1539 2343 quo
1594 2259 1814 2343 agitur
1865 2258 2278 2325 admoneant.
2368 2258 2447 2325 Si
2489 2258 2658 2324 falsa

699 2355 805 2415 est
845 2345 1230 2424 criminatiO,
1275 2344 1369 2411 sic
1414 2343 1854 2428 providebunt
1907 2365 1992 2409 ne
2036 2344 2232 2412 latius
2275 2352 2652 2429 spargatur:

694 2434 806 2502 sin
847 2452 1024 2510 vera,
1069 2451 1204 2496 non
1248 2431 1330 2497 ab
1376 2450 1510 2496 uno
1554 2439 1814 2495 tantum
1856 2429 2198 2496 admoneri
2255 2430 2481 2496 debuit
2520 2428 2655 2508 ille,

700 2516 819 2585 sed
873 2538 914 2582 a
963 2517 1242 2582 fratrum
1296 2523 1485 2582 coetu
1527 2516 1785 2600 corrigi.
1875 2513 1985 2582 Sit
2026 2515 2207 2582 aliud
2249 2515 2652 2599 exemplum:

697 2604 851 2672 Erit
893 2601 1140 2686 aliquid
1181 2602 1253 2666 in
1299 2601 1499 2666 fratre
1542 2599 1716 2684 quod
1757 2601 2124 2684 displicebit
2176 2601 2502 2685 aliquibus
2545 2601 2655 2666 vel

699 2712 786 2757 ex
846 2686 1034 2773 plebe
1053 2737 1068 2763 ,
1138 2687 1244 2753 vel
1298 2709 1384 2753 ex
1440 2686 1726 2772 collegis.
1814 2687 1949 2754 Hic
2002 2688 2283 2753 vertitur
2337 2687 2652 2771 quaestio,

697 2796 866 2844 num
907 2771 1074 2839 illud
1161 2771 1289 2838 uod
1332 2771 1739 2838 desideratur
1781 2793 1899 2856 pro
1943 2772 2106 2838 vitio
2146 2772 2528 2839 habendum
2568 2774 2657 2839 sit

695 2870 768 2927 et
809 2860 1110 2944 corrigen
1156 2858 1314 2924 um?
1385 2858 1568 2943 Ergo
1611 2858 1862 2924 collatis
1898 2857 2216 2942 capitibus
2251 2880 2413 2942 opus
2456 2866 2574 2924 est.
2596 2858 2652 2945 ὅ)

695 2945 918 3013 Multa
972 2943 1258 3027 quotidie
1312 2943 1617 3010 incidunt
1670 2944 1812 3009 eius
1872 2945 2146 3026 generis.
2246 2944 2464 3027 Atque
2520 2944 2654 3009 huc

852 3028 1081 3096 tabant
1132 3050 1217 3095 ex
1271 3039 1460 3113 parte
1513 3029 1953 3113 provinciales
2008 3028 2276 3114 synodi,
2333 3050 2500 3113 qnae
2552 3031 2653 3096 bis

693 3118 779 3184 o‘
938 3116 1247 3182 uotannis
1306 3115 1735 3181 habebantur.
1823 3113 1996 3179 Nam
2051 3114 2166 3180 ubi
2181 3114 2239 3201 ⁶)
2293 3122 2653 3181 tractatum

694 3210 839 3270 erat
926 3222 963 3267 e
1006 3200 1330 3282 doctrina,
1388 3209 1534 3265 tum
1589 3199 2029 3284 querimoniae
2072 3199 2153 3265 de
2196 3201 2509 3284 cuiusque
2551 3202 2651 3268 vi-

690 3287 806 3355 tiis
850 3284 1300 3365 audiebantur,
1347 3295 1416 3351 et
1449 3305 1728 3352 censura
1762 3284 2191 3351 exercebatur
2223 3288 2294 3351 in
2337 3287 2649 3372 singulos.

864 3372 1186 3438 Vestrum
1208 3393 1364 3456 ergo
1385 3371 1787 3451 instit-utum,
1823 3371 2013 3455 quale
2036 3370 2422 3453 describitis,
2460 3393 2650 3440 sanc-

692 3467 840 3525 tum
882 3467 951 3523 et
990 3456 1357 3541 legitimum
1403 3477 1548 3522 esse
1568 3456 1952 3523 iudicamus.
2019 3457 2112 3523 Et
2152 3479 2314 3524 sane
2332 3458 2651 3612 'Lnimiae

692 3550 869 3612 esset
888 3539 1352 3626 impudentiae,
1396 3540 1468 3607 id
1489 3541 1708 3626 ipsum
1750 3541 2123 3626 improbare
2165 3543 2236 3609 in
2279 3564 2361 3610 vo
2410 3545 2481 3621 ‘s,
2522 3565 2651 3627 quo

692 3650 816 3697 1108
869 3635 1190 3713 tanquam
1236 3626 1407 3693 11000
1452 3635 1521 3691 81
1558 3626 1828 3693 salutari
1884 3627 2154 3694 utimur.
2233 3627 2652 3696 Adhibeatur

691 3713 890 3781 modo
936 3712 1232 3796 aequitas
1274 3712 1563 3796 primum
1601 3719 1671 3778 et
1712 3710 1975 3793 candor,
2022 3712 2256 3780 deinde
2295 3712 2651 3798 prudentia

690 3810 764 3869 et
788 3797 1168 3866 moderatio.
1236 3794 1608 3864 Candorem
1644 3819 1846 3882 quum
1879 3799 2280 3882 requirimus
2320 3810 2390 3868 et
2425 3800 2648 3883 aequi-

689 3892 929 3961 tatem,
996 3883 1121 3949 11οο
1182 3881 1646 3969 intelligimus,
1713 3905 1797 3949 ne
1859 3886 2005 3968 quis
2069 3885 2361 3971 maligno
2426 3885 2647 3952 animo

686 3972 964 4038 fratrem
1016 3968 1330 4053 sugillare
1391 3967 1673 4036 studeat.
1759 3969 2197 4037 Prudentiam
2240 3980 2309 4037 et
2347 3969 2645 4038 modera-

686 4056 936 4123 tionem
979 4053 1074 4122 sic
1115 4054 1503 4137 accipimus,
1563 4076 1649 4121 ne
1690 4055 1836 4140 quis
1878 4054 2117 4122 vitium
2164 4075 2478 4122 arcanum
2532 4055 2646 4122 de-

684 4141 880 4219 serat,
925 4160 1055 4224 quo
1078 4146 1257 4224 ¹nota
1297 4139 1486 4206 fratri
1528 4141 1862 4207 inuratur:
1906 4162 2075 4208 neve
2152 4142 2254 4228 uis
2294 4141 2647 4209 immodica

684 4224 1071 4296 austeritate
1145 4234 1502 4311 exaggeret
1573 4247 1743 4309 quae
1814 4226 2056 4310 alioqui
2147 4226 2404 4294 evicula
2466 4236 2642 4295 sunt.

689 4310 916 4394 Quare
957 4310 1016 4376 si
1050 4311 1311 4394 quando
1351 4310 1711 4395 contingat,
1756 4312 1867 4378 vel
1899 4333 1940 4377 a
1981 4312 2255 4379 morosis
2296 4322 2367 4379 et
2397 4313 2645 4399 impor-

687 4397 870 4463 tunis
911 4394 1227 4463 fratribus
1269 4397 1343 4462 in
1379 4396 1671 4463 medium
1706 4398 1982 4481 proferri
2016 4398 2496 4481 quaetacenda
2529 4420 2644 4484 po·

683 4481 821 4548 tius
876 4490 1095 4561 erant,
1162 4481 1270 4548 vel
1329 4483 1728 4549 accusatorio
1792 4482 2012 4548 animo
2071 4484 2349 4566 proferri
2402 4505 2646 4552 arcana

685 4567 884 4645 vitia,
937 4588 1070 4632 non
1113 4565 1309 4633 modo
1362 4586 1776 4651 nequaquam
1827 4566 2136 4635 audiendi
2189 4577 2347 4636 sunt
2393 4569 2644 4638 indices

686 4661 805 4722 aut
848 4650 1186 4731 delatores,
1245 4652 1363 4720 sed
1404 4654 1605 4719 etiam
1664 4673 1891 4719 severe
1949 4654 2366 4737 reprimendi.
2456 4655 2646 4739 Quin

687 4739 890 4807 etiam
930 4745 1007 4804 ut
1044 4738 1306 4803 obviam
1350 4746 1538 4804 eatur
1579 4738 1685 4804 his
1810 4738 2049 4820 riculis,
2106 4762 2311 4826 quum
2350 4740 2645 4828 agendae

686 4833 846 4891 sunt
886 4844 1232 4902 censurae,
1286 4824 1448 4891 utile
1507 4833 1607 4891 est
1658 4823 1721 4889 di
1752 4824 2009 4909 igenter
2050 4826 2352 4910 praefari,
2408 4848 2644 4895 caven-

686 4908 845 4976 dum
887 4930 1033 4976 esse
1074 4908 1159 4974 ab
1202 4908 1307 4976 his
1357 4911 1661 4978 omnibns
1715 4931 1884 4995 quae
1939 4910 2271 4979 salubrem
2330 4934 2646 4981 censurae

682 4995 1080 5062 medicinam
1119 5003 1390 5062 vertunt
1441 4996 1516 5062 in
1556 5017 1907 5063 venenum.
1996 4997 2136 5063 Nos
2191 5007 2369 5067 certe
2421 5000 2654 5068 statim·

891 5217 953 5282 ὁ)
991 5216 1143 5272 Edd.
1176 5216 1308 5273 aad.
1342 5219 1596 5274 iudicare.

891 5284 953 5350 6)
990 5302 1154 5356 quum
1190 5286 1312 5342 oda.

893 5352 952 5422 7)
986 5363 1136 5411 certe
1168 5355 1290 5410 edd.

2162 475 2169 484 ·
2249 437 2776 508 EPISTOLAE
2823 443 3162 506 582—683

4578 447 4689 517 764

2760 629 2842 695 ab
2898 628 3087 694 initio
3141 649 3671 712 praemonemus,
3744 637 3820 695 ut
3875 631 3932 696 si
3988 651 4159 713 qnae
4215 632 4351 706 sint
4401 631 4688 701 0118011188

2760 715 3157 792 simultates,
3215 717 3627 799 aperiantur:
3696 717 3751 781 si
3806 717 4009 782 frater
4062 717 4352 794 offensus
4416 738 4457 782 8
4507 719 4689 788 fratm

2759 801 2987 879 fuerit,
3049 800 3421 890 expostulet
3477 813 3828 884 antequam
3885 809 4167 886 agantur
4227 823 4563 884 censurae,
4613 828 4689 872 08

2760 885 2922 952 11800
2965 886 3160 951 simul
3202 886 3739 969 permisceantur.
3809 888 3938 953 His
3982 908 4139 971 ergo
4181 888 4378 966 vitiis,
4395 889 4457 965 8)
4499 890 4693 972 quoad

2759 972 2931 1050 licet,
2977 972 3461 1055 praecludenda
3503 981 3606 1037 est
3649 976 3756 1038 via
3799 995 3883 1038 ne
3926 973 4273 1057 obrepant:
4333 980 4403 1044 81
4444 976 4498 1039 81
4536 977 4691 1042 forte

2759 1058 3173 1141 obrepserint
3227 1058 3660 1124 rescindenda
3715 1069 3887 1124 sunt.
3978 1058 4315 1124 Censurae
4369 1080 4521 1126 vero
4571 1061 4692 1127 dis·

2759 1144 3018 1226 cipliua,
3063 1164 3260 1226 quam
3301 1165 3434 1208 non
3477 1143 3671 1209 modo
3704 1155 3992 1210 sanctam
4031 1144 4146 1209 sed
4181 1145 4380 1210 etiam
4417 1167 4695 1214 11808888·

2758 1231 2928 1295 riam
2971 1229 3377 1311 experimur,
3438 1251 3570 1295 uon
3625 1238 3725 1295 est
3780 1241 4124 1314 propterea
4165 1230 4556 1315 negligenda
4590 1240 4695 1297 aut

2760 1313 3135 1381 omittenda.
3222 1315 3531 1380 Fratrem
3576 1337 3733 1382 vero
3773 1316 3964 1381 illum
4000 1316 4113 1400 qui
4154 1315 4472 1390 hactenus
4511 1336 4550 1384 a
4587 1339 4694 1382 vo·

2761 1401 2862 1466 bis
2917 1400 3247 1478 dissensit,
3307 1400 3722 1469 obsecramus
3780 1403 3848 1467 in
3904 1402 4221 1481 Domino,
4292 1424 4378 1467 ne
4433 1402 4697 1478 ulterius

2759 1487 3118 1570 pertinacia
3172 1486 3525 1553 contendat
3579 1486 3665 1552 ad
3721 1487 4243 1572 repugnandum.
4331 1488 4702 1562 Meminerit

2760 1573 2935 1638 inter
2979 1571 3110 1637 alia
3154 1592 3321 1655 quae
3362 1573 3613 1639 Paulus
3656 1575 3726 1638 in
3760 1585 4023 1657 pastore
4063 1574 4355 1657 requirit,
4403 1573 4527 1646 hoc
4566 1593 4698 1640 esse

2759 1680 2890 1723 non
2952 1665 3352 1741 postremum
3406 1679 3492 1723 ne
3547 1658 3633 1724 sit
3688 1657 4003 1738 αόθᾰδης,
4072 1658 4197 1724 1100
4253 1670 4380 1736 881,
4451 1660 4700 1742 proprio

2757 1743 2999 1811 iudicio
3023 1744 3335 1810 addictus.
3404 1745 3497 1808 Et
3536 1752 3714 1811 certe
3755 1744 3918 1811 11880
3943 1766 4077 1811 1108
4100 1752 4203 1810 881
4221 1765 4303 1810 ex
4349 1745 4700 1828 praecipuis

2759 1830 3117 1897 virtutibus
3162 1829 3314 1895 boni
3356 1830 3669 1914 pastoris,
3725 1830 3819 1898 810
3863 1830 4215 1896 exhorrere
4273 1840 4409 1896 toto
4453 1839 4700 1914 pectore

2758 1917 3224 1994 contentiones,
3270 1922 3349 1979 ut
3389 1935 3725 1998 nunquam
3763 1937 3803 1982 a
3828 1916 4158 1995 fratribus,
4203 1916 4330 1982 nisi
4366 1917 4449 1982 ob
4485 1934 4700 1988 causas

2757 2002 3044 2066 maxime
3087 2002 3504 2080 necessarias,
3548 1999 3876 2068 dissideat.
3946 2001 4200 2068 Caveat
4239 2003 4440 2068 etiam
4483 2023 4566 2076 118
4598 2000 4703 2085 0111

2758 2087 2882 2153 1100
2926 2085 3204 2152 811(11001
3259 2087 3676 2170 suspicentur
3731 2089 3949 2172 ipsum
3993 2095 4110 2153 aut
4150 2087 4455 2173 litigandi
4497 2086 4703 2156 studio

2759 2181 2876 2237 aut
2916 2172 3061 2237 odic
3106 2171 3486 2256 disciplinae
3528 2172 3876 2257 impedire,
3935 2174 4282 2258 quominus
4332 2172 4417 2238 de
4470 2171 4705 2242 nostris

2757 2257 3052 2324 moribus
3106 2259 3225 2323 fiat
3278 2279 3582 2324 censura:
3652 2280 3785 2324 non
3838 2260 3993 2342 quia
4041 2258 4321 2326 velimus
4377 2259 4508 2325 hac
4559 2278 4704 2330 cum

2756 2343 3008 2408 invidia
3046 2363 3341 2428 gravare,
3387 2352 3502 2409 8111
3542 2343 3681 2409 11118
3724 2365 3990 2427 prorsus
4033 2345 4290 2410 macula
4343 2346 4565 2427 ipsum
4606 2364 4704 2408 as-

2756 2449 3060 2514 pergere:
3124 2428 3239 2494 sed
3282 2428 3429 2494 ideo
3472 2429 3860 2513 simpliciter
3902 2429 4063 2497 haec
4105 2429 4475 2497 iudicamus
4490 2481 4507 2509 ,
4560 2428 4710 2524 quia

2758 2516 3058 2598 cupimus
3100 2515 3241 2580 eius
3283 2514 3519 2580 honori
3564 2515 3729 2581 bene
3769 2517 4160 2582 consultum.
4250 2513 4596 2597 Quantum
4629 2511 4710 2579 ad

2757 2601 2899 2665 eius
2942 2600 3257 2684 scriptum
3313 2601 3574 2679 attinet,
3633 2622 3758 2684 quo
3809 2602 4197 2686 impugnare
4254 2621 4511 2666 morem
4563 2620 4710 2666 ves-

2757 2693 2939 2751 trum
2983 2696 3258 2752 conatus
3301 2693 3420 2766 est,
3465 2686 3640 2770 quod
3686 2685 3853 2752 bona
3896 2690 4035 2753 eius
4080 2688 4274 2753 venia
4315 2684 4566 2752 dictum
4608 2685 4707 2763 sit,

2755 2792 2958 2856 quum
2977 2773 3335 2837 fraternam
3358 2773 3825 2838 correctionem
3860 2782 4079 2839 actum
4100 2772 4392 2839 caritatis
4428 2778 4638 2850 vocat,
4653 2769 4710 2853 ⁹)

2758 2879 2799 2923 a
2839 2878 2967 2941 quo
3010 2878 3202 2923 nemo
3245 2858 3335 2923 sit
3376 2857 3794 2924 eximendus:
3852 2878 3990 2924 non
4034 2858 4297 2924 videtur
4339 2856 4533 2924 nobis
4576 2855 4711 2928 801-

2755 2943 3187 3010 madvertisse
3221 2941 3395 3027 quod
3429 2945 3662 3009 eratin
3697 2944 3928 3027 primis
3951 2945 4216 3028 cognitu
4246 2942 4710 3020 necessarium,

2754 3028 2980 3111 plures
3024 3049 3167 3094 esse
3209 3029 3459 3112 species
3515 3028 3845 3095 fraternae
3887 3030 4322 3095 correctionis.
4412 3029 4513 3096 Ut
4555 3027 4713 3096 81188

2756 3115 3162 3192 00111180108,
3220 3113 3385 3181 11880
3445 3114 3527 3180 (18
3580 3135 3711 3198 qua
3767 3114 4165 3200 disputatur,
4222 3114 4608 3181 distinctam
4646 3118 4712 3178 et

2754 3201 3088 3284 propriam
3109 3201 3433 3266 rationem
3456 3199 3671 3266 habet.
3710 3200 3837 3267 Est
3856 3202 4035 3267 enim
4062 3222 4219 3285 pars
4232 3200 4711 3267 ecclesiasticae

2754 3286 3037 3370 politiae.
3104 3287 3286 3370 Ergo
3315 3307 3466 3353 cum
3488 3284 3602 3351 illa
3629 3286 3924 3371 generali
3962 3287 4367 3353 correctione
4399 3281 4709 3355 confundi

2753 3393 2888 3436 non
2952 3372 3173 3451 debet,
3239 3391 3406 3455 quae
3470 3371 3773 3439 omnibus
3828 3371 4282 3438 indifferenter
4331 3369 4708 3438 mandatur.

2753 3456 3045 3523 Proinde
3089 3479 3220 3522 non
3263 3456 3678 3522 concedimus
3720 3456 3837 3536 illi,
3884 3478 4031 3524 esse
4064 3457 4434 3542 simplicem
4481 3463 4552 3523 et
4592 3476 4710 3524 nu-

2755 3542 2913 3608 dum
2956 3542 3250 3609 caritatis
3293 3550 3546 3607 actum:
3593 3540 3916 3625 siquidem
3956 3543 4272 3609 iudicium
4317 3552 4424 3610 est
4466 3540 4711 3610 ordinis

2753 3637 2820 3695 81
2859 3627 3242 3711 disciplinae
3284 3647 3482 3694 causa
3524 3627 3922 3707 institutum,
3967 3629 4139 3712 quod
4175 3647 4601 3695 communem
4624 3625 4708 3707 ¹⁰)

2753 3713 3272 3779 aedificationem
3326 3732 3446 3796 pro
3511 3713 3645 3779 fine
3708 3715 4109 3797 propositam
4174 3713 4393 3781 habet.
4485 3712 4711 3795 Neque

2751 3800 2948 3864 etiam
2971 3797 3391 3865 concedimus
3424 3798 3753 3864 neminem
3789 3798 3870 3865 ab
3894 3800 4038 3866 eius
4060 3800 4463 3884 obligatione
4487 3796 4705 3866 eximi.

2750 3884 3043 3950 Tametsi
3094 3883 3401 3969 ambigua
3444 3891 3549 3950 est
3588 3884 3885 3967 loquutio
3927 3884 4120 3962 haec,
4180 3887 4334 3970 quia
4378 3897 4519 3951 tam
4563 3902 4711 3970 pas·

2750 3970 2894 4036 sive
2935 3990 3133 4052 quam
3174 3970 3392 4035 active
3448 3970 3650 4053 accipi
3697 3978 3925 4053 potest.
4012 3969 4150 4037 Sed
4192 3978 4477 4055 utroque
4519 3966 4710 4036 modo

2748 4075 3069 4140 negamus
3111 4076 3340 4121 omnes
3380 4054 3505 4121 1180
3548 4054 3692 4139 lege
3734 4055 4059 4141 obstringi
4114 4075 4280 4140 quae
4337 4054 4710 4141 specialiter

2748 4140 3071 4207 ministris
3114 4149 3217 4206 est
3260 4139 3606 4207 destinata.
3696 4138 3888 4207 Sicut
3943 4143 4121 4208 enim
4220 4162 4344 4208 uae
4405 4141 4494 4208 ad
4538 4138 4710 4212 ordi·

2749 4248 2901 4293 nem
2943 4224 3231 4292 habendi
3273 4235 3541 4293 senatus
3585 4234 3882 4310 spectant
3924 4227 4101 4313 leges
4140 4247 4183 4310 p
4212 4225 4404 4293 811001
4451 4247 4588 4296 000
4629 4223 4709 4289 11-

2747 4321 2937 4398 gant,
2994 4313 3089 4377 ita
3130 4309 3544 4395 disciplinam
3586 4312 3762 4378 inter
3817 4333 3937 4379 nos
3994 4314 4342 4379 observare
4401 4309 4712 4386 convenit

2748 4397 2854 4466 0111
2898 4397 3172 4465 subiecti
3213 4398 3348 4464 sint
3389 4398 3518 4466 8011
3560 4398 3863 4464 1011118111.
3928 4396 4124 4480 Quod
4162 4399 4237 4464 in
4279 4397 4522 4465 eadem
4563 4415 4709 4480 pro·

2747 4485 3067 4568 positione
3112 4482 3413 4562 habetur,
3459 4482 3581 4549 sub
3625 4490 3974 4568 praecepto
4016 4481 4147 4550 Dei
4190 4483 4432 4550 cadere
4476 4484 4711 4554 frater-

2747 4591 2900 4635 nam
2968 4568 3435 4636 correctionem
3451 4620 3469 4649 ,
3545 4570 3601 4635 si
3665 4569 3981 4654 intelligit
4053 4577 4245 4635 autor
4309 4569 4601 4640 formam
4628 4567 4710 4644 ¹¹)

2748 4656 3037 4722 cuiusvis
3092 4654 3510 4721 correctionis
3562 4675 3868 4739 expresse
3922 4653 4123 4721 verbo
4175 4655 4308 4721 Dei
4363 4649 4710 4731 contineri,

2746 4740 2872 4808 hoc
2916 4761 3075 4808 vero
3114 4760 3525 4824 nequaquam
3580 4740 3681 4806 illi
3735 4742 4142 4807 confitemur.
4242 4738 4711 4809 Substantiam

2749 4826 3223 4894 ecclesiasticae
3301 4824 3686 4910 disciplinae
3751 4827 4065 4910 exprimit
4141 4825 4412 4895 disertis
4493 4822 4710 4896 verbis

2747 4914 3101 4996 scriptura:
3156 4912 3368 4980 forma
3423 4918 3643 4979 autem
3702 4911 3844 4978 eius
3900 4910 4332 4993 exercendae,
4398 4912 4711 5000 quoniam

2755 5073 2868 5080 .-

2954 5151 3021 5285 3),
3054 5150 3453 5277 'Vni'gg’ffbflo
3482 5219 3933 5344 mainwaut·
3965 5217 4281 5276 eamean-⁸⁶0·
4310 5216 4714 5292 (Gap-undo.

2926 5290 3017 5351 10)
3053 5291 3199 5359 quod
3233 5297 3416 5343 tanen
3452 5306 3614 5344 unam
3756 5328 3767 5340 .
3841 5359 3844 5362 ,

2927 5359 3015 5426 11)
3053 5361 3278 5414 1111018111
3311 5371 3417 5414 οη.
3449 5357 3574 5415 edd.
