5050 6167
629 395 755 457 443

631 578 808 643 mino
873 575 1220 641 carissime.
1333 571 1564 639 Saluta
1630 593 1857 638 omnes
1901 578 2217 648 amanter,
2277 569 2573 647 Coelium,

633 663 989 742 Imbertum,
1032 659 1343 726 Ribittum
1386 668 1453 724 et
1495 659 1811 724 familiam
1848 668 2044 722 tuam.
2106 656 2363 721 Iterum
2404 656 2573 721 vale.

1544 795 1826 861 Ioannes
1871 794 2190 861 Calvinus
2234 800 2401 857 tuus.

804 967 1053 1138 8613)ρεί
1100 968 1362 1034 turbato
1406 967 1640 1045 animo,
1687 972 1754 1030 et
1794 964 2236 1043 tumultuarie,
2279 985 2354 1030 ac
2396 963 2578 1030 festi-

634 1063 884 1121 nanter.

1404 1278 1807 1286 ——.-.-—-—--—.—

1538 1460 1690 1531 424.

1165 1596 1568 1666 VIRETUS
1614 1596 2047 1664 OALVINO.

808 1771 911 1838 De
951 1771 1321 1837 decanorum
1361 1790 1649 1851 responso
1691 1774 1746 1833 ct
1788 1769 1943 1833 actis
1984 1767 2412 1834 Beruensibus
2453 1788 2581 1833 non

637 1864 726 1924 est
766 1857 929 1939 quod
961 1856 1087 1921 sibi
1123 1855 1489 1939 yratuletur.
1585 1855 1752 1935 Quid
1794 1855 2132 1919 timendum
2174 1859 2282 1918 aut
2323 1874 2578 1935 speran-

635 1945 789 2010 dum
830 1943 915 2009 sit
957 1943 1026 2005 in
1067 1941 1182 2008 hae
1215 1961 1430 2007 rerum
1471 1940 1833 2007 conditiore
1925 1938 2116 2005 Curio
2157 1940 2292 2005 iam
2332 1941 2402 2004 in
2446 1939 2581 2004 Ita-

636 2029 793 2095 liam
834 2027 1007 2092 abiit.

638 2199 747 2266 (Ex
782 2196 1116 2267 autographo
1136 2197 1273 2250 Bibl.
1301 2195 1502 2250 Genev.
1540 2195 1668 2248 Cod.
1694 2194 1830 2247 111⁸,
1857 2195 1948 2249 foL
1982 2195 2051 2249 56
2086 2198 2234 2249 cuius
2270 2193 2580 2332 αρᾟιᾶρῑΐ

636 2272 854 2322 exstant
887 2267 1021 2320 ibid.
1056 2265 1185 2320 Ood.
1235 2263 1359 2330 116,
1404 2265 1493 2317 fol.
1531 2262 1611 2316 77.
1695 2264 1915 2317 Archiv.
1965 2265 2123 2319 Bern.
2170 2265 2309 2333 Epp.

1229 2332 1334 2387 452
1368 2339 1425 2386 et
1457 2332 1669 2386 Simler.
1707 2334 1826 2386 Vol.
1864 2332 1975 2398 51.)

803 2523 1060 2589 Pietate
1096 2528 1162 2586 et
1198 2521 1569 2587 eruditione
1602 2521 2018 2586 ornatissimo
2039 2521 2275 2587 Ioanni
2299 2520 2578 2587 Calvino

632 2609 817 2678 verbi
857 2609 1156 2674 ministro
1201 2606 1578 2672 fidelissimo

1991 2692 2317 2759 Genevae.

805 2829 876 2897 S.
922 2831 1025 2895 De
1071 2830 1463 2896 decanorum
1522 2848 1832 2911 responso
1875 2835 1944 2893 et
1985 2826 2267 2893 formula
2312 2826 2579 2894 Comeni

630 2923 848 2982 tecum
891 2916 1103 2981 sentio
1148 2916 1357 2998 plane,
1387 2914 1438 2996 ¹)
1482 2913 1562 2976 de
1607 2934 1734 2996 qua
1777 2934 1849 2977 re
1884 2913 2158 2979 fortasse
2193 2913 2354 2979 alias
2388 2914 2577 2978 fami-

628 3002 858 3067 liarius
916 3001 1375 3085 colloquemur.
1481 2998 1858 3064 Voluissem
1925 2998 2201 3065 decanos
2264 3009 2577 3083 sequutos

630 3096 927 3154 nostrum
971 3086 1333 3152 consilium.
1403 3085 1782 3150 Zebedaeum
1827 3103 1962 3148 non
2001 3085 2186 3167 potui
2230 3086 2577 3150 convenire

627 3173 1007 3257 priusquam
1050 3172 1324 3237 classem
1368 3177 1790 3247 convocaret,
1851 3170 2128 3235 necdum
2183 3169 2349 3234 mihi
2393 3171 2577 3236 visus

630 3267 734 3323 est
796 3259 1142 3340 postquam
1187 3257 1411 3322 Berna
1461 3255 1682 3333 rediit,
1745 3256 2047 3339 quamvis
2092 3256 2303 3321 literis
2362 3278 2402 3321 a
2468 3277 2576 3321 me

628 3344 801 3409 serio
835 3350 903 3406 et
935 3343 1406 3407 instantissime
1443 3349 1723 3407 vocatus.
1793 3341 1994 3420 Alias,
2031 3342 2340 3408 ecclesiae
2377 3362 2576 3424 quum

629 3426 959 3511 alligatior
1000 3438 1186 3504 esset,
1233 3427 1315 3491 ob
1358 3427 1722 3492 levissimas
1765 3446 2053 3509 quasque
2097 3447 2327 3493 causas
2370 3427 2575 3491 cursi-

627 3511 841 3578 tabat:
901 3534 1078 3578 nunc
1134 3532 1342 3595 paene
1398 3511 1645 3577 solutus
1701 3511 1818 3576 vix
1873 3513 2127 3577 evocari
2184 3511 2268 3576 ad
2311 3533 2417 3577 res
2461 3510 2574 3575 ad-

626 3595 896 3663 modum
940 3598 1336 3663 necessarias
1371 3605 1599 3680 potest.
1666 3596 1897 3662 Noluit
1929 3597 2380 3662 scholasticam
2417 3617 2572 3663 con-

628 3683 942 3749 ditionem
986 3682 1351 3762 admittere,
1372 3685 1431 3766 2)
1475 3681 1590 3748 sed
1632 3703 1792 3766 quas
1835 3683 1916 3749 ob
1962 3703 2221 3762 causas,
2279 3682 2572 3747 nondum

625 3769 838 3835 habeo
905 3767 1065 3834 satis
1135 3775 1559 3852 compertum.
1671 3767 1865 3849 Quod
1929 3775 2153 3832 tamen
2217 3789 2350 3834 non
2414 3777 2573 3851 puto

626 3854 770 3920 sine
814 3854 1084 3919 numine
1126 3853 1391 3921 factum.
1491 3854 1664 3918 Nam
1707 3876 1793 3919 ex
1851 3873 1978 3937 quo
2023 3854 2176 3919 hinc
2220 3853 2380 3920 abiit
2426 3852 2569 3919 Goe-

625 3939 830 4022 lo‘us‘)
887 3959 1034 4005 cum
1097 3938 1308 4004 literis
1377 3939 1620 4005 nostris
1685 3937 2262 4018 commendatitiis,
2333 3939 2570 4022 quibus

624 4024 958 4091 hominem
1002 4025 1616 4091 commendabamus
1656 4032 1733 4090 ut
1776 4024 2016 4108 dignus
2060 4023 2417 4102 videbatur,
2464 4045 2570 4091 ac-

625 4111 797 4261 ffit
847 4110 1210 4194 praefectus
1266 4110 1490 4176 literas
1546 4132 1585 4175 a
1640 4120 1903 4187 senatu,
1967 4110 2203 4192 quibus
2266 4118 2572 4176 monetur

779 4196 983 4261 issum
1030 4216 1175 4261 esse
1224 4195 1515 4272 Coelium,
1571 4194 1655 4261 ad
1696 4195 1866 4259 hanc
1910 4195 2350 4261 conditionem
2393 4205 2467 4260 ut
2509 4196 2571 4259 ei

624 4278 893 4346 domum
935 4281 1207 4346 adornet
1262 4289 1331 4346 et
1386 4281 1730 4366 collegium
1787 4282 2073 4346 instruat
2116 4301 2193 4346 ea
2235 4301 2364 4364 qua
2404 4301 2570 4364 opus

624 4373 727 4431 est
765 4366 1227 4449 suppellectile.
1297 4365 1581 4432 Additur
1622 4375 1959 4451 praeterea
2000 4366 2062 4432 ei
2106 4389 2146 4432 a
2190 4373 2422 4432 senatu
2457 4364 2569 4431 de-

622 4459 877 4518 cretum
933 4452 1245 4519 salarium
1291 4457 1418 4518 400
1459 4453 1887 4531 florenorum,
1946 4451 2310 4518 modiorum
2369 4451 2570 4520 tritici

624 4539 685 4617 3,
729 4537 867 4601 vini
910 4558 1223 4603 curruum
1269 4540 1306 4602 2
1353 4545 1467 4603 aut
1511 4542 1567 4603 3.
1649 4539 1818 4604 Puto
1861 4546 1927 4604 et
1967 4539 2278 4621 pecunias
2319 4538 2402 4602 ad
2445 4538 2568 4602 im-

829 4809 891 4876 2)
939 4809 1262 4863 Tun-retinas
1295 4809 1373 4863 ad
1403 4825 1475 4865 m.
1512 4809 1823 4879 Amatam
1857 4829 1901 4865 s.
1942 4809 2298 4879 Septembrem
2331 4811 2566 4877 referen-

623 4880 753 4935 dam
787 4879 931 4933 hanc
964 4879 1200 4933 coniicit.
1255 4878 1448 4949 Neque
1480 4893 1584 4932 nos
1617 4880 1854 4934 certiora
1888 4880 2159 4934 habemus.
2215 4879 2406 4934 Etiam
2465 4896 2569 4935 uae

619 4950 870 5017 proxume
1030 4949 1147 5001 itur
1178 4947 1347 5002 Vin-eti
1393 4948 1461 5001 de
1504 4946 1779 5002 Zebedaeo
1824 4954 1875 5002 et
1924 4947 2103 5003 Coelio
2148 4949 2278 5016 ayit,
2328 4954 2379 5002 et
2422 4897 2568 5004 guno

622 5016 840 5087 quidem
977 5019 1138 5070 vinus
1170 5017 1338 5070 nescit
1371 5016 1485 5069 ian
1519 5017 1580 5070 in
1617 5017 1844 5071 Italiam
1876 5017 2172 5084 profectum
2210 5031 2337 5072 esse.

657 5083 791 5146 424.
833 5085 887 5150 l)
928 5084 1242 5206 Bceswdol
1275 5084 1354 5139 ad
1393 5082 1586 5139 Calvm‘
1588 5085 1614 5137 i
1643 5085 1924 5153 epistolam
1964 5086 2041 5140 N.
2076 5083 2196 5139 421.

826 5151 888 5219 2)
927 5153 995 5207 A„
1064 5152 1169 5208 546
1203 5152 1416 5207 &munt
1448 5169 1646 5209 munus
1680 5153 2052 5209 academicum
2070 5154 2227 5218 adiit,
2264 5160 2426 5209 antea
2453 5155 2569 5209 iam

622 5225 686 5276 ut
720 5220 935 5276 videtur
968 5223 1021 5276 ei
1052 5223 1305 5278 oblatum,

827 5289 889 5357 3)
937 5291 1071 5346 Vide
1107 5291 1181 5347 N.
1216 5289 1339 5346 420.

2167 380 2691 449 EPISTOLAE
2737 384 3077 446 423-426

4500 385 4627 448 444

2679 589 2914 652 pensas
2979 591 3121 634 esse
3185 568 3472 647 additas,
3538 579 3617 634 ut
3668 569 4070 636 commodius
4127 570 4256 635 huc
4309 568 4627 635 familiam

2678 656 3080 720 transferret.
3171 655 3568 737 Priusquam
3600 655 3768 719 mihi
3813 668 3965 720 tuae
4007 655 4236 721 literae
4277 654 4625 721 redderen-

2680 752 2810 820 tur,
2854 741 2986 804 iam
3021 762 3061 805 a
3104 740 3290 805 nobis
3325 740 3725 818 discesserat,
3771 762 3899 825 quo
3942 742 4187 806 factum
4229 751 4329 806 est
4370 749 4447 805 ut
4478 749 4626 807 tuas

2682 827 2742 890 ei
2782 825 3053 890 reddere
3097 848 3223 890 non
3261 826 3535 901 licuerit,
3583 848 3742 910 quas
3786 827 4119 910 resignavi
4162 837 4230 890 et
4270 827 4624 891 asservavi.

2684 909 2877 992 Quod
2933 920 3151 976 autem
3209 912 3457 976 vereris
3514 934 3596 976 ne
3652 934 3721 977 se
3772 914 4142 978 committat
4198 912 4504 995 periculis
4562 921 4629 976 et

2681 997 3124 1080 praeiudiciis,
3189 996 3258 1061 id
3327 997 3498 1062 ultro
3563 997 3857 1064 facturus
3921 1007 4025 1064 est
4084 998 4259 1080 quod
4322 997 4626 1064 consulis.

2682 1084 2837 1148 Non
2879 1084 3056 1146 enim
3100 1082 3393 1148 decrevit
3434 1083 3810 1148 Ferrariam
3855 1086 4229 1168 praeterire.

2856 1166 2990 1233 Sed
3050 1167 3131 1232 de
3185 1167 3289 1232 his
3340 1168 3473 1232 iam
3515 1170 3691 1233 satis.
3780 1169 4005 1235 Redeo
4062 1169 4144 1233 ad
4200 1177 4350 1234 tuas
4402 1168 4630 1235 literas

2684 1265 2754 1318 et
2809 1262 3079 1319 senatus
3136 1254 3525 1320 consultum.
3545 1258 3603 1323 ⁴)
3703 1255 3798 1321 Ut
3849 1255 4137 1338 ingenue
4191 1259 4401 1319 fatear
4452 1253 4629 1338 apud

2683 1351 2748 1405 te
2787 1339 2956 1423 quod
3004 1340 3243 1416 sentio,
3304 1348 3403 1404 est
3438 1338 3614 1422 quod
3666 1339 4027 1406 desiderem
4069 1342 4138 1405 in
4183 1341 4308 1406 hoc
4351 1340 4628 1424 negotio,

2684 1445 2805 1491 nec
2849 1425 3275 1490 dissimulavi.
3374 1424 3457 1489 In
3514 1446 3593 1489 ea
3647 1447 3828 1490 eram
3880 1426 4207 1492 sententia
4262 1434 4337 1492 ut
4388 1425 4631 1492 clarius

2684 1511 3134 1593 eloqueremur
3176 1510 3348 1593 quod
3393 1512 3730 1587 sentimus,
3787 1533 4278 1578 occurreremus
4323 1511 4631 1595 periculis

2684 1606 2751 1661 et
2791 1595 3204 1679 praeiudiciis
3244 1618 3410 1678 quae
3452 1603 3527 1660 tu
3571 1597 3855 1680 colligis:
3899 1597 4012 1662 sed
4058 1597 4204 1662 aliis
4248 1597 4467 1662 visum
4508 1609 4627 1675 est,

2642 1682 2843 1763 .ipsis
2885 1682 3091 1746 literis
3136 1681 3297 1746 haec
3353 1684 3572 1747 omnia
3627 1684 3788 1749 satis
3842 1685 4059 1749 caveri
4113 1694 4178 1747 et
4236 1683 4479 1748 nostris
4522 1703 4629 1749 oo-

2681 1768 2857 1833 curri
2902 1766 3200 1849 querelis.
3267 1768 3419 1833 Non
3455 1770 3764 1850 putabam
3809 1789 3951 1834 esse
3993 1770 4065 1833 in
4107 1777 4439 1833 certamen
4482 1767 4630 1834 des-

2682 1851 3117 1928 cendendum,
3175 1852 3289 1917 sed
3342 1854 3564 1918 minus
3622 1862 3842 1918 tamen
3900 1853 4400 1920 connivendum.
4493 1851 4631 1919 Sed

2683 1940 2738 2003 si
2780 1938 2994 2004 nostri
3037 1939 3161 2003 hac
3204 1939 3274 2003 in
3318 1947 3503 2022 parte
3546 1941 3729 2005 fuere
3772 1940 4124 2018 faciliores,
4184 1962 4268 2005 ne
4313 1949 4502 2022 putes
4546 1940 4629 2005 ab

2683 2023 2829 2088 aliis
2871 2023 3043 2088 hanc
3095 2025 3360 2106 pensari
3415 2024 3795 2090 facilitatem
3851 2026 4096 2090 maiore
4150 2045 4325 2090 cura.
4416 2025 4630 2090 Video

2683 2119 2751 2175 et
2793 2107 2985 2174 audio
3031 2109 3178 2174 aliis
3234 2110 3469 2175 melius
3524 2130 3667 2175 esse
3716 2112 4149 2188 satisfactum,
4208 2132 4327 2176 nec
4383 2111 4629 2177 consti-

2682 2196 2885 2260 tuisse
2929 2193 3105 2259 aliud
3141 2195 3474 2278 quidpiam
3509 2216 3651 2261 esse
3686 2196 4227 2279 respondendum.
4294 2196 4400 2262 Ad
4437 2217 4631 2279 prae-

2682 2283 2884 2346 fixam
2950 2279 3120 2345 diem
3187 2280 3509 2346 Albonam
3527 2282 3587 2364 ὅ)
3653 2303 3757 2347 me
3822 2284 4102 2358 contuli,
4171 2282 4286 2348 sed
4350 2282 4630 2347 aliarum

2682 2366 2961 2431 duarum
2983 2366 3286 2432 classium
3309 2367 3362 2444 ⁶)
3396 2387 3591 2432 nemo
3628 2365 3850 2432 adfuit.
3919 2368 4249 2434 Gausatur
4284 2367 4631 2432 adversam

2682 2461 3140 2534 tempestatem
3167 2451 3494 2518 furiatas,
3518 2458 3540 2494 ⁷
3552 2469 3572 2526 )
3628 2453 3807 2534 Quid
3831 2453 4154 2520 Gaienses
4192 2451 4626 2537 impediverit,

2680 2558 2787 2601 me
2824 2537 2998 2602 latet.
3089 2536 3279 2603 Dabo
3302 2558 3567 2620 operam
3591 2550 3666 2603 ut
3698 2541 3939 2604 nostris
3973 2539 4056 2604 ad
4079 2548 4383 2604 senatum
4419 2538 4631 2604 literis

2683 2622 3154 2705 respondeatur
3211 2643 3407 2705 quam
3461 2625 3605 2688 fieri
3658 2626 3902 2705 poterit
3945 2626 4316 2701 mitissime,
4374 2624 4488 2690 sed
4532 2625 4632 2689 ita

2682 2717 2758 2772 ut
2808 2728 2943 2773 non
2996 2708 3258 2792 penitus
3324 2709 3495 2773 male
3565 2710 3942 2775 consulatur
4005 2722 4268 2775 nostrae
4323 2709 4630 2774 libertati.

2683 2792 2954 2877 Colligis
2997 2793 3209 2859 multa
3243 2792 3668 2874 incommoda,
3713 2815 3879 2877 quae
3913 2796 4173 2860 tametsi
4211 2796 4367 2861 satis
4401 2805 4631 2878 aperte

2680 2879 2835 2945 inde
2900 2882 3206 2962 consequi
3272 2878 3652 2959 videantur,
3720 2900 3852 2945 non
3916 2881 4200 2946 arbitror
4262 2893 4484 2946 tamen
4548 2901 4629 2947 eo

2681 2971 2972 3046 spectare
3016 2973 3292 3031 autores.
3384 2964 3527 3029 Toti
3584 2984 3661 3030 eo
3717 2966 4069 3049 rapiuntur
4123 2977 4199 3032 ut
4254 2967 4629 3051 papismum

2681 3059 2749 3115 et
2808 3049 3361 3116 lutheranismum
3415 3049 3871 3136 excludant,⁸)
3938 3073 4131 3135 quam
4196 3073 4463 3119 causam
4528 3052 4631 3118 ita

2682 3146 2891 3220 agunt
2931 3145 3009 3200 ut
3047 3135 3470 3219 praecludere
3523 3136 3702 3201 viam
3755 3137 3839 3201 ad
3897 3157 4157 3203 omnem
4211 3137 4631 3221 disciplinam

2681 3221 3178 3287 ecclesiasticam
3223 3222 3595 3298 videantur,
3655 3224 3953 3304 quamvis
4006 3237 4182 3289 certo
4226 3224 4430 3289 sciam
4475 3223 4628 3307 plu-

2679 3308 2880 3372 rimos
2926 3328 3069 3372 esse
3128 3328 3212 3371 ex
3265 3328 3490 3372 eorum
3541 3328 3846 3385 numero,
3906 3310 4018 3391 qui
4076 3332 4207 3374 non
4261 3317 4630 3392 postremas

2682 3403 2900 3475 partes
2942 3394 3013 3456 in
3047 3392 3172 3458 hac
3206 3394 3649 3458 controversia
3681 3402 4052 3472 tenuerunt,
4097 3396 4210 3478 qui
4251 3415 4439 3461 secus
4474 3416 4625 3460 sen-

2681 3480 2864 3541 tiant.
2952 3478 3121 3543 Nam
3177 3499 3378 3559 quum
3455 3478 3535 3542 de
3589 3479 3735 3543 aliis
3794 3481 4181 3562 quibusdam
4244 3480 4482 3547 ritibus
4545 3502 4629 3547 ac

2679 3564 3062 3646 praesertim
3140 3565 3808 3630 excommunicatione
3881 3566 4047 3630 nihil
4112 3578 4331 3631 actum
4401 3567 4488 3632 sit
4550 3568 4628 3631 in

2678 3648 3134 3732 disputatione,
3153 3648 3209 3734 ⁹)
3253 3671 3339 3714 ne
3384 3661 3571 3731 putes
3606 3671 3715 3715 eos
3760 3659 3895 3716 tam
3931 3652 4061 3716 late
4102 3654 4388 3718 voluisse
4428 3673 4627 3718 suum

2676 3734 2962 3800 edictum
3006 3734 3376 3809 extendere,
3423 3756 3631 3816 neque
3673 3738 3893 3801 minus
3935 3758 4135 3820 penes
4172 3760 4291 3802 nos
4333 3740 4474 3803 cius
4516 3737 4627 3802 in·

2675 3821 3208 3902 terpretationem
3252 3843 3451 3903 quam
3494 3822 3666 3903 ipsos
3702 3835 3961 3886 autores
3994 3822 4282 3887 futuram
4322 3824 4623 3889 arbitror.

2677 3903 2868 3986 Quod
2913 3906 2969 3969 si
3012 3904 3429 3988 tyrannidem
3465 3926 3768 3972 exercere
3810 3907 4035 3987 velint,
4083 3919 4387 3990 poterunt
4422 3910 4627 3974 etiam

2674 3994 2816 4056 sine
2857 3990 2989 4056 ullo
3024 4012 3143 4055 suo
3178 3991 3417 4056 edicto:
3463 3991 3577 4056 sed
3614 3991 3800 4059 video
3834 3992 4024 4059 aliter
4058 3996 4347 4072 affectos,
4392 4014 4625 4078 quam-

2675 4078 2777 4141 vis
2819 4097 2939 4141 nos
2984 4097 3113 4140 non
3157 4084 3454 4159 oporteat
3506 4076 3700 4143 nimis
3744 4100 3886 4144 esse
3926 4101 4188 4146 securos
4231 4093 4300 4144 et
4342 4083 4623 4163 posteri-

2675 4162 2832 4227 tatis
2893 4162 3316 4245 negligentes.
3416 4162 3653 4242 Porro,
3709 4162 3880 4247 quod
3937 4167 4166 4232 scribis
4219 4187 4340 4231 nos
4392 4167 4625 4249 ignota

2674 4247 3057 4329 approbare,
3120 4269 3350 4313 verum
3405 4269 3565 4314 sane
3613 4261 3787 4315 esset
3842 4250 3897 4314 si
3940 4251 4299 4317 Beruensis
4356 4261 4621 4317 tantum

2673 4331 3022 4416 disputatio
3066 4341 3558 4417 proponeretur,
3604 4334 3719 4401 sed
3765 4335 3919 4402 huic
3957 4337 4500 4403 Lausannensem
4523 4339 4617 4416 ¹⁰)

2874 4606 2936 4672 4)
2975 4607 3027 4660 d.
3062 4605 3146 4660 22.
3186 4606 3427 4676 Aufusti
3453 4609 3676 4676 factumn,
3712 4623 3824 4663 non
3859 4606 3943 4674 15,
3977 4614 4045 4663 ut
4080 4608 4341 4665 St'rnlerus
4374 4612 4545 4668 habet.

2876 4674 2936 4739 5)
2982 4678 3260 4740 Aubonne,
3294 4691 3468 4743 prope
3496 4677 3715 4745 Moryes
3730 4682 3783 4730 et
3803 4675 3959 4731 Rolle
3974 4679 4037 4732 in
4054 4679 4258 4744 finibus
4272 4681 4615 4735 Vadeneinm.

2877 4745 2938 4808 6)
2984 4743 3263 4813 Quaenam
3299 4747 3472 4799 altera
3516 4746 3688 4810 fuerit
3727 4752 3945 4813 praeter
3985 4746 4291 4820 Gaiensem,
4334 4765 4447 4804 non
4491 4764 4618 4804 con·

2672 4818 2797 4866 stat.
2869 4813 2942 4865 In
2978 4820 3087 4867 toto
3129 4815 3357 4880 ficerunt
3401 4827 3430 4865 s
3517 4829 3597 4867 em
3619 4836 3634 4863 .·
3682 4813 3999 4876 Lausanne,
4053 4817 4287 4885 Moryes,
4342 4815 4613 4886 Yverdon,

2679 4881 2937 4951 Payerne,
2982 4880 3137 4947 Orbe,
3178 4881 3297 4935 θαι·
3332 4887 3384 4935 et
3542 4898 3670 4936 non.

2875 4947 2936 5016 7)
2976 4949 3108 5006 God.
3148 4951 3245 5004 116
3279 4951 3463 5005 habet.-
3495 4952 3753 5004 Perratus
3787 4950 3944 5019 (Ger.
3984 4953 4251 5008 Parim
4295 4953 4544 5023 Tenon).

4212 5040 4236 5077 ι
4278 5040 4341 5078 m
4396 5021 4613 5080 Galum

2874 5017 2937 5086 8)
2982 5020 3155 5074 Talem
3206 5019 3349 5073 enim
3394 5033 3507 5072 esse
3547 5034 3732 5073 eorum
3779 5016 4088 5091 reliqioaeiem

4197 5091 4424 5162 ‘nqliani
4451 5108 4609 5162 prae·

2673 5085 2757 5140 vel
2773 5086 2981 5142 Bucen·
3010 5088 3331 5143 senientiam
3366 5085 3721 5152 inclinabant,
3757 5090 4069 5147 αᾱυετεαηῖ

2670 5155 3248 5290 ‘mm‘iff'smsc
3279 5240 3332 5279 a.
3374 5222 3518 5277 1527.

2846 5293 2934 5360 10)
2970 5293 3173 5347 menst’s
3212 5290 3459 5349 Octobris
3498 5292 3645 5350 1536.
