5050 6167
411 415 487 478 37
2214 422 2373 481 1540
2417 419 2614 484 MAI.
4347 442 4434 505 33

404 602 787 668 mavissime
850 603 1072 669 frater.
1184 600 1517 668 Dominus
1582 613 1647 667 te
1726 601 1915 668 nobis
1993 613 2355 671 conservet.

404 690 756 771 Argentor.
810 692 905 754 19.
952 688 1135 754 Maii.

1639 823 1960 892 calvinus
2006 835 2183 892 tuus.

1304 1273 1455 1342 218.

886 1409 1358 1478 GALVINUS
1402 1409 1866 1476 FARELLO.

579 1583 864 1648 Genevae
900 1604 1004 1648 res
1048 1585 1117 1647 in
1159 1583 1386 1648 melius
1428 1586 1585 1648 verti
1624 1584 1869 1666 pandet,
1914 1580 2112 1646 multa
2155 1584 2359 1645 tamen

395 1669 602 1735 adhuc
623 1689 752 1734 esse
794 1668 1080 1749 affirmat
1121 1690 1282 1752 quae
1323 1669 1628 1733 desideret
1662 1669 1916 1749 aliquia
1962 1672 2016 1731 et
2052 1688 2095 1731 a
2127 1668 2357 1744 reditu,

392 1757 676 1821 maxime
718 1756 778 1820 si
803 1754 1139 1819 ‘Farellum
1172 1755 1364 1820 simzd
1396 1775 1680 1820 revocare
1713 1758 2008 1829 recusent,
2053 1772 2121 1816 se
2156 1772 2355 1832 usque

394 1842 749 1907 abhorrere.
843 1842 1001 1922 Quis
1058 1843 1264 1906 exitus
1313 1841 1509 1922 fuerit
1564 1846 1890 1906 conventus
1953 1838 2358 1904 smalcaldici

390 1933 447 1994 et
488 1927 705 2009 qualis
736 1930 935 1991 status
968 1947 1181 1991 rerum
1214 1932 1496 2008 respectu
1527 1926 1921 2007 publicorum
1954 1925 2352 2007 nepotiorum.

392 2014 959 2096 Argentoratensia
1016 2033 1211 2093 porro
1274 2013 1556 2093 explieat,
1623 2011 1944 2094 speciatim
2000 2031 2120 2092 quo
2178 2010 2354 2074 modo

390 2101 534 2182 ipse
590 2119 812 2164 coenae
860 2098 1260 2164 celebrandae
1316 2098 1749 2180 confessionem
1818 2096 2131 2177 aliquam,
2198 2116 2355 2161 sane

389 2206 525 2251 non
554 2187 956 2268 papisticam,
988 2186 1390 2265 praemittere
1428 2184 1779 2262 instituerit,
1822 2187 1989 2248 caett.

388 2357 513 2438 [Ex
548 2355 887 2436 autographo
924 2355 1053 2408 Ood.
1093 2351 1297 2408 Genev.
1334 2353 1450 2416 106,
1498 2354 1591 2407 fol.
1628 2353 1712 2416 39,
1750 2355 1871 2408 0011.
1918 2371 2039 2407 0818
2077 2354 2352 2446 exempla·

386 2429 549 2479 ribus
584 2427 980 2479 recentioribus
1015 2425 1144 2477 Cod.
1186 2424 1390 2477 Genev.
1433 2422 1550 2490 111,
1586 2423 1680 2477 fol.
1699 2422 1783 2486 33,
1821 2424 2168 2476 Arch.Bern.
2212 2423 2298 2491 Ep
2341 2462 2354 2475 .

388 2495 516 2550 vu.
552 2513 606 2564 p.
641 2493 762 2560 352,
803 2494 1017 2548 simler.
1057 2493 1181 2546 vol.
1216 2492 1303 2546 48.
1342 2521 1404 2532 -—
1444 2495 1531 2546 An
1569 2492 1670 2546 lice
1707 2492 1905 2560 legitur
1956 2493 1991 2545 l.
2028 2493 2063 2545 l.
2112 2493 2264 2546 Tom.
2300 2441 2355 2545 11.

880 2580 935 2632 p.
974 2560 1089 2615 154.
1144 2563 1437 2631 Inscriptio
1472 2580 1545 2615 nu
1657 2561 1856 2626 adest.)

569 2751 767 2834 Quod
798 2752 918 2817 tibi
954 2773 1168 2836 nuper
1201 2752 1456 2816 fueram
1489 2750 1837 2833 pollicitus,
1882 2769 1990 2814 me
2034 2748 2116 2813 de
2160 2749 2354 2816 rebus

384 2838 703 2906 omnibus
758 2838 1015 2922 prolixe
1074 2837 1189 2902 tibi
1256 2837 1689 2920 scripturum,
1750 2836 1822 2900 in
1885 2857 1961 2901 eo
2028 2843 2104 2898 ut
2156 2834 2355 2900 fidem

384 2946 613 2990 meam
658 2924 879 3008 aliqua
922 2924 1157 2989 saltem
1200 2945 1287 2988 ex
1330 2930 1512 3004 parte
1557 2922 1847 3000 liberem,
1909 2931 2123 2986 totum
2176 2920 2355 2988 hunc

388 3010 575 3077 diem
620 3010 743 3076 tibi
808 3010 1153 3076 destinavi.
1266 3007 1558 3074 Habebis
1614 3008 1819 3092 igitur
1871 3006 2101 3089 plenas
2159 3015 2354 3090 atque

382 3097 801 3181 ponderosas
834 3097 1080 3174 literas,
1122 3096 1255 3161 nisi
1287 3115 1419 3178 qua
1440 3096 1607 3159 forte
1628 3094 1895 3176 negotia
1916 3115 1998 3158 ex
2019 3094 2353 3174 insperato

382 3204 499 3249 me
560 3183 1087 3266 interpellabunt.
1174 3181 1283 3248 De
1338 3189 1516 3246 statu
1572 3180 1879 3246 ecclesiae
1936 3179 2352 3245 Genevensis

384 3270 606 3335 fusius
648 3289 869 3334 coram
906 3268 1302 3334 disseremus
1335 3267 1451 3333 ubi
1484 3266 1617 3332 huc
1651 3266 1938 3332 veneris:
1984 3264 2149 3329 mihi
2193 3286 2353 3330 sane

384 3354 846 3438 periucundus
867 3356 992 3420 fuit
1013 3354 1124 3420 1118
1154 3354 1456 3432 nuncius,
1492 3373 1698 3435 quum
1732 3351 2027 3416 audirem
2060 3349 2352 3433 qualem-

384 3462 653 3522 cunque
697 3442 898 3506 finem
941 3439 1283 3507 discordiis
1324 3459 1400 3503 ac
1443 3438 1967 3504 contentionibus
2025 3458 2168 3502 esse
2225 3438 2350 3502 im·

384 3529 701 3610 positum.
825 3526 1012 3592 Nihil
1089 3527 1266 3591 enim
1329 3525 1483 3591 boni
1544 3521 1625 3589 de
1695 3524 1938 3589 misera
2007 3522 2124 3587 illa
2187 3522 2351 3588 urbe

384 3614 649 3696 sperari
707 3633 895 3695 posse
960 3633 1221 3695 semper
1282 3611 1545 3694 putavi,
1614 3609 1927 3692 quamdiu
1990 3608 2103 3673 illo
2168 3608 2351 3673 fatali

384 3699 569 3764 malo
614 3697 956 3763 laboraret.
1048 3699 1337 3762 Tantum
1383 3705 1679 3779 optarem
1722 3696 1794 3759 in
1836 3694 2128 3760 Domino
2172 3695 2350 3776 ipsos

384 3784 743 3852 coaluisse:
789 3805 962 3860 nam,
1008 3781 1558 3866 quemadmodum
1595 3791 1669 3846 18
1704 3802 1958 3864 (1801188
1994 3778 2173 3858 dicis,
2220 3780 2349 3844 nisi

384 3870 736 3937 vinculum
760 3878 1022 3935 8081188
1044 3869 1492 3936 consensionis
1528 3870 1618 3933 sit
1640 3866 1965 3944 Christus,
2003 3866 2349 3932 maledicta

384 3959 540 4022 erit.
640 3955 981 4037 Quorsum
1024 3957 1205 4020 enim
1246 3956 1543 4037 proficiet
1581 3963 1768 4019 extra
1811 3953 2154 4019 Christum
2198 3973 2346 4018 con-

379 4045 659 4126 spirare,
722 4063 922 4125 quum
980 4040 1321 4106 audiamus
1379 4040 1768 4123 dissipatum
1808 4038 1912 4102 ·iri
1967 4060 2006 4102 a
2057 4037 2346 4103 Domino

378 4148 623 4194 omnes
666 4125 985 4193 eiusmodi
1030 4129 1540 4211 syncretismos?
1636 4127 1785 4210 Ego
1840 4146 1996 4190 vero
2053 4122 2347 4189 nondum

379 4215 583 4280 video
648 4214 794 4278 11108
857 4214 930 4278 18
993 4214 1357 4279 Dominum
1421 4213 1744 4295 respicere
1807 4217 1885 4276 81
1948 4217 2345 4294 oportuerat,

382 4297 717 4384 siquidem
782 4321 904 4365 nec
967 4299 1127 4382 quid
1192 4300 1448 4382 egerint
1501 4299 1660 4363 satis
1715 4297 2022 4380 cogitant,
2087 4316 2208 4361 nec
2263 4295 2347 4361 ad

382 4385 857 4470 corrigendum
889 4385 955 4450 id
991 4383 1414 4467 1118818418οὀ
1448 4391 1801 4466 1180081881
1843 4383 2095 4448 8811808
2138 4382 2348 4466 appli-

384 4480 568 4540 cant.
658 4471 1041 4536 Periculum
1083 4491 1239 4554 ergo
1281 4478 1385 4535 881
1425 4491 1510 4535 88
1553 4469 1679 4536 1180
1713 4490 1836 4534 888
1870 4470 2049 4534 inter
2077 4490 2148 4535 se
2181 4468 2351 4533 inita

384 4557 922 4624 reconciliatione
950 4557 997 4641 ¹)
1059 4556 1258 4622 nimis
1316 4557 1562 4634 securi,
1628 4554 1709 4619 de
1772 4554 2072 4620 facienda
2126 4562 2349 4619 autem

387 4665 549 4711 01118
608 4642 897 4708 Domino
959 4661 1119 4724 pace
1182 4663 1418 4725 parum
1480 4640 1737 4706 solliciti
1754 4690 1769 4716 ,
1831 4640 2019 4705 luant
2081 4639 2351 4706 tandem

388 4749 636 4815 graves
695 4750 936 4811 poenas
991 4728 1190 4794 huius
1246 4727 1630 4794 securitatis.
1720 4726 2029 4805 Proinde,
2087 4728 2350 4793 tametsi

390 4816 704 4882 nonnihil
758 4816 1193 4897 resipuerunt,
1247 4833 1455 4896 quum
1509 4833 1591 4877 ex
1648 4813 1850 4879 tantis
1904 4811 2349 4879 simultatibus

390 4902 737 4968 redierunt
778 4901 975 4966 simul
1017 4901 1091 4965 in
1133 4900 1433 4984 gratiam,
1493 4920 1627 4963 11011
1685 4908 1904 4964 181888
1947 4898 2161 4964 adhuc
2205 4920 2349 4964 eam

392 4997 693 5053 mentem
734 4986 1095 5052 induerunt
1182 5006 1301 5051 uae
1341 4982 1625 5068 optanda
1664 4983 1797 5050 illis
1837 4991 2027 5049 88881.
2097 4985 2352 5050 Verum

394 5080 502 5139 881
562 5073 632 5138 111
699 5071 943 5156 aliquid
1008 5093 1138 5156 quo
1248 5078 1603 5155 coeperunt
1665 5091 1809 5136 esse
1871 5065 2352 5154 aliquantulum

398 5159 747 5236 sanabiles,
795 5158 1053 5224 etiamsi
1094 5158 1386 5224 nondum
1431 5156 1699 5222 sanitati
1744 5156 1880 5221 sint
1922 5156 2227 5222 restituti.

450 5347 583 5408 218.
621 5347 679 5410 l)
714 5347 781 5400 in
813 5346 1025 5400 80181181·
1059 5345 1266 5399 civ-’um
1299 5350 1570 5399 mom
1608 5343 1722 5398 Cal.
1760 5343 1927 5398 Febr.
1962 5346 2307 5411 commate.

2515 694 2530 707 ο
2576 693 2590 706 ο
2637 608 2742 674 De
2792 611 3357 680 concionatoribus
3393 616 3689 681 nondum
3723 618 3934 684 audeo
3969 624 4429 705 pronunciare,

2464 714 2596 759 ms1
2659 694 2833 776 quod
2898 718 3161 780 semper
3226 699 3435 765 multa
3498 703 3569 767 in
3633 702 3766 770 illis
3831 704 4144 773 desidero.
4253 709 4430 777 Nam

2463 778 2636 860 quod
2681 802 2896 879 meam
2951 782 3036 847 ad
3091 783 3451 851 Sadoletum
3503 790 4010 870 responsionem,
4069 815 4236 875 quae
4289 795 4425 864 illic

2464 863 2882 967 est-editass)
2929 889 3047 950 pro
3091 881 3482 954 argumento
3526 875 3765 956 accipis
3811 876 4013 941 animi
4049 900 4180 944 non
4215 881 4426 946 male—

2464 951 2617 1029 voli,
2663 974 2731 1016 in
2776 973 2853 1018 80
2897 953 3162 1033 falleris,
3216 956 3270 1019 si
3326 958 3487 1022 mihi
3547 980 3778 1024 verum
3832 964 4236 1045 seripserunt
4292 967 4425 1034 ulii.

2462 1035 2858 1102 Indicarunt
2893 1040 3070 1103 enim
3117 1041 3441 1108 restitisse
3457 1043 3512 1128 3)
3557 1045 3769 1126 quoad
3814 1045 3884 1110 in
3930 1070 4000 1113 sc
4043 1049 4185 1127 fuit,
4231 1073 4425 1117 8888-

2464 1131 2606 1186 1818
2652 1144 2808 1189 vero
2851 1124 3080 1189 invitis
3125 1126 3256 1193 illis
3300 1131 3715 1195 concessisse.
3821 1130 4216 1216 Quanquam
4259 1136 4427 1203 illud

2462 1228 2696 1291 parum
2744 1231 2849 1274 me
2892 1212 3124 1276 afficit:
3173 1213 3365 1278 modo
3410 1236 3483 1280 se
3525 1216 3594 1280 in
3639 1217 3849 1281 officio
3887 1240 4004 1283 suo
4039 1220 4134 1284 ita
4167 1231 4424 1305 gerant,

2464 1305 2543 1358 ut
2586 1293 2750 1392 mihi
2794 1304 2860 1360 et
2902 1296 3048 1362 aliis
3102 1301 3354 1380 possint
3409 1302 3814 1367 occasionem
3868 1324 4127 1369 omnem
4184 1306 4424 1391 agendi

2462 1399 2858 1480 praeripere.
2950 1381 3523 1462 Quemadmodum
3583 1388 3759 1452 enim
3801 1409 3949 1454 mea
3990 1391 4158 1455 nihil
4202 1395 4423 1474 refert,

2462 1475 2557 1529 118
2599 1486 2873 1532 1111811118
2917 1489 3072 1532 0810
3109 1491 3227 1552 per
3261 1493 3455 1553 (1110111
3492 1481 3726 1556 agatur
3761 1476 4095 1557 negotium
4130 1478 4423 1560 Domini,

2463 1550 2658 1615 modo
2725 1551 2892 1618 bene
2956 1563 3212 1636 agatur.
3314 1555 3448 1622 Sed
3502 1558 3574 1622 in
3630 1558 3754 1624 hoc
3807 1560 4054 1626 scilicet
4106 1562 4428 1632 falluntur

2463 1636 2637 1718 quod
2661 1639 2804 1737 sine
2825 1638 3038 1703 alieno
3066 1640 3314 1705 auxilio
3350 1644 3649 1709 sufficere
3684 1666 3754 1710 se
3789 1666 3982 1727 110880
4018 1648 4422 1731 existimant,

2462 1743 2664 1804 quum
2734 1746 2846 1788 vix
2913 1724 2996 1789 ad
3076 1725 3421 1792 dimidium
3486 1731 3772 1811 spatium
3836 1736 4222 1814 perventuri
4288 1737 4427 1803 sint

2462 1809 2721 1873 etiamsi
2757 1829 2796 1873 a
2830 1809 3058 1876 multis
3093 1811 3510 1879 adiuventur.
3587 1814 3780 1896 Quod
3815 1838 4074 1900 semper
4109 1819 4270 1900 dico,
4316 1843 4426 1889 me

2462 1894 2546 1958 ad
2584 1895 2795 1958 solum
2831 1896 3263 1962 revocationis
3297 1898 3592 1964 auditum
3628 1901 4003 1981 exhorrere,
4049 1906 4118 1968 in
4155 1927 4231 1971 eo
4273 1906 4424 1989 plus

2462 1980 2626 2044 88118
2670 2002 2908 2047 088888
2949 2003 3055 2047 me
3100 1982 3342 2048 habere
3385 1987 3575 2050 110811.
3665 1988 3893 2069 Neque
3930 2010 4084 2054 vero
4118 1989 4283 2056 illud
4314 2013 4425 2059 me

2461 2064 2676 2130 solum
2701 2077 2906 2131 terret
2926 2067 3098 2149 quod
3125 2079 3190 2132 te
3212 2069 3636 2151 pertinaciter
3672 2083 4007 2139 recusant:
4044 2097 4424 2160 quanquam

2461 2152 2672 2216 fateor
2713 2153 2880 2216 mihi
2925 2175 3256 2218 summum
3300 2176 3459 2221 esse.
3565 2155 3699 2222 Sed
3741 2159 3951 2223 multa
3996 2182 4251 2244 quoque
4294 2163 4425 2230 alia

2461 2245 2619 2301 sunt
2661 2258 2828 2320 quae
2874 2258 2995 2304 nec
3038 2260 3549 2307 commemorare
3600 2263 3869 2309 necesse
3911 2254 4030 2324 est,
4076 2259 4144 2311 81
4185 2248 4422 2316 melius

2459 2323 2533 2387 in
2592 2332 2780 2387 tuum
2837 2324 3196 2390 adventum
3252 2326 3656 2392 differentur.
3747 2327 3897 2409 Quo
3954 2330 4212 2414 longius
4268 2354 4421 2416 pro·

2459 2406 2740 2491 gredior,
2793 2431 2869 2474 eo
2913 2410 3156 2477 clarius
3201 2413 3527 2493 conspicio
3570 2435 3607 2478 8
3650 2435 3780 2495 (1110
3824 2418 4084 2499 gurgite
4131 2439 4235 2483 me
4277 2420 4421 2485 Do-

2460 2496 2683 2560 minus
2703 2495 3012 2561 liberarit.
3300 2497 3501 2562 Hune
3524 2499 3772 2563 exitum
3797 2500 4027 2566 habuit
4048 2505 4422 2587 principum

2461 2589 2528 2645 et
2562 2582 2909 2646 civitatum
2945 2590 3326 2648 conventus.
3345 2586 3400 2661 ⁴)
3484 2583 3705 2664 Quum
3729 2606 3800 2650 88
3824 2584 3906 2650 ad
3930 2607 4156 2654 omnes
4180 2610 4422 2672 aequas

2459 2665 2867 2732 conditiones
2911 2667 3318 2746 obtulissent,
3377 2670 3567 2734 modo
3633 2669 3870 2736 Caesar
3913 2673 4118 2738 totius
4161 2675 4422 2758 imperii

2460 2750 2790 2834 synodum
2832 2763 3240 2831 convocaret,
3301 2755 3682 2839 ambiguum
3725 2777 4109 2839 responsum
4154 2780 4420 2843 accepe-

2461 2845 2636 2903 runt.
2653 2837 2711 2923 ὁ)
2789 2837 3072 2904 Interim
3120 2838 3357 2905 Caesar
3401 2841 3481 2906 ab
3519 2841 3913 2907 adversariis
3957 2844 4267 2929 intelligit
4309 2868 4421 2914 808

2462 2946 2546 2988 88
2592 2923 2722 3006 11110
2768 2922 3028 3006 quidem
3074 2945 3373 2990 cessuros
3419 2927 3763 3006 sententia,
3818 2928 3935 2993 sed
3979 2937 4234 2997 tentare
4277 2933 4420 2998 vias

2460 3031 2687 3075 omnes
2731 3009 2965 3092 quibus
3010 3010 3172 3074 alios
3210 3011 3278 3075 in
3313 3025 3534 3093 partes
3573 3033 3727 3077 suas
3762 3015 4165 3096 pertrahant.
4234 3018 4417 3101 Ergo

2461 3097 2779 3160 rationem
2824 3096 3154 3179 excogitat
3210 3118 3338 3178 qua
3381 3100 3676 3180 utrisque
3721 3099 4097 3178 satisfaciat,
4144 3104 4421 3185 papistis

2458 3181 2707 3248 scilicet
2749 3204 2824 3248 ac
2869 3183 3129 3246 nostris.
3222 3183 3558 3268 Subornat
3615 3184 4108 3251 Granvillanum
4162 3189 4420 3255 cancel-

2457 3268 2698 3332 larium
2745 3276 2813 3333 et
2855 3266 3017 3332 duos
3071 3268 3341 3332 comites
3361 3271 3417 3349 6)
3475 3268 3588 3350 (181
3644 3290 3786 3335 8888
3841 3280 4156 3354 tanquam
4215 3275 4419 3342 inter-

2456 3373 2747 3419 cessores
2792 3355 3117 3437 ingerant,
3185 3374 3262 3418 ac
3306 3363 3680 3419 nostrorum
3728 3356 3977 3421 animos
4022 3366 4416 3440 pertentent,

2457 3461 2588 3523 (180
2643 3441 2901 3522 possint
2947 3439 3186 3504 melius
3233 3437 3495 3506 Caesari
3552 3441 3882 3523 explicare
3939 3451 4008 3508 et
4063 3445 4420 3527 impetrare

2457 3524 2631 3609 quod
2693 3547 2973 3609 aequum
3039 3525 3185 3590 erit.
3303 3524 3380 3591 Si
3447 3533 3656 3590 artem
3723 3527 4016 3592 nondum
4081 3530 4416 3615 intelligis,

2456 3613 2665 3677 nostri
2689 3619 3089 3679 conventum
3117 3612 3242 3677 sibi
3278 3612 3671 3693 promissum
3708 3633 3963 3678 summa
3999 3617 4415 3684 contentione

2457 3699 2813 3782 urgebant:
2872 3699 3168 3781 1181118188
3223 3696 3430 3761 811818
3472 3718 3556 3761 ex
3599 3707 3785 3780 parte
3829 3699 4176 3765 classicum
4218 3723 4412 3769 cane·

2453 3784 2632 3861 bant,
2697 3805 2838 3849 rem
2903 3784 3244 3866 indignam
3308 3805 3451 3847 esse
3516 3782 3963 3862 clamitantes,
4033 3795 4108 3851 ut
4179 3786 4414 3854 Caesar

2453 3868 2700 3935 diutius
2756 3879 3126 3934 nostrorum
3183 3869 3760 3954 tergiversationes
3816 3871 4033 3935 ferret.
4132 3872 4273 3948 Ille,
4339 3883 4413 3939 ut

2454 3978 2632 4022 nunc
2698 3976 2803 4021 res
2859 3955 3001 4020 eius
3067 3953 3419 4038 impeditae
3485 3963 3668 4032 sunt,
3737 3957 3890 4037 quia
3953 3977 4163 4039 neque
4228 3980 4413 4026 arma

2452 4062 2720 4108 movere
2764 4041 2980 4118 audet,
3033 4061 3153 4105 nec
3198 4038 3526 4125 synodum
3570 4040 3798 4105 haberi
3843 4061 4034 4123 posse
4079 4044 4413 4109 existimat

2452 4128 2596 4193 sine
2638 4128 3062 4193 concussione
3105 4126 3308 4190 totius
3368 4126 3789 4204 Germaniae,
3847 4128 4253 4210 papistarum
4306 4130 4410 4194 fu-

2451 4235 2670 4279 rorem
2705 4212 2997 4277 retardat
3031 4233 3233 4293 quum
3270 4211 3429 4276 dicit
3472 4232 3542 4276 88
3579 4211 3746 4276 velle
3783 4211 4100 4295 dispicere
4137 4235 4220 4278 ne
4255 4214 4412 4296 quid

2453 4311 2701 4366 temere
2745 4321 2820 4364 ac
2863 4297 3326 4379 intempestive
3385 4295 3641 4380 agendo
3696 4318 3844 4361 eum
3890 4320 4144 4380 quoque
4188 4321 4411 4366 secum

2452 4386 2626 4452 bello
2659 4383 3015 4468 implicent,
3053 4393 3121 4448 et
3154 4382 3396 4449 nostris
3435 4382 3600 4447 nihil
3637 4383 3948 4448 coneedit.
4014 4383 4411 4468 Quanquam

2454 4480 2676 4537 autem
2720 4470 3033 4538 videbant
3066 4489 3137 4533 88
3172 4467 3297 4532 hac
3331 4468 3749 4534 simulat-ione
3784 4468 3939 4546 ludi,
3987 4470 4154 4534 nihil
4188 4479 4412 4538 tamen

2455 4557 2628 4643 quod
2688 4558 2771 4624 ad
2824 4575 3052 4639 pacem
3108 4553 3782 4636 tranquillitatemque
3835 4554 4142 4621 eeclesiae
4196 4557 4411 4624 facere

2455 4644 2796 4712 videretur
2858 4639 3295 4707 recusandum
3359 4649 3777 4705 censuerunt.
3887 4641 4411 4725 Responsionem

2453 4752 2612 4816 ergo
2655 4728 3187 4809 conscripserunt
3236 4725 3689 4804 Granvellam,
3749 4747 3832 4789 ex
3889 4748 4019 4809 qua
4076 4727 4409 4813 intelliges

2453 4817 2611 4901 quid
2654 4817 2940 4881 habeant
2983 4811 3205 4877 animi.
3297 4810 3627 4891 Quoniam
3680 4808 3920 4877 caesar
3963 4834 4085 4880 nec
4127 4813 4410 4880 latinam

2609 4968 2868 4976 —--.—-—-—

2663 5067 2724 5128 2)
2769 5067 2834 5120 V.
2874 5067 3125 5136 Prolcyy.
3160 5073 3356 5122 nostra
3399 5068 3457 5120 T.
3503 5066 3569 5119 V.
3605 5084 3659 5134 p.
3697 5067 3764 5120 45
3797 5083 3907 5135 seq.

2666 5135 2724 5200 3)
2765 5137 2883 5189 that.
2921 5138 3013 5189 the
3051 5139 3340 5217 111-88011818
3381 5138 3500 5188 who
3536 5136 3776 5204 opposed
3813 5138 3858 5189 it
3893 5136 4048 5188 made
4083 5137 4326 5193 amends.

2665 5205 2728 5274 4)
2763 5205 3144 5260 Smalealdtae.
3377 5211 3382 5218 ·

2666 5274 2726 5334 5)
2767 5274 3011 5330 sleidan.
3048 5274 3137 5328 ΙΙ.
3178 5273 3275 5325 177
3313 5288 3386 5325 ss.
3457 5271 3768 5340 Hor-aeder,
3805 5272 3857 5325 I.
3897 5269 3999 5323 130
4031 5284 4105 5324 cs.

2666 5342 2728 5406 6)
2767 5343 3006 5398 Nm
3038 5348 3088 5397 et
3125 5340 3551 5396 Manderscheid
3585 5340 3828 5408 (Rankc,
3870 5339 3968 5392 IV.
4007 5339 4151 5406 149).

3896 5424 3960 5477 3.
