5050 6167
665 433 790 495 507

666 619 772 683 nis
813 623 888 680 ut
929 614 1295 699 pontificios
1355 610 1763 694 corruptelae
1819 611 2054 676 affines
2096 616 2269 675 sunt.
2297 607 2380 692 ιε5)
2468 607 2620 673 Pri-

664 724 816 768 mus
859 701 1146 767 delectus
1204 719 1322 783 per
1382 698 1683 764 civitates
1740 705 2008 762 sanctae
2050 697 2178 760 Dei
2234 694 2441 777 plebis
2499 694 2635 758 sit:-

664 789 879 874 plebs‚
946 807 1105 870 quos
1162 783 1506 869 delegerit,
1578 782 1828 847 deferat
1882 780 1965 846 ad
2018 781 2363 864 primarios
2419 779 2618 845 viros.

665 874 978 940 Primarii
1036 870 1329 950 videant,
1396 868 1508 953 qui
1560 868 1627 932 hi
1685 868 1818 933 sint
1870 888 2031 950 quos
2086 867 2271 949 plebs
2327 866 2616 949 elegerit.

666 960 824 1025 Duo
866 957 1083 1042 legati,
1128 957 1294 1021 alter
1337 956 1654 1039 plebeius,
1711 953 1879 1018 alter
1923 953 2265 1035 patricius,
2324 950 2622 1016 deferant

668 1044 752 1111 ad
817 1044 1167 1110 Caesarem
1227 1050 1296 1107 et
1365 1062 1554 1125 reges
1619 1040 1887 1104 nomina
1951 1039 2324 1103 electorum.
2436 1036 2620 1117 Quos

666 1153 893 1197 omnes
950 1130 1062 1194 ubi
1126 1128 1449 1211 principes
1505 1127 1818 1191 iusserint
1873 1124 2254 1201 convenire,
2331 1145 2449 1188 sex
2513 1122 2618 1187 vel

668 1226 918 1300 septem
948 1237 1031 1279 ex
1053 1213 1334 1297 singulis
1357 1212 1708 1294 provinciis
1731 1231 1952 1293 parem
1978 1211 2244 1274 omnino
2269 1229 2617 1273 numerum

671 1303 1016 1368 hominum
1052 1300 1624 1365 selectissimorum
1646 1307 1957 1362 statuant.
2037 1296 2346 1360 Pontifex
2385 1294 2620 1359 deinde

668 1400 866 1471 atque
890 1386 1175 1469 episcopi
1208 1407 1290 1450 ex
1313 1384 1614 1448 omnibus
1647 1383 1966 1465 episcopis
1989 1381 2332 1446 duodecim
2372 1383 2618 1463 episco-

666 1495 787 1558 pos
832 1473 1057 1555 legant
1099 1480 1425 1553 spectatae
1473 1471 1644 1533 vitae
1688 1480 1753 1532 et
1797 1468 2180 1544 sanctitatis,
2228 1468 2338 1548 qui
2385 1489 2618 1532 manus

666 1561 1012 1641 imponant
1046 1557 1127 1621 iis
1162 1556 1346 1621 lectis
1384 1555 1563 1632 viris,
1600 1563 1910 1637 orentque
1938 1574 2135 1636 super
2170 1575 2298 1628 eos,
2337 1563 2413 1616 ut
2452 1554 2617 1617 acci-

666 1646 852 1732 piant
893 1644 1207 1707 virtutem
1261 1639 1784 1723 supervenientis
1839 1640 2130 1723 spiritus.
2230 1639 2322 1702 Hi
2377 1641 2616 1703 firmis-

668 1729 819 1797 simi
840 1728 1085 1794 iudices
1120 1728 1411 1792 omnium
1446 1727 1935 1791 contentionum
1974 1733 2350 1790 statuantur
2385 1747 2424 1788 a
2459 1745 2618 1806 pon-

667 1817 876 1892 tifice,
932 1815 1012 1879 ab
1069 1812 1389 1895 episcopis
1408 1862 1424 1890 ,
1479 1833 1519 1874 a
1562 1812 1870 1889 Caesare,
1918 1833 1958 1876 a
1996 1810 2261 1894 regibus
2304 1810 2620 1892 principi-

668 1903 873 1969 busve
917 1900 1286 1965 civitatum:
1343 1897 1457 1980 qui
1501 1896 1914 1962 subscribant
1956 1917 2030 1962 ac
2075 1898 2410 1979 recipiant,
2458 1917 2619 1974 sese,

669 1983 986 2071 quidquid
1030 1986 1076 2049 ii
1141 1984 1604 2061 iudicaverint,
1683 1983 2054 2060 statuerint,
2123 1980 2619 2059 declaraverint,

666 2071 1043 2138 firmissime
1089 2092 1290 2153 aeque
1335 2089 1562 2134 omnes
1606 2075 2003 2151 accepturos,
2044 2079 2511 2150 curaturosque
2547 2076 2624 2132 ut

668 2180 787 2242 pro
830 2156 1208 2222 indubitatis
1254 2154 1635 2221 habeantur.
1704 2155 1866 2219 Mox
1911 2154 2167 2220 decreto
2223 2154 2622 2236 amplissimo

668 2245 841 2310 facto
902 2251 1056 2326 (quo
1115 2256 1424 2308 caveatur
1479 2241 1564 2304 iis
1607 2241 1718 2322 qui
1776 2240 1860 2304 ad
1903 2247 2265 2305 conventus
2308 2261 2622 2323 peragen-

670 2329 785 2395 dos
829 2336 945 2394 aut
986 2329 1068 2394 ad
1111 2326 1458 2394 dicendum
1514 2327 1853 2405 venerint,
1922 2326 2145 2409 quiqui
2189 2339 2409 2396 sunt),
2469 2347 2623 2408 pon-

667 2416 883 2490 tificis,
930 2414 1412 2497 episcoporum,
1472 2412 1803 2490 Caesaris,
1847 2433 2081 2495 regum
2123 2411 2623 2494 principumque

669 2502 1017 2567 civitatum
1040 2500 1306 2564 nomine
1331 2499 1646 2580 iussuque
1679 2498 2151 2580 pronuncietur
2182 2508 2275 2575 ut,
2313 2498 2623 2578 quoniam

667 2588 742 2652 in
784 2595 1013 2652 sancta
1055 2583 1308 2670 synodo
1352 2583 1556 2648 libere
1600 2582 1925 2667 agendum
1963 2591 2083 2660 est,
2128 2583 2503 2648 consultum
2540 2583 2626 2646 sit

669 2683 748 2739 ut
788 2673 991 2738 libere
1032 2671 1334 2754 quisque,
1391 2670 1532 2735 sine
1585 2677 1766 2733 metu
1785 2720 1800 2746 ,
1857 2668 1998 2734 sine
2042 2669 2359 2752 periculo,
2420 2668 2628 2752 possit

673 2758 907 2838 dicere,
970 2764 1038 2822 et
1081 2765 1157 2822 ut
1196 2756 1500 2839 promissi
1543 2755 1864 2837 pontifex,
1923 2754 2225 2838 episcopi,
2272 2754 2517 2820 Caesar
2561 2765 2627 2818 et

669 2865 859 2929 reges
900 2844 1359 2928 principesque
1403 2840 1745 2905 civitatum
1803 2861 1874 2905 se
1917 2860 2262 2923 sponsores
2305 2838 2465 2905 dent
2507 2862 2624 2905 ex·

670 2931 1062 3013 solvantque
1096 2927 1346 3012 legibus
1374 2927 1697 3005 omnibus,
1734 2926 1980 3004 edictis,
2018 2926 2622 3004 senatusconsultis,

667 3017 895 3100 poenis
930 3023 997 3081 et
1035 3014 1331 3080 censuris
1381 3032 1609 3078 omnes
1644 3013 1754 3096 qui
1798 3023 1912 3077 aut
1948 3011 2239 3077 dixerint
2272 3021 2386 3078 aut
2420 3014 2623 3095 scrip-

669 3112 812 3168 tum
856 3100 1156 3167 dederint
1215 3098 1388 3181 apud
1447 3099 1640 3164 hosce
1695 3097 1894 3164 lectos
1953 3099 2158 3178 viros,
2217 3100 2326 3182 qui
2370 3099 2441 3162 in
2485 3097 2624 3163 loco

668 3187 825 3270 quid
851 3189 935 3270 ι9)
996 3184 1325 3270 agendum
1383 3193 1612 3267 parato
1669 3206 1822 3251 cum
1874 3185 2213 3268 pontifice,
2282 3184 2622 3270 episcopis,

667 3273 953 3340 Caesare
1007 3281 1073 3335 et
1124 3271 1390 3355 regibus
1445 3270 1975 3354 principibusque
2032 3269 2351 3355 legatisve
2393 3271 2624 3336 civitae

666 3366 814 3423 tum
858 3356 1147 3437 sedeant,
1194 3354 1532 3421 audituros
1548 3355 1639 3440 ²⁰)
1684 3357 2038 3434 orationes,
2098 3358 2154 3422 si
2212 3376 2378 3440 quae
2422 3356 2622 3422 habe-

668 3442 933 3521 buntur,
978 3452 1117 3507 tam
1159 3441 1397 3506 harum
1440 3463 1634 3525 quam
1654 3443 1746 3524 ²¹)
1789 3440 2054 3507 illarum
2098 3443 2414 3525 partium:
2462 3461 2625 3524 quas

667 3535 895 3612 postea
929 3527 1201 3593 iubeant
1242 3527 1365 3592 sibi
1412 3527 1554 3592 dari
1597 3528 1887 3610 scriptas.
1953 3529 2179 3594 Primo
2214 3528 2358 3594 loco
2401 3527 2626 3593 dicant

667 3614 775 3683 vel
829 3623 1230 3697 promotores
1287 3613 1571 3691 concilii,
1626 3612 1732 3679 vel
1787 3613 1899 3697 qui
1957 3614 2158 3680 veluti
2214 3622 2624 3680 accusatores

666 3722 934 3767 causam
978 3700 1461 3764 controversiae
1515 3705 1839 3778 statuant,
1898 3699 2001 3766 vel
2053 3701 2404 3783 petitiones
2445 3698 2623 3764 adfe-

667 3794 847 3852 rant:
890 3785 1174 3852 secundo
1215 3783 1578 3849 adversarii
1613 3784 2069 3869 respondeant.
2136 3787 2387 3851 Eorum
2433 3804 2623 3851 accu-

668 3872 1031 3938 sationibus
1054 3870 1142 3955 22)
1178 3872 1479 3954 acceptis,
1519 3872 1763 3955 siquae
1787 3869 2180 3953 disputanda
2202 3870 2621 3949 videbuntur,

667 3956 842 4041 apud
885 3956 1005 4022 hos
1048 3956 1274 4022 itidem
1315 3956 1751 4040 disputentur.
1841 3958 2008 4022 Post
2041 3957 2414 4023 conflictum
2450 3978 2621 4022 sem-

663 4064 785 4127 per
843 4043 1040 4109 scribi
1097 4051 1327 4126 petant
1384 4065 1587 4126 quum
1642 4051 2033 4127 argumenta
2089 4049 2231 4108 tum
2286 4063 2617 4126 responsa.

667 4127 859 4210 Quae
903 4129 1129 4194 omnia
1171 4129 1281 4194 ubi
1318 4128 1654 4194 lectissimi
1698 4128 2223 4212 sanctissimique
2268 4130 2394 4194 viri
2441 4129 2620 4194 vide-

665 4216 804 4280 rint
867 4223 936 4280 et
999 4213 1298 4298 legerint,
1366 4224 1433 4280 et
1496 4236 1633 4280 non
1696 4212 1891 4279 modo
1955 4215 2158 4280 oculis
2219 4214 2336 4280 sed
2402 4216 2621 4280 animo

664 4321 924 4384 quoque
968 4301 1515 4383 perlustraverint
1573 4310 1769 4385 atque
1812 4300 2295 4385 perpenderint,
2354 4299 2622 4366 videant

665 4408 753 4452 ne
797 4387 954 4470 quid
1009 4385 1389 4452 detrimenti
1447 4386 1884 4472 evangelium,
1945 4386 2242 4453 doctrina
2298 4386 2618 4471 apostolo-

874 4660 969 4727 18)
1011 4661 1214 4715 Locum
1261 4665 1578 4728 corruptum
1628 4660 1710 4714 sic
1761 4661 2009 4715 emendat
2055 4661 2449 4714 Hotomanus.-
2501 4676 2617 4713 eus-

666 4730 869 4800 picioni
904 4729 1174 4799 pontificis
1211 4729 1567 4799 corruptelae,
1604 4728 1717 4784 cca.
1754 4745 1843 4783 eos
1877 4744 2063 4784 carere
2079 4729 2280 4785 deceret
2313 4729 2619 4797 suspicione

665 4800 863 4923 m
882 4800 1037 4867 ipsos
1092 4800 1397 4866 corruperit
1442 4797 1704 4866 pontifex.
1816 4799 2012 4853 Verum
2071 4799 2200 4854 bene
2259 4799 2621 4853 observarunt

865 4908 875 4919 .
912 4873 964 4921 et
998 4867 1191 4936 Myon.
1238 4867 1424 4921 eadem
1474 4867 1639 4921 verba
1671 4867 1835 4922 etiam
1869 4867 2007 4922 alati
2039 4865 2193 4936 apud
2230 4867 2492 4922 Nostrum
2526 4882 2618 4921 ex·

665 4943 814 4992 ctare
848 4936 1020 5004 (opp.
1050 4951 1109 5003 p.
1145 4933 1263 5001 540,
1301 4936 1513 5001 Haut.)
1550 4941 1603 4990 ct
1634 4938 1715 4991 sic
1747 4935 1972 5005 legenda
2005 4951 2142 4991 csse.-
2190 4953 2352 5006 quam
2397 4937 2617 4990 minime

667 5006 988 5138 suspiciqrsiif
1003 5005 1798 5128 {tepoffiificiteddcorruptelae
1833 5005 2021 5059 affines
2062 5010 2204 5060 sunt.

1125 5095 1141 5126 .·
1287 5090 1331 5129 ο.
1473 5113 1489 5128 .

871 5142 963 5208 20)
1001 5090 1311 5197 liza-mun.
1348 5142 1622 5197 emendat.-
1654 5142 1909 5210 audituri,
1939 5143 2304 5212 probamus
2342 5140 2547 5197 Schelh.
2567 5146 2621 5196 ct

668 5210 860 5282 moen.
944 5212 1138 5266 Verum
1171 5228 1253 5266 em
1432 5212 1444 5224 ⁰
1575 5228 1714 5280 opus
1746 5228 1860 5267 non
1893 5218 1986 5268 eet.

872 5280 970 5345 21)
1004 5288 1117 5335 tam
1152 5281 1288 5335 haec
1319 5297 1430 5334 non
1470 5279 1598 5335 God.

872 5348 968 5415 22)
1004 5351 1306 5405 actionibus
1343 5348 1465 5406 Sele.

2217 418 2743 486 EPIS'I'OLAE
2787 422 3121 483 450—451

4544 419 4658 482 508

4058 607 4276 689 Quam
4331 627 4530 671 unam
4584 604 4659 670 ob

2723 714 2864 757 rem
2909 692 3361 758 declarandam
3408 694 3709 759 invocato
3754 694 3989 776 spiritu
4025 702 4249 758 sancto
4283 691 4489 757 libere
4521 714 4662 775 pro-

2723 779 3040 845 nuncient
3073 787 3491 861 statuantque
3527 778 3701 863 quod
3736 779 3983 864 gloriae
4019 779 4272 845 Christi
4307 779 4394 843 sit
4430 778 4662 844 bonum

2722 865 3008 947 felixque
3052 865 3293 948 populo
3336 865 3711 931 christiane.

2895 951 3041 1016 Hoc
3086 950 3433 1016 consilium
3487 952 3992 1034 cogitatumque,
4051 950 4241 1032 quale
4299 951 4489 1032 quale
4549 959 4662 1030 est,

2724 1038 3059 1102 iusserunt
3102 1037 3357 1114 fratres,
3407 1047 3480 1101 ιιι
3523 1036 3606 1102 ad
3641 1058 3758 1102 vos
3807 1038 4175 1101 scriberem.
4261 1035 4339 1101 Si
4374 1037 4663 1118 placebit,

2724 1124 2866 1188 cius
2910 1144 3027 1188 vos
3072 1144 3337 1188 necesse
3381 1132 3481 1188 est
3536 1122 3972 1188 moderatores
4016 1143 4159 1187 esse
4216 1132 4410 1206 atque
4454 1120 4664 1188 duces.

2723 629 2872 672 rum
2916 615 2985 671 et
3027 607 3394 690 respublica
3437 605 3688 673 Christi
3734 608 3965 691 capiat.

2724 1210 2908 1274 Haec
2931 1209 3105 1273 enim
3127 1210 3499 1274 miserrima
3533 1219 3601 1273 et
3635 1211 4026 1292 gravissima
4061 1210 4323 1272 fortuna
4352 1208 4666 1274 Italorum
4764 1255 4771 1260 -

2725 1308 2843 1371 est,
2881 1294 3050 1376 quod
3079 1315 3286 1377 neque
3328 1317 3368 1359 a
3402 1296 3636 1377 quibus
3670 1295 4021 1377 implorent
4055 1293 4370 1358 auxilium
4409 1295 4665 1374 habent,

2726 1402 2937 1462 neque
2994 1382 3050 1444 si
3108 1380 3394 1446 habeant
3459 1381 3627 1446 licet.
3740 1380 4068 1456 Helvetii,
4137 1381 4247 1462 qui
4305 1380 4668 1446 abalienato

2724 1477 2884 1531 sunt
2920 1467 3137 1531 animo
3182 1487 3222 1530 a
3266 1467 3629 1551 Babylonia
3674 1487 3961 1544 romana,
4009 1487 4127 1548 per
4160 1465 4409 1549 legatos
4446 1488 4486 1531 a
4520 1487 4669 1549 rege

2726 1552 3015 1628 Galliae,
3084 1550 3255 1635 apud
3323 1573 3515 1634 quem
3582 1553 3882 1618 audimus
3948 1573 4057 1617 eos
4120 1571 4263 1617 esse
4337 1554 4667 1635 gratiosos,

2726 1647 2946 1720 petere
3011 1649 3204 1719 atque
3270 1640 3622 1720 impetrare
3688 1647 3991 1721 possunt,
4068 1647 4263 1719 atque
4342 1638 4669 1717 obtestari,

2725 1726 2851 1788 nisi
2898 1726 2963 1787 in
3009 1725 3321 1807 petitione
3364 1746 3482 1789 rex
3526 1726 3684 1806 ipsis
3727 1725 3975 1803 faveat,
4025 1745 4357 1806 nunquam
4402 1726 4671 1807 posthac

2726 1832 2795 1875 se
2862 1811 3004 1874 cius
3068 1818 3288 1892 partes
3354 1831 3496 1874 esse
3562 1818 3981 1893 sequuturos:
4050 1810 4391 1878 relicturos
4450 1833 4552 1888 se,
4617 1811 4671 1876 si

2727 1895 3046 1975 destituti,
3093 1896 3149 1959 si
3193 1916 3349 1961 vcro
3394 1896 3599 1961 adiuti
3643 1897 3905 1974 fuerint,
3966 1917 4044 1960 ea
4101 1897 4181 1961 de
4225 1919 4297 1962 re
4341 1897 4674 1981 publicum

2726 1991 3230 2047 monumentum
3253 1980 3473 2047 liberis
3506 1985 3909 2066 posterisque
3945 2004 4188 2047 eorum.
4209 1985 4298 2066 ²⁸)
4358 1983 4673 2048 Germani

2726 2068 2817 2150 pii
2859 2088 2898 2131 a
2942 2067 3222 2131 Caesare
3258 2067 3438 2133 nullo
3474 2070 3738 2151 negotio
3771 2067 4235 2151 impetrabunt,
4284 2071 4338 2133 si
4372 2069 4674 2152 precibus

2725 2164 2792 2218 et
2832 2153 3261 2218 obtestatione
3320 2153 3781 2233 contendatur,
3838 2163 3914 2219 ut
3967 2175 4159 2236 quem
4214 2157 4674 2239 imperatorem

2726 2248 2823 2304 tot
2873 2261 3078 2304 annos
3135 2239 3511 2305 fidelissime
3568 2242 3824 2323 sequuti
3885 2240 4051 2319 sint,
4107 2241 4251 2305 eius
4308 2262 4428 2324 ope
4484 2242 4676 2307 liceat

2728 2324 2981 2391 Christi
3035 2346 3295 2392 causam
3350 2327 3588 2391 misere
3643 2347 4014 2410 oppressam
4073 2326 4433 2392 sublevare.
4525 2327 4673 2392 Bri·

2728 2412 2995 2477 tanniae
3039 2433 3282 2496 regem,
3343 2413 3457 2496 qui
3500 2413 3714 2477 alieno
3774 2414 3992 2477 animo
4045 2414 4118 2477 in
4173 2413 4519 2497 pontifices
4574 2433 4675 2477 ro-

2727 2519 2955 2563 manos
2998 2518 3141 2563 esse
3185 2497 3442 2576 dicitur,
3500 2499 3846 2564 sollicitare
3889 2498 4098 2564 literis
4141 2509 4419 2581 possunt
4478 2519 4677 2583 quum

2727 2583 3018 2650 Helvetii
3064 2592 3206 2649 tum
3253 2583 3606 2660 Germani,
3664 2593 3739 2648 ut
3780 2585 3854 2648 in
3912 2585 4082 2650 hanc
4126 2586 4526 2652 sententiam
4574 2607 4679 2651 ve-

2728 2671 2888 2747 niat,
2935 2681 3000 2733 et
3043 2690 3385 2734 commune
3430 2671 3772 2735 consilium
3820 2691 3956 2734 non
3998 2678 4280 2754 spernat.

2898 2756 3084 2819 Haec
3127 2756 3349 2819 omnia
3392 2765 3527 2819 tam
3570 2757 3758 2833 bona,
3801 2765 3937 2820 tam
3982 2764 4377 2839 exspectata,
4423 2758 4678 2834 fratres,

2729 2850 2994 2923 tamque
3016 2840 3222 2919 utilia,
3246 2842 3379 2905 imo
3405 2862 3560 2907 vero
3582 2843 3951 2908 necessaria
3966 2841 4363 2924 reipublicae
4378 2841 4679 2909 christia-

2728 2947 2854 2992 nae
2889 2949 3006 2992 vos
3042 2937 3421 3010 assequutos
3456 2927 3663 3006 vide0,
3710 2928 3766 2994 si
3802 2949 3964 3011 quas
4004 2927 4379 2994 inimicitias
4422 2929 4680 2995 habetis

2728 3014 3088 3078 christiana
3130 3014 3372 3097 pietate
3417 3014 3771 3096 deponatis.
3837 3013 4156 3078 Adfertur
4199 3016 4378 3078 enim
4420 3015 4507 3080 ad
4542 3036 4678 3092 nos,

2727 3120 2852 3164 nec
2884 3100 3157 3165 obscuro
3192 3119 3312 3163 neo
3346 3100 3530 3164 vario
3567 3120 3883 3178 sermone,
3920 3119 4194 3182 magnas
4228 3103 4680 3168 contentiones
4792 3148 4800 3156 -

2729 3184 3299 3268 dissensionesque
3342 3206 3484 3251 esse
3517 3186 3691 3250 inter
3733 3206 3870 3264 vos,
3888 3187 3950 3226 ²⁴
4025 3186 4259 3267 quibus
4303 3186 4681 3271 discrepan-

2727 3279 2829 3337 tes
2874 3292 3005 3337 non
3048 3271 3122 3335 in
3165 3292 3366 3335 unam
3401 3272 3815 3348 sententiam,
3862 3293 3894 3336 s
4021 3292 4107 3336 ne
4145 3271 4219 3335 in
4263 3273 4553 3339 eundem
4590 3275 4680 3339 lo-

2728 3377 2877 3422 cum
2940 3357 3203 3439 possitis
3267 3358 3627 3422 convenire.
3737 3357 3911 3422 Hem
3929 3408 3944 3435 ‚
4008 3358 4278 3424 fratres!
4347 3357 4504 3425 date
4564 3361 4682 3428 hoc

2728 3441 2992 3508 Christo
3036 3450 3259 3507 nostro
3300 3441 3527 3507 saltem
3572 3464 3691 3526 pro
3732 3450 4054 3528 tempore,
4118 3453 4192 3509 ut
4233 3466 4366 3510 una
4408 3465 4681 3513 concur·

2728 3539 2934 3607 ratur,
2975 3549 3062 3593 ne
3103 3527 3425 3610 impetum
3463 3530 3786 3593 sustinere
3835 3529 4089 3612 possint
4133 3529 4517 3598 adversarii.
4608 3530 4683 3599 Si

2726 3623 2828 3679 tot
2881 3623 3221 3697 tantosque
3278 3612 3517 3680 abusus
3570 3634 3882 3680 romanae
3922 3614 4331 3700 Babyloniae
4388 3639 4529 3683 una
4582 3639 4681 3684 re-

2729 3701 2990 3777 iecistis,
3038 3700 3097 3765 si
3139 3719 3255 3781 pro
3293 3699 3659 3782 apostolicis
3704 3701 4025 3766 institutis
4070 3701 4411 3767 servandis
4459 3704 4681 3770 defen-

2727 3784 3067 3867 dendoque
3121 3784 3461 3869 evangelio
3518 3806 3655 3850 una
3698 3807 3885 3851 mens
3929 3798 4061 3864 est,
4115 3786 4419 3872 idemque
4478 3789 4682 3855 animi

2727 3872 2929 3937 vestri
2976 3891 3224 3949 sensus,
3270 3870 3425 3953 quid
3461 3892 3687 3949 unum,
3733 3881 3849 3937 aut
3891 3872 3974 3937 ad
4017 3893 4350 3938 summum
4395 3874 4683 3941 alterum

2725 3967 2924 4041 caput
2968 3977 3086 4021 vos
3129 3965 3464 4039 tantopere
3507 3955 3813 4022 distrahit
3849 3954 3939 4024 ac'
3967 3957 4326 4044 disiungit?
4418 3961 4681 4027 Adver-

2727 4043 2883 4108 sarii
2927 4041 3434 4121 instructissimi,
3478 4051 3778 4126 potentes
3822 4052 4016 4127 atque
4063 4047 4404 4111 unanimes
4445 4048 4520 4111 in
4567 4067 4681 4112 vos

2724 4130 3044 4194 feruntur.
3135 4127 3444 4211 Colligite
3488 4149 3604 4194 vos
3645 4150 3764 4213 per
3806 4130 4025 4195 Iesum
4074 4129 4433 4210 Christum,
4500 4154 4584 4198 ne
4626 4132 4681 4198 si

2722 4214 2820 4278 illi
2865 4214 3162 4291 vicerint,
3210 4234 3411 4295 quum
3454 4222 3682 4298 postea
3726 4215 4080 4294 volueritis,
4125 4238 4258 4281 non
4302 4217 4390 4283 sit
4423 4217 4678 4284 Christi

2723 4298 3090 4383 respublica
3147 4320 3345 4382 quam
3400 4301 3629 4366 iuvare
3686 4322 3761 4367 ac
3812 4302 3983 4366 tueri
4041 4302 4323 4384 possitis.
4426 4304 4678 4370 Defen-

2723 4383 2937 4451 denda
2970 4393 3126 4452 sunt
3169 4385 3378 4451 multa
3429 4387 3559 4452 ista
3598 4409 3768 4470 quae
3808 4388 4253 4471 superioribus
4294 4390 4489 4456 annis
4532 4389 4678 4473 pul-

2722 4472 2879 4538 chre
2922 4471 3320 4538 illustrastis.
3422 4472 3785 4539 Reiiciendi
3827 4474 4305 4558 superandique
4347 4476 4418 4539 in
4461 4475 4678 4542 conci·

2722 4557 2809 4623 lio
2851 4557 3072 4623 hostes
3115 4556 3461 4644 evangelii.
3550 4557 3629 4624 Si
3687 4580 3815 4642 qua
3857 4559 4414 4642 interpretationis
4460 4562 4676 4627 varie-

2722 4652 2826 4709 tas
2868 4643 2941 4708 in
2981 4643 3194 4727 aliquo
3249 4654 3350 4710 est
3403 4644 3615 4728 capite
3672 4646 4065 4728 scriptorum
4121 4645 4497 4712 divinorum
4518 4698 4533 4726 ‚
4592 4668 4676 4713 ne

2721 4729 3047 4796 confodite
3092 4751 3225 4795 vos.
3323 4730 3793 4813 Unusquisque
3846 4731 3917 4795 in
3962 4752 4081 4797 suo
4124 4753 4319 4797 sensu
4362 4731 4673 4799 abundet.

2720 4814 2942 4895 Dabit,
3002 4814 3183 4880 dabit
3223 4823 3452 4899 postea
3494 4817 3676 4882 Deus
3718 4824 3911 4899 pater
3948 4817 4221 4883 Domini
4266 4819 4474 4884 nostri
4518 4819 4674 4885 Iesu

2924 5071 3020 5138 23)
3058 5072 3424 5154 Desiderato-ar
3491 5071 3716 5142 aliquid.
3810 5072 4075 5143 Ingenium
4143 5075 4433 5145 ωρίιαηᾶο
4503 5077 4678 5145 repeti

2720 5143 2862 5225 malt:
2908 5143 2982 5208 (si
3029 5142 3200 5197 adiuti
3247 5143 3477 5204 fuerint)
3522 5156 3584 5195 re
3618 5157 3700 5195 en·
3743 5144 4059 5198 relicturum
4107 5150 4200 5200 etc.
4296 5147 4497 5200 Verum
4533 5146 4672 5200 talia

2719 5211 3156 5346 gpvygtffltizwn
3189 5211 3522 5292 supplentur.
3634 5216 3893 5267 manni
3907 5214 4243 5269 coniectura.-
4277 5215 4394 5268 sive
4415 5214 4671 5268 destituti

2923 5348 3021 5416 24)
3055 5296 3325 5405 nm&
