5050 6167
594 364 720 427 463

1488 542 1641 614 434.

986 679 1457 750 GALVINUS
1510 675 2144 748 BULLINGERO.

770 854 1105 921 Silentium
1157 854 1352 918 nimis
1408 851 1784 917 diuturnum
1836 848 2215 932 neyotiorum
2270 845 2544 911 multitu-

595 941 743 1008 dine
781 944 1052 1006 excusat.
1139 938 1370 1004 Leonis
1416 937 1623 1001 Iudae
1673 942 1732 1002 et
1786 937 2062 1002 aliorum
2112 953 2312 1015 nuper
2351 936 2544 997 morte

595 1027 986 1108 abreptarum
1025 1024 1307 1090 virorum
1347 1042 1663 1088 excessum
1701 1023 1895 1101 deflet.
1970 1020 2265 1086 Iuvenem
2301 1018 2542 1083 Italum

601 1112 1049 1178 Turicensibus
1089 1108 1484 1176 commendat.

597 1283 710 1349 (Ex
734 1280 1070 1351 autographo
1089 1278 1218 1334 Cod.
1239 1278 1476 1333 Gothani
1497 1275 1617 1342 404,
1651 1278 1742 1331 fol.
1772 1275 1853 1330 14.
1890 1275 2080 1330 Edidit
2119 1273 2543 1331 Bretsclmeider

843 1366 897 1419 p.
934 1348 1019 1401 12.
1088 1347 1316 1417 Anglice
1351 1348 1521 1401 vertit
1555 1347 1844 1402 Constable
1878 1346 1938 1399 Τ.
1979 1346 2025 1398 l.
2063 1362 2118 1414 p.
2154 1344 2300 1411 338.)

593 1538 943 1605 Praeclare
984 1534 1236 1600 Christi
1294 1535 1594 1601 ministro
1637 1536 1720 1600 D.
1767 1533 2107 1598 Henricho
2149 1531 2540 1616 Bullingero

594 1623 952 1708 Tigurinae
1006 1620 1319 1687 ecclesiae
1379 1621 1628 1703 pastori
1693 1620 2070 1686 fidelissimo
2127 1619 2320 1685 fratri
2375 1615 2543 1682 mihi

941 1706 1345 1773 observando
1388 1719 1457 1772 et
1499 1707 1705 1788 amico
1746 1706 2188 1791 integerrimo,

767 1841 989 1924 Quum
1031 1840 1139 1907 hic
1173 1842 1286 1925 qui
1323 1842 1544 1908 literas
1578 1863 1759 1909 meas
1800 1842 1921 1908 tibi
1964 1839 2245 1907 reddidit
2274 1839 2318 1919 ¹)
2364 1859 2541 1905 com-

592 1927 1085 1995 mendationem
1138 1948 1177 1992 a
1233 1949 1339 1992 me
1402 1935 1674 2010 peteret,
1737 1949 1872 1993 non
1938 1926 2317 1992 dubitabam
2381 1925 2543 2007 quin

593 2014 837 2099 dignus
876 2021 1078 2079 essct:
1120 2012 1380 2095 quando
1425 2014 1706 2081 habebat
1749 2014 2196 2079 testimonium
2232 2032 2272 2076 a
2306 2011 2430 2092 piis
2474 2016 2544 2074 et

591 2110 809 2166 certae
862 2097 1016 2164 fidei
1082 2097 1454 2165 hominibus
1497 2120 1653 2165 suae
1717 2099 1933 2185 gentis
1991 2099 2104 2182 qui
2167 2096 2276 2161 hic
2320 2094 2542 2160 nobis-

535 2231 551 2248 .
590 2206 743 2252 cum
791 2192 962 2250 sunt.
1045 2181 1180 2249 Sed
1238 2184 1361 2250 hoc
1414 2206 1521 2250 me
1572 2185 1745 2250 male
1803 2184 2089 2250 habebat
2143 2181 2316 2265 quod
2372 2181 2545 2244 inter

590 2271 751 2337 istas
790 2270 1262 2351 occupationes,
1306 2271 1543 2352 quibus
1583 2292 1759 2336 nunc
1801 2269 2230 2352 constringor,
2275 2264 2543 2332 brevius

590 2355 712 2422 tibi
755 2355 1039 2421 scribere
1061 2375 1255 2439 cogar
1282 2364 1428 2438 post
1455 2362 1711 2420 tantum
1750 2356 2064 2438 temporis
2097 2350 2539 2418 intervallum.

591 2440 780 2522 Quae
824 2449 1045 2506 tamen
1090 2450 1205 2505 tua
1248 2449 1350 2505 est
1394 2441 1785 2520 humanitas,
1845 2440 2012 2505 mihi
2054 2447 2129 2504 ut
2171 2458 2362 2522 spero
2405 2457 2541 2502 non

590 2525 941 2592 difficulter
983 2524 1163 2592 dabis
1207 2526 1486 2606 veniam,
1541 2548 1617 2593 ac
1660 2526 1875 2592 locum
1919 2525 2072 2591 huic
2115 2544 2299 2589 meae
2342 2543 2541 2588 excu—

589 2612 832 2679 sationi
884 2610 1225 2677 concedes:
1283 2612 1671 2695 praesertim
1727 2632 1930 2694 quum
1987 2616 2163 2677 certo
2219 2609 2541 2676 coniicere

585 2698 799 2784 possis
842 2718 948 2763 me
1000 2718 1133 2762 nou
1175 2697 1441 2761 inanem
1495 2703 1907 2781 praetextum
1952 2716 2283 2779 quaerere,
2328 2714 2542 2777 neque

587 2784 994 2868 negligentia
1036 2783 1248 2848 facere
1290 2782 1461 2865 quod
1506 2803 1636 2847 non
1679 2781 2056 2866 diligentius
2102 2802 2177 2847 80
2216 2779 2541 2863 copiosius

586 2871 887 2937 scribam.
957 2866 1139 2934 Satis
1164 2868 1339 2932 enim
1378 2867 1494 2933 tibi
1532 2889 1913 2951 persuasum
1946 2888 2088 2933 esse
2120 2874 2277 2949 puto
2311 2864 2542 2948 quanti

587 2963 657 3021 te
711 2954 966 3033 faciam,
1025 2960 1426 3038 quantopere
1485 2962 1549 3018 te
1605 2953 1835 3032 colam,
1890 2974 2088 3037 quam
2132 2950 2412 3033 denique
2455 2970 2541 3014 ex

588 3041 808 3106 animo
851 3046 919 3104 te
963 3060 1194 3104 amem.
1284 3037 1481 3119 Quod
1523 3047 1745 3105 autem
1802 3047 1941 3103 tam
1985 3038 2098 3103 diu
2142 3038 2334 3115 tacui,
2389 3034 2540 3101 ideo

586 3127 833 3193 factum
875 3133 979 3190 est
1018 3122 1210 3208 quod,
1255 3145 1457 3207 quum
1500 3125 1631 3191 huc
1674 3125 2233 3209 remigrassem,²)
2287 3122 2379 3188 sic
2421 3142 2544 3204 per

591 3212 838 3295 aliquot
899 3230 1159 3275 menses
1222 3209 1496 3276 obrutus
1561 3210 1659 3275 fui
1721 3210 1791 3275 in
1854 3207 2277 3277 restituendis
2342 3206 2543 3272 rebus

587 3299 853 3382 penitus
916 3294 1246 3378 dissipatis
1303 3302 1371 3361 et
1428 3295 1760 3378 collapsis,
1828 3304 1907 3360 ι1ι
1967 3295 2094 3360 alio
2158 3300 2543 3360 convertere

590 3382 884 3448 animum
944 3402 1076 3445 non
1131 3380 1373 3446 liceret.
1461 3382 1723 3460 Postea,
1789 3401 1991 3464 quum
2052 3380 2220 3446 mihi
2282 3378 2542 3445 viderer

589 3465 991 3533 occasionem
1043 3466 1485 3547 praeteriisse,
1545 3464 1809 3532 differre
1862 3465 2065 3531 malui
2124 3465 2326 3532 donec
2370 3484 2544 3530 nova

590 3551 719 3619 alia
775 3572 847 3618 se
903 3547 1187 3615 offerret.
1275 3551 1340 3615 N
1343 3573 1485 3631 unc,
1554 3551 1710 3616 dum
1776 3552 2103 3619 scribendi
2155 3572 2354 3617 causa
2418 3554 2538 3627 est,

588 3657 899 3721 cuperem
951 3643 1214 3718 tempus
1269 3656 1520 3720 quoque
1577 3645 1645 3702 et
1696 3638 1906 3703 otium
1948 3637 2114 3702 mihi
2156 3636 2314 3702 dari.
2404 3632 2542 3701 Sed

587 3723 768 3803 alias,
813 3741 1025 3806 spero,
1070 3721 1333 3787 dabitur
1375 3735 1442 3786 et
1484 3743 1606 3807 ego
1649 3723 1930 3790 libenter
1971 3732 2144 3789 utar.

758 3808 944 3874 Mors
988 3805 1219 3872 Leonis
1274 3808 1511 3886 nostri,
1571 3816 1650 3873 ut
1702 3811 1937 3875 merito
1991 3807 2180 3875 bonis
2236 3805 2541 3872 omnibus

586 3894 713 3959 fuit
770 3892 1086 3971 luctuosa,
1143 3894 1237 3958 ita
1291 3912 1399 3958 me
1441 3892 1870 3959 vehementer
1911 3893 2166 3959 afflixit.
2253 3893 2429 3958 Nam
2471 3900 2543 3957 ct

584 3978 895 4066 privatim
952 3978 1053 4043 sin
1215 3999 1356 4044 rem
1412 3980 1652 4045 amoris
1708 3980 2017 4046 affectum
2059 3978 2226 4043 mihi
2281 3997 2541 4061 semper

586 4064 893 4142 ostendit,
938 4071 1005 4128 et
1085 4084 1197 4128 um
1231 4078 1462 4147 reputo
1484 4071 1798 4148 quantam
1833 4065 1905 4129 in
1934 4065 2134 4130 huius
2173 4063 2299 4130 viri
2328 4070 2540 4129 morte

585 4149 907 4218 iacturam
950 4149 1173 4214 fecerit
1217 4149 1506 4229 ecclesia,
1562 4171 1700 4215 non
1757 4171 2025 4233 possum
2069 4169 2201 4214 non
2245 4150 2541 4234 graviter

585 4235 1002 4303 commoveri.
1085 4231 1405 4317 Superior
1447 4256 1658 4301 annus
1686 4233 1743 4322 ⁸)
1787 4234 1975 4302 nobis
2017 4234 2168 4318 plus
2211 4239 2370 4301 satis
2412 4234 2541 4299 fuit

584 4322 903 4387 funestus.
991 4318 1166 4385 Nam
1218 4328 1287 4385 ct
1335 4319 1696 4403 Grynaeum
1735 4329 1800 4387 et
1847 4320 2209 4402 Capitonem
2252 4329 2320 4386 et
2363 4319 2537 4385 mul-

583 4413 691 4472 tos
732 4406 895 4472 alios
936 4404 1229 4489 insignes
1274 4404 1453 4471 viros
1495 4428 1629 4473 una
1671 4428 1822 4472 cnm
1855 4407 2060 4473 Leone
2093 4407 2280 4473 nobis
2314 4406 2538 4471 abstu-

584 4491 679 4557 lit.
766 4489 917 4572 Quo
959 4491 1171 4575 magis
1227 4489 1445 4557 danda
1496 4501 1596 4557 est
1653 4492 1843 4559 nobis
1886 4513 2101 4576 opera,
2158 4500 2236 4558 ut
2289 4512 2534 4557 novum

585 4597 811 4644 semen
846 4575 1225 4653 excitemus,
1267 4597 1354 4641 ne
1387 4576 1661 4644 ecclesia
1694 4576 2004 4646 destituta
2029 4584 2310 4644 maneat.
2379 4577 2535 4660 Qua

584 4663 658 4729 in
697 4682 772 4728 re
813 4682 1016 4746 quum
1057 4671 1323 4728 senatus
1356 4671 1574 4730 vester
1614 4665 1948 4750 egregiam
1985 4685 2255 4749 operam
2286 4683 2534 4731 navare

618 4917 752 4980 434.
789 4917 848 4976 1)
887 4915 2447 4991 Italuqucdmnmmsaeexsoqmaibuapparae.

786 4984 849 5046 2)
886 4985 1254 5054 Amastor-ato
1289 4986 1583 5045 Genavam.

787 5054 847 5114 8)
886 5054 1115 5110 Nodum
1145 5056 1212 5109 in
1244 5058 1426 5123 scirpo
1461 5063 1740 5128 quaenunt
1773 5058 1873 5128 qui
1898 5057 2532 5115 Calvinumhiemam

579 5127 962 5248 misnam
1005 5124 1176 5248 1618Ἰο
1215 5141 1348 5248 1ξ42
1372 5129 1578 5253 'affra
1657 5128 1939 5268 11091331ιῶ
1967 5127 2268 5252 &pm
2292 5141 2532 5252 ludaei}

584 5260 767 5331 spatio
797 5263 967 5332 paulo
998 5262 1190 5319 latiori
1218 5278 1401 5320 ma.
1579 5240 1592 5253 ⁶

2129 348 2656 420 EPISTOLAE
2698 350 3041 413 434—436

4472 348 4594 412 464

2645 536 2727 602 ab
2792 535 2980 601 initio
3032 556 3167 601 non
3223 533 3564 615 destiterit,
3631 534 3826 600 audio
3880 556 4032 602 eum
4085 556 4329 602 novam
4384 533 4594 604 adhuc

2646 622 3083 689 accessionem
3116 642 3329 704 nuper
3370 622 3615 688 fecisse.
3642 621 3701 705 ⁴)
3763 621 3914 689 Hac
3953 642 4067 704 spe
4109 622 4379 687 statrem
4423 622 4596 688 hunc

2644 707 3039 772 mittendum
3093 706 3177 772 ad
3228 728 3345 774 vos
3388 707 3779 773 censuimus.
3806 708 3868 784 ⁵)
3953 707 4128 772 Nam
4170 715 4239 772 et
4279 727 4596 790 perquam

2647 801 2875 858 tenues
2934 793 3249 858 habemus
3312 791 3569 859 scholas
3622 799 3690 857 et
3750 793 4090 860 facultates
4147 793 4385 859 aerarii
4441 798 4597 858 sunt

2646 887 2986 962 angustae.
3050 879 3278 961 Neque
3322 886 3581 944 nostros
3623 879 3749 945 1180
3791 878 3864 944 in
3905 887 4091 963 parte
4126 879 4325 944 nimis
4358 900 4596 964 urgere

2645 967 2883 1030 audeo:
2949 964 3261 1048 quoniam
3299 963 3490 1031 video
3549 966 3712 1031 satis
3753 965 4042 1030 solutum
4085 968 4379 1030 animum
4420 966 4596 1049 ipsos

2646 1050 2905 1130 habere,
2947 1050 3063 1115 sed
3098 1071 3333 1116 manus
3367 1050 3620 1134 ligatas.
3690 1050 3751 1114 N
3754 1072 3840 1115 on
3882 1059 4101 1115 tamen
4134 1049 4315 1117 hunc
4347 1059 4596 1117 temere

2645 1136 2832 1202 vobis
2887 1135 3289 1202 commende.
3379 1136 3552 1200 Nam
3594 1135 4045 1216 Bernardinus
4086 1134 4435 1215 Senensis,
4491 1136 4598 1204 vir

2645 1221 3037 1304 praeclarus,
3065 1223 3124 1299 ⁶)
3169 1230 3236 1288 et
3276 1220 3391 1286 alii
3434 1219 3563 1286 duo
3597 1222 3709 1303 qui
3752 1229 4123 1305 perspectos
4165 1221 4415 1287 habent
4456 1223 4597 1289 eius

2645 1329 2859 1373 mores
2880 1308 3046 1372 mihi
3078 1308 3247 1374 serio
3278 1306 3503 1373 testati
3542 1315 3715 1386 sunt,
3759 1309 4079 1390 optimum
4115 1328 4258 1373 esse
4290 1308 4598 1374 iuvenem

2645 1403 2715 1457 et
2768 1394 2838 1458 in
2896 1414 3091 1476 quem
3113 1392 3165 1478 7)
3210 1401 3481 1459 80118ι118
3524 1394 3733 1460 vestri
3786 1394 4158 1478 benignitas
4200 1393 4594 1460 conferatur.

2644 1479 2812 1545 Peto
2854 1480 3062 1563 igitur
3114 1479 3230 1545 abs
3283 1484 3350 1544 te
3391 1486 3471 1544 ut
3527 1500 3677 1544 eum
3723 1501 3872 1544 mea
3913 1499 4112 1546 081188
4153 1478 4487 1561 suscipias,
4532 1484 4598 1544 et

2645 1567 2996 1630 autoritate
3041 1572 3154 1631 tua
3188 1563 3364 1648 apud
3406 1573 3707 1631 senatum
3740 1565 3947 1630 iuves.
4012 1564 4243 1648 Neque
4284 1573 4353 1630 te
4387 1585 4597 1630 unum

2646 1647 2969 1715 duntaxat
3011 1650 3133 1716 1180
3177 1650 3258 1716 (10
3301 1671 3374 1715 re
3416 1658 3679 1716 oratum
3722 1651 3939 1727 velim,
3983 1650 4100 1715 sed
4143 1650 4305 1716 alios
4345 1670 4598 1735 quoque

2645 1736 2880 1802 fratres
2924 1756 3102 1801 meos
3144 1735 3569 1813 venerandos,
3626 1735 3860 1820 quibus
3900 1735 4180 1803 salutem
4222 1757 4309 1801 ex
4346 1757 4454 1801 me
4498 1735 4599 1801 di-

2644 1841 2769 1887 ces.
2856 1822 3181 1887 Dominus
3221 1821 3411 1888 Iesus
3459 1843 3574 1888 vos
3616 1843 3847 1887 omnes
3889 1821 4124 1905 spiritu
4178 1842 4296 1887 suo
4339 1842 4599 1905 semper

2645 1915 2833 1990 regat
2865 1927 3111 1991 suaque
3147 1907 3317 1973 dona
3351 1908 3420 1971 in
3454 1908 3640 1973 vobis
3673 1909 4017 1974 confirmet
4036 1908 4096 1985 Β)
4118 1915 4314 1992 atque
4334 1914 4595 1993 augeat.

2648 1991 2965 2060 Genevae
3009 1997 3067 2059 6.
3115 1991 3301 2060 eidus
3341 1992 3659 2059 Novemb.
3717 1997 3897 2059 1542.

3559 2131 3846 2197 Ioannes
3890 2129 4208 2199 Calvinus
4250 2137 4421 2197 tuus.

3534 2760 3689 2834 435.

3141 2914 3613 2984 OPORINUS
3659 2913 4095 2984 OALVINO.

2826 3089 3099 3154 Tristem
3138 3107 3325 3153 suam
3363 3087 3770 3153 conditionem
3809 3089 4072 3169 exponit,
4127 3092 4359 3172 quippe
4397 3090 4515 3173 qui
4555 3111 4604 3157 a

2647 3174 3043 3258 mayistratu,
3066 3193 3260 3255 quum
3285 3174 3676 3240 Almanam
3708 3172 3904 3238 latine
3921 3173 4222 3240 edendum
4242 3175 4423 3257 prelo
4454 3175 4602 3242 sub-

2647 3260 2903 3340 iecisset,
2946 3259 3020 3325 in
3051 3279 3355 3325 carcerem
3385 3258 3688 3324 coniectus
3718 3258 3931 3341 suerit,
3966 3264 4023 3324 et
4051 3262 4187 3326 iam
4219 3282 4365 3327 aere
4393 3261 4607 3327 alieno

2647 3365 2986 3429 oppressus
3040 3344 3343 3411 Basileae
3393 3343 3641 3426 frustra
3690 3346 4066 3427 quaesiverit
4117 3347 4231 3430 qui
4283 3347 4415 3429 {vsi
4454 3367 4604 3413 mu-

2644 3436 2821 3497 tuum
2858 3431 3101 3498 darent
3186 3430 3461 3497 Meliora
3507 3429 3790 3496 Genevae
3829 3435 4151 3513 exspectat.

2930 3602 3044 3667 (Ex
3077 3602 3413 3671 autographo
3447 3600 3579 3656 Ood.
3616 3601 3857 3657 Gothani
3890 3599 4008 3669 404.
4042 3601 4135 3657 rol.
4172 3601 4319 3670 ¹269.)

2818 3791 2901 3856 D.
2925 3789 3159 3855 Ioanni
3194 3788 3476 3856 Calvino
3518 3789 3932 3859 ecclesiastae
3965 3792 4345 3861 Genevensi
4387 3795 4604 3862 amico

2643 3875 2842 3962 longe
2885 3875 3220 3942 carissimo
3263 3896 3398 3941 suo.
4088 3964 4419 4032 Gemm-

2816 4097 2889 4165 S.
2942 4096 3214 4164 Prolixe
3270 4098 3553 4164 scribere
3609 4098 3695 4165 ad
3748 4106 3815 4167 te
3869 4121 4175 4185 cuperem
4231 4110 4311 4167 ut
4366 4123 4605 4169 08811111

2644 4184 2764 4251 tibi
2803 4204 3025 4250 meum
3066 4202 3490 4264 recenserem,
3536 4186 3648 4269 qui
3690 4207 3903 4270 nuper
3945 4186 4112 4252 mihi
4153 4186 4392 4254 accidit
4432 4189 4605 4255 satis

2641 4269 2984 4355 indignus:
3042 4266 3158 4335 sed
3201 4269 3354 4352 quia
3392 4291 3527 4336 non
3568 4281 3761 4339 vacat
3803 4272 3985 4338 brevi
4028 4293 4287 4339 summa
4329 4282 4601 4341 tantum

2639 4356 2856 4440 capita
2893 4354 3084 4421 velut
3123 4354 3198 4419 in
3241 4354 3436 4423 amici
3477 4357 3799 4424 carissimi
3830 4358 4051 4424 sinum
4084 4358 4358 4427 collecta
4390 4357 4600 4446 depc-

2843 4644 2906 4713 4)
2941 4644 3079 4700 Non
3110 4650 3227 4702 tam
3260 4644 3329 4700 de
3359 4643 3720 4701 ecclesiatico
3754 4643 4479 4770 mactatast-'cod'

2637 4729 2861 4769 men
2895 4713 3102 4769 didam
3134 4714 3370 4796 videtur,
3406 4730 3515 4784 quo
3549 4719 3731 4769 creato
3891 4713 3902 4725 ’
4042 4715 4053 4727 “
4106 4720 4335 4771 soum
4360 4661 4599 4785 pm

2840 4852 2902 4909 5)
2936 4790 3406 4921 Ρῖιῖεξνθῗῖῗᾶῑεω
3441 4853 3686 4921 aliquam
3714 4852 4048 4918 functionem
4082 4854 4390 4924 quaerebat.

2839 4919 2900 4987 6)
2994 4923 3044 4975 ir
3060 4924 3397 4991 praeclarus:
3434 4922 3565 4976 haec
3599 4921 3763 4976 verba
3800 4923 3859 4975 in
3895 4922 4075 4977 codice
4109 4938 4147 4976 a
4181 4923 4386 4978 seriori
4414 4939 4595 4978 manu

2634 4990 2804 5045 deleta
2839 4997 3011 5124 §llinis
3042 5060 3288 5127 mar-qino
3320 5058 3582 5113 recentior
3623 5075 3819 5113 manus
3862 5058 4104 5128 supplet.-
4155 5075 4269 5114 non
4302 5059 4417 5113 indi
4492 5077 4591 5115 nm

2636 5128 2719 5211 ςίιι
2768 5145 2930 5197 quem
2979 5125 3138 5195 Quod
3185 5127 3284 5181 Br.
3341 5127 3540 5196 recepit
3598 5128 3655 5181 in
3705 5134 3934 5197 textum,
3974 5141 4263 5197 perperam
4311 5077 4577 5185 maginus.

2631 5215 2690 5252 m
2725 5213 2898 5332 quo‘ss)
2934 5269 3221 5319 conservet
3256 5263 3356 5319 Br.
