5050 6167
399 452 474 512 27
2090 452 2254 515 1504
2294 446 2691 517 Allonem.
4320 451 4405 516 ‘te

396 658 519 721 que
559 638 729 704 meis
769 657 1054 704 exorem.
1121 637 1316 704 Nosti
1360 639 1537 704 enim
1580 644 2049 705 testamentum
2084 638 2349 721 propria

398 744 597 789 manu
638 724 957 806 scriptum
1010 726 1085 789 in
1139 733 1475 808 posterum
1531 723 1858 789 infirmari
1912 743 2104 808 posse
2147 733 2346 806 atque

394 809 590 888 reiici,
646 830 849 892 quum
893 830 936 875 a
975 810 1242 876 nemine
1286 810 1699 876 characteres
1741 809 2009 894 agnosci
2052 830 2129 875 ac
2172 827 2347 874 eom-

393 895 655 978 probm
695 894 1047 961 valuerint.
1119 895 1332 961 Plura
1374 917 1510 961 non
1552 896 1783 974 scribo,
1827 894 1998 978 quod
2021 893 2350 961 Fan-ellum

393 979 508 1044 tibi
569 982 793 1046 omnia
856 980 1118 1046 abunde
1182 1002 1491 1047 narrasse
1544 981 1845 1047 arbitror.
1950 980 2344 1046 Memineris

390 1075 578 1131 tuum
640 1066 810 1131 mihi
873 1066 1170 1132 revelare
1232 1067 1584 1134 consilium
1650 1086 1849 1150 super
1907 1066 2030 1133 hoc
2095 1065 2346 1132 difficili

391 1150 577 1230 nodo,
622 1172 746 1218 nee
788 1150 859 1216 id
899 1152 1175 1219 minoris
1235 1151 1412 1238 apud
1467 1173 1576 1218 me
1628 1154 1754 1218 erit
1806 1152 2003 1236 pretii
2045 1173 2243 1236 quam
2288 1150 2347 1217 si

390 1255 431 1301 a
480 1249 671 1320 patre
711 1238 1253 1320 proficisceretur.
1345 1237 1461 1305 Sic
1512 1258 1675 1303 sane
1734 1237 2068 1337 Calvinum
2123 1258 2347 1303 meum

388 1332 549 1473 {tale
593 1345 939 1473 ωηιξη
930 1344 1222 1494 (151061ιίιῖοὲ
1225 1324 1394 1489 ptlua,
1449 1331 1650 1493 quztm
1702 1419 1770 1476 te
1823 1323 2347 1493 negot-⁸⁰5¹&

388 1491 782 1574 audivimus,
802 1496 852 1573 ¹)
925 1496 1182 1560 utinam
1236 1505 1374 1561 tam
1435 1495 1718 1562 feliciter
1767 1516 1966 1579 quam
2017 1494 2347 1561 desidera-

388 1600 553 1645 mus.
664 1577 988 1645 Dominos
1224 1581 1236 1594 ⁶
1448 1631 1465 1660 ,
1542 1580 1892 1661 Bucerum,
1971 1579 2345 1660 Stumiuno,

388 1664 795 1745 Haedionevn,
840 1664 1193 1732 Immo-dm
1225 1687 1302 1732 ac
1335 1667 1611 1732 tratrem
1646 1679 1839 1732 tuum
1883 1674 2111 1731 nostro
2155 1685 2345 1733 accu-

388 1763 529 1817 rate
576 1750 892 1816 salutabis
934 1752 1221 1831 nomine,
1264 1753 1321 1818 si
1368 1751 1600 1836 placet.
1688 1752 2074 1830 Alexander,
2119 1750 2343 1817 Erunt.

388 1835 620 1903 Antan,
678 1837 1161 1904 Armentianus
1216 1840 1352 1922 (cui
1396 1836 1788 1905 decanatum
1830 1837 2345 1924 resignavimus)

390 1933 455 1988 st
493 1923 710 1989 nostri
750 1943 979 1990 omnes
1021 1944 1141 2006 vos
1183 1924 1665 2007 impensissime
1705 1922 2013 2002 salutant,
2058 1923 2345 1987 maxime

391 2008 637 2161 ΡΊὛ
680 2030 720 2074 a
746 2007 946 2075 Fonte
986 2011 1099 2094 qui
1142 2012 1364 2075 omnia
1404 2009 1561 2076 boni
1605 2008 1950 2075 consuluit.
2041 2007 2343 2087 Tononii,

776 2232 961 2298 'l'nus
1004 2239 1074 2298 et
1115 2232 1340 2299 fratris
1375 2231 1897 2317 christophorus
1939 2230 2344 2298 Libertinns.

1268 2459 1313 2464 ..-
1356 2457 1563 2466 ----ο-

1292 2604 1438 2675 285.

819 2742 1321 2812 PARELLUS
1362 2741 1917 2810 LIBEBTE'I'O.

554 2913 718 2999 Agit
759 2913 836 2980 de
876 2915 1150 2997 quodam
1190 2936 1372 2998 quem
1404 2914 1513 2982 ale
1554 2914 2081 2981 commendaverat
2122 2913 2342 2980 minis-

384 3002 541 3067 tm‘o
606 3020 788 3067 sacro
852 3000 1084 3067 alicubi
1153 3000 1227 3067 in
1288 3021 1441 3086 ayro
1500 2999 1905 3068 Neocomemi
1962 3000 2338 3068 donandum.

397 3083 635 3154 Uxoris
682 3084 931 3153 Calvini
972 3086 1134 3154 laus.

389 3257 499 3324 (Ex
551 3257 890 3329 autographo
937 3258 1084 3313 Bibl.
1128 3263 1411 3382 pachon-ul?
1436 3257 1700 3395 εῙίῆῗοιιοιιι.
1749 3258 1889 3329 Epp.
1925 3257 2124 3312 Faeni
2159 3256 2338 3312 fascio.

863 3498 1002 3566 Suo
1047 3496 1523 3585 Ohristophoro
1567 3497 1867 3564 Tononii.

558 3636 631 3702 S.
701 3635 1008 3703 Gratiam
1052 3647 1121 3704 et
1163 3656 1408 3718 pacem.
1496 3635 1696 3704 Facis
1738 3646 1817 3701 ιιι
1858 3635 2046 3702 decet
2087 3633 2343 3702 Christi

384 3722 800 3799 ministrum,
858 3724 1154 3788 intentus
1197 3744 1328 3788 non
1382 3721 1595 3788 solnm
1640 3720 1996 3788 commodis
2036 3722 2342 3789 ecclesia-

388 3827 545 3873 rum
607 3809 918 3888 istarm,
986 3808 1102 3875 sed
1157 3817 1227 3874 et
1282 3808 1592 3888 aliarum,
1659 3827 1864 3891 quum
1921 3827 2149 3873 omnes
2205 3807 2343 3874 sint

388 3914 601 3958 unum
640 3913 878 3977 corpus
932 3902 1000 3959 et
1041 3893 1249 3978 prosit
1291 3892 1594 3961 omnibus
1636 3893 1806 3977 quod
1850 3893 1971 3958 uni
2013 3902 2116 3959 est
2156 3893 2340 3972 utile,

389 3988 595 4062 prout
634 3991 829 4045 nocet
869 3980 1197 4046 universis
1239 3980 1412 4063 quod
1455 3981 1666 4046 cuivis
1708 3979 1927 4045 officit.
2019 3978 2342 4063 Cupimus

385 4075 453 4129 ct
495 4083 728 4129 omnes
766 4064 877 4131 hic
932 4066 1120 4148 paria
1171 4066 1416 4145 facere,
1472 4066 1719 4149 tibique
1770 4065 2018 4149 gratias
2060 4066 2339 4149 agimus,

385 4149 564 4233 quod
584 4150 701 4215 ubi
718 4152 990 4218 morbus
1010 4159 1114 4217 est
1138 4151 1422 4217 difficilis
1454 4150 1783 4219 medicum
1816 4151 2015 4216 offers
2050 4152 2341 4235 aegrotis

387 4237 758 4319 appositum
778 4238 1000 4302 virum
1032 4257 1151 4321 pro
1172 4236 1442 4303 Christo
1474 4247 1824 4321 pastorem,
1862 4258 1938 4303 ae
1974 4237 2087 4320 qui
2124 4237 2341 4320 potius

386 4323 611 4386 omnia
632 4321 996 4388 deseruerit
1022 4344 1220 4406 quam
1240 4323 1603 4400 Christum,
1650 4343 1788 4388 non
1808 4342 2163 4401 cursorem,
2203 4342 2341 4387 non

388 4406 833 4484 ambitiosum,
892 4416 963 4473 et
1017 4409 1148 4474 alia
1189 4429 1359 4492 quae
1403 4410 1535 4475 tuis
1578 4407 1879 4475 indicasti
1921 4408 2131 4474 literis
2174 4408 2338 4473 ami·

425 4610 2338 4683 284.1)Haecmprinamsouoeorio0alveuitandomau-

388 4684 617 4752 quondo
649 4698 847 4739 revera
878 4683 1095 4752 ductae,
1131 4684 1396 4753 nequede
1427 4680 2343 4750 monaeAuyustoaubitafipom

392 4754 616 4809 vidam
648 4769 819 4822 quem
850 4752 967 4808 ian·
999 4768 1083 4821 ep.
1189 4751 1751 4807 moedoeaeeFareUue
1783 4750 2218 4819 Argentoratum
2247 4764 2341 4805 eo·

388 4824 543 4879 nisse
587 4822 829 4878 dicam.
908 4821 1030 4877 Alii
1120 4822 1441 4888 emembrem
1483 4819 1739 4875 indicant
1784 4818 2094 4881 (Staehelin
2123 4835 2183 4887 p.
2217 4818 2341 4873 275.

390 4894 631 4961 Bonna,
666 4891 831 4946 recita
863 4889 1055 4945 dume
1098 4890 1273 4947 siecle
1302 4909 1361 4961 p.
1379 4890 1466 4944 84.
1518 4887 1709 4968 Kamp
1898 4889 1909 4900 '
2010 4892 2343 4943 auhunnum

388 4964 590 5028 ponit).
664 4960 754 5015 De
782 4975 989 5028 pompa
1022 4961 1089 5041 in
1118 4960 1209 5015 his
1251 4959 1468 5027 nuptiis
1494 4957 1774 5037 cambita,
1822 4957 1995 5025 deque
2022 4957 2344 5038 praesentia

396 5101 470 5154 hs
501 5046 695 5154 ninam
729 5029 1021 5152 gaeterum
1053 5069 1301 5180 uoeofem,
1335 5029 1557 5177 ποῗιιέιε
1591 5041 2110 5164 euoeJdelettcmff,⁸13t
2141 5042 2342 5175 ‘dilet-

392 5167 1059 5234 undeBmdoetan,
1106 5163 2345 5235 vduamfinsxAnabapmetaeLeodsenm

396 5239 637 5294 Iunas
670 5235 961 5304 Sturam,
997 5229 1794 5305 mitam-idemffivalvo'no
1824 5231 2345 5287 meliorneaoetiae

390 5305 1159 5377 putamen-omium
1203 5321 1365 5362 aaut
1409 5303 1905 5376 peetednteremti,
1948 5317 2041 5357 m
2085 5302 2345 5358 mutter

3474 636 3716 705 fratres
3755 647 3836 704 ut
3873 638 4080 704 istum
4120 638 4408 707 horteris

2450 731 2528 789 ut
2587 722 2719 787 huc
2782 743 2856 788 se
2916 723 3232 803 conferat,
3304 724 3620 789 mmirum
3698 723 3962 790 visurus
4036 725 4404 809 principem

2450 829 2641 874 suam
2661 810 2719 884 ²)
2773 829 2851 874 ac
2913 808 3098 874 illam
3159 808 3565 875 salutaturus
3621 810 3692 874 in
3747 808 4066 889 Domino,
4132 811 4191 877 si
4241 809 4403 893 quid

2448 893 2658 978 possit
2698 893 2869 960 effici
2923 914 3044 978 per
3086 914 3263 973 eam,
3318 906 3386 959 et
3426 895 3629 961 stau-e
3682 898 4046 962 accuratius
4087 897 4400 981 inspecto,

2450 988 2522 1046 et
2577 979 2765 1045 donis
2816 980 2947 1046 Dei
3003 980 3237 1064 quibus
3289 980 3472 1046 valet
3489 1030 3506 1058 ,
3577 981 3634 1046 si
3697 981 3882 1048 visus
3933 981 4135 1048 fuerit
4187 983 4408 1066 aptior

2450 1085 2654 1148 quam
2711 1065 2770 1130 is
2825 1084 3023 1149 quem
3076 1067 3208 1130 iam
3264 1066 3456 1150 pauci
3512 1087 3586 1132 re
3630 1073 3825 1132 utant
3886 1087 4021 1132 non
4078 1068 4401 1152 ineptum,

2450 1150 2695 1235 poterit
2734 1151 3142 1235 provinciam
3176 1151 3525 1235 suscipere.
3646 1151 3727 1217 ed
3768 1152 3935 1218 nihil
3977 1153 4166 1219 fratri
4209 1152 4401 1237 polli-

2450 1236 2688 1303 cearis:
2742 1245 3002 1302 tantum
3054 1236 3478 1321 persuadebis
3529 1236 3703 1322 quod
3745 1245 3815 1301 et
3855 1245 4030 1305 certe
4073 1237 4265 1304 debet
4303 1239 4401 1305 fa-

2451 1342 2618 1399 cere,
2662 1329 2738 1387 ut
2778 1322 3140 1388 Dominam
3195 1324 3444 1389 invisat
3495 1331 3563 1388 et
3612 1323 3851 1389 fratres
3903 1323 4016 1407 qui
4066 1322 4176 1390 hic
4222 1333 4399 1392 sunt.

2448 1408 2782 1474 Laborem
2826 1429 2963 1473 non
3005 1407 3520 1488 detrectandam,
3566 1406 3741 1473 unde
3782 1408 4034 1475 fruetus
4077 1420 4399 1492 speratur,

2449 1515 2572 1578 pro
2628 1503 2746 1559 tua
2799 1492 3154 1577 prudentia
3206 1514 3397 1580 ages,
3465 1509 3543 1560 ιιι
3591 1513 3730 1559 non
3779 1494 3997 1560 tardet
4054 1502 4205 1560 ante
4260 1493 4402 1561 dies

2450 1588 2598 1645 octo
2641 1579 2773 1646 huc
2814 1580 3042 1646 venire
3083 1588 3161 1645 ut
3202 1579 3513 1647 ecelesiae
3570 1580 3855 1664 prospici
3896 1580 4130 1647 melius
4171 1580 4397 1666 possit.

2449 1665 2720 1732 Literae
2762 1671 2916 1731 tuae
2960 1664 3044 1731 ad
3090 1663 3424 1732 Gabiniam
3474 1664 3717 1750 probae
3771 1674 3841 1731 et
3881 1664 4194 1733 honestae
4236 1686 4402 1732 uxo-

2448 1751 2564 1830 ris,
2600 1750 2768 1818 adde
2803 1751 3006 1818 etiam
3038 1752 3359 1818 formosae
3393 1752 3725 1830 maritum,
3744 1752 3773 1792 ⁸
3844 1750 4099 1818 tardius
4131 1751 4403 1818 fuerunt

2448 1835 2776 1903 redditae:
2821 1844 3044 1902 tamen
3087 1836 3330 1904 curabo
3372 1837 3563 1903 fratri
3606 1835 3917 1903 redd1tas.
3984 1837 4237 1903 Mirum
4278 1847 4398 1918 est,

2450 1921 2624 2006 quod
2667 1932 2736 1988 et
2779 1921 2973 1988 valdo
3016 1923 3312 2006 queritur
3368 1922 3654 2002 Viretue,
3709 1943 3832 1988 nos
3885 1922 3982 1988 ita
4034 1943 4231 2009 agere
4285 1924 4400 2007 qui

2449 2008 2521 2074 in
2564 2009 2851 2074 Domino
2905 2029 3111 2073 unum
3170 2029 3431 2087 sumus,
3485 2005 3760 2091 perinde
3815 2030 3891 2074 ac
3933 2009 3992 2074 si
4043 2018 4178 2074 toto
4220 2009 4400 2076 coelo

2452 2100 2519 2159 to
2631 2115 2715 2160 ue
2772 2101 2954 2159 terra
3021 2093 3302 2161 seiuncti
3369 2112 3681 2159 essemus.
3778 2093 3916 2160 Nos
3970 2093 4217 2161 invises
4279 2093 4400 2161 ubi

2450 2200 2777 2264 respirare
2831 2177 3093 2244 dabitur
3163 2200 3205 2244 a
3259 2187 3357 2245 tot
3418 2179 3701 2329 neffotiis
3766 2200 3931 2263 quae
3993 2178 4271 2246 feliciter
4333 2192 4402 2246 et

2451 2273 2676 2331 sancte
2764 2283 2838 2330 er
2880 2269 2946 2328 te
2985 2264 3313 2330 Dominus
3356 2264 3513 2330 abso
3541 2272 3671 2330 vat..
3736 2263 4001 2330 Interea
4031 2286 4166 2330 non
4208 2285 4400 2349 prae-

2450 2358 2663 2416 tereas
2816 2357 2985 2414 trem
3038 2347 3120 2416 de
3175 2371 3304 2433 quo
3360 2349 3709 2433 scripsisti,
3776 2357 3844 2416 et
3897 2351 4031 2415 iam
4092 2349 4401 2417 admonui

2448 2434 2583 2501 huc
2625 2436 2890 2501 mittere
2941 2433 3116 2519 quod
3159 2444 3224 2500 te
3267 2443 3506 2520 rogant
3563 2439 3809 2501 omnes.
3897 2434 4066 2501 Vale
4115 2435 4281 2502 bene
4323 2456 4402 2501 ac

2449 2541 2710 2604 semper
2762 2540 2918 2588 cura
2988 2540 3144 2587 oves
3209 2542 3373 2605 quas
3429 2521 3547 2586 tibi
3605 2519 3915 2587 Christus
3976 2520 4397 2588 concredidit.

2450 2604 2765 2672 Salutant
2806 2615 2873 2673 te
2913 2605 3012 2690 pii
3053 2627 3298 2672 omnes.
3387 2604 3622 2673 Saluta
3662 2626 3892 2672 omnes
3933 2606 4080 2690 pios
4118 2606 4288 2688 istic,
4320 2617 4402 2673 ut

2446 2693 2847 2776 praefectum
2889 2713 3024 2758 non
3066 2701 3491 2776 praeteream.
3577 2690 3910 2771 Neocomi,
3966 2695 4066 2756 28.
4112 2691 4397 2778 Augusti

2449 637 2748 704 cissimis.
2838 636 3155 703 Iusserim
3181 639 3233 722 Ι)

3699 2862 4007 2929 Farellus
4050 2869 4221 2928 tuus.

3344 3544 3490 3615 28⁶.

2931 3699 3430 3768 FARELLUS
3474 3698 3912 3767 OALVINO.

2620 3897 3007 3964 Gratulatur
3050 3899 3112 3963 ei
3162 3897 3410 3964 nomine
3460 3897 3832 3981 colleyarum
3878 3899 4193 3965 occasione
4231 3918 4395 3980 nup-

2440 3986 2682 4050 tiarum
2717 3984 3064 4067 invitatque
3104 4003 3245 4049 eum
3286 3987 3359 4047 ut
3400 3983 3641 4049 eosdem
3680 4002 3823 4049 cum
3862 4003 4061 4050 uxore
4094 3985 4395 4066 proximo

2440 4091 2609 4137 anno
2663 4070 2936 4135 invisere
3003 4068 3164 4135 velit.
3269 4066 3541 4135 Piorum
3579 4071 4093 4152 persequutiones
4161 4069 4396 4136 Vesun-

2441 4158 2604 4223 tione
2641 4156 2878 4239 factae,
2918 4174 3046 4236 pro
3101 4151 3331 4236 quibus
3377 4152 3684 4220 Ber-nates
3717 4156 4113 4222 intercedunt.
4201 4155 4399 4222 Lam-

2442 4242 2601 4308 blini
2642 4240 2946 4325 martyris
2997 4240 3317 4305 memoria.
3407 4238 3674 4316 Delium
3726 4260 3868 4306 cum
3924 4238 4111 4308 libris
4156 4238 4398 4307 Rihezii

2448 4328 2702 4394 Geneva
2768 4326 3144 4392 Neocomum
3206 4326 3428 4392 missis
3493 4325 3810 4393 advectum
3866 4331 3970 4393 est.
4076 4326 4399 4393 Tossauue

2440 4414 2518 4481 de
2541 4414 2866 4496 paucitate
2899 4413 3334 4477 mini-ebrorum
3375 4412 3678 4494 queritur.

2446 4612 2558 4677 (nx
2595 4609 2934 4680 ωωμιριιο
2970 4607 3114 4663 sim.
3163 4611 3449 4729 ρζὲηῆω
3470 4606 3950 4743 &offanum
4021 4608 4160 4679 epp.
4197 4607 4397 4662 suom

2490 4950 3085 5018 aanmdubia.
3139 4946 4399 5019 Etaeqmia,promoroamptoria,m

2650 5091 2714 5156 2)
2749 5091 2960 5144 Jcaune
2991 5090 3062 5142 dc
3097 5087 3419 5157 Hocbberg,
3467 5102 3638 5140 veuve
3674 5087 3744 5140 de
3777 5087 3942 5142 Leuis
3976 5085 4256 5139 d’Orlesns
4291 5085 4396 5139 duc

2443 5164 2514 5215 de
2551 5159 2921 5241 Iacngucviiie.
2990 5157 3143 5213 Erat
3183 5172 3248 5213 eo
3275 5162 3521 5225 tenpore
3558 5153 3821 5226 prinecps
3854 5154 4146 5211 comitatus
4180 5152 4393 5210 Nom·

2650 5269 2714 5364 s)
2751 5225 3442 5351 Patalam-emm
3465 5293 3691 5364 vidisse,
3725 5293 4399 5362 murto-namucencis

2447 5366 2529 5425 N.
2566 5365 2687 5437 233,
2721 5370 2836 5421 not.
2872 5365 2907 5418 2
2940 5369 2992 5420 et
3027 5364 3107 5420 N.
3135 5366 3236 5419 234
3270 5365 3680 5421 mtavinm.
