5050 6167
382 444 500 509 209

378 633 525 700 ierit
578 630 947 715 explicatio,
984 630 1175 697 facile
1210 628 1531 695 coniicies.
1612 627 1750 693 Nos
1792 626 1953 692 satis
1992 625 2330 692 commode

377 718 510 785 iam
571 718 878 785 vivimus.
978 717 1199 782 Pestis
1265 715 1462 798 plane
1520 712 1731 780 desiit.
1751 714 1810 789 ⁸)
1914 711 2328 793 Skidanuso

376 803 499 871 hac
540 804 821 881 transiit,
867 801 1202 868 rediturus
1258 802 1329 865 in
1369 800 1589 865 aulam
1633 798 1842 882 Regis
1885 819 1968 864 ex
2028 798 2326 865 comitiis.

375 889 561 956 Nihil
602 888 785 956 aliud
825 890 884 954 is
928 887 1154 953 retulit
1196 907 1395 970 quam
1436 906 1605 969 quae
1648 906 1860 967 nuper
1902 883 1987 949 ad
2030 905 2151 949 nos
2190 882 2331 948 Bu-

377 996 570 1042 cerus.
660 977 761 1040 'Pu
806 994 1049 1058 quaeso
1091 992 1270 1038 meas
1328 992 1487 1038 cura
1528 971 1821 1036 Bernam
1875 969 2174 1053 perferri,
2228 969 2331 1034 id-

375 1082 499 1145 que
556 1062 769 1145 primo
827 1081 1082 1143 quoque
1153 1067 1462 1141 tempore.
1566 1056 1899 1122 Adiuvare
1972 1065 2040 1120 te
2092 1055 2332 1139 poterit

375 1147 499 1213 hac
548 1147 622 1211 in
681 1169 754 1211 re
808 1145 913 1244 vel
964 1144 1321 1228 Billinyias
1385 1143 1490 1209 vel
1553 1142 1885 1224 Oporinus.
1990 1142 2179 1225 Rogo
2244 1163 2329 1207 ne

372 1230 1218 1401 ffissgssi’tflfflffifflrssffi
1248 1226 2331 1412 Τὲἓΐοῖἑῗξῖῗῗμὲἒᾘοῗέ

371 1402 516 1470 luta
556 1404 964 1469 amicissime.
1054 1401 1434 1469 Penultima
1475 1399 1746 1482 Aprilis.

1956 1533 2151 1600 Bedr.

1273 1983 1427 2053 3⁰6.

454 2120 956 2189 PARELLUS
1000 2118 1486 2188 MDJISTRIS
1535 2116 2238 2186 TURICENSIBUS.

550 2294 992 2360 Turiam-sium
1020 2292 1238 2358 laudes
1280 2293 1447 2356 canit
1484 2310 1788 2373 suumque
1828 2310 1980 2373 crya
2018 2310 2120 2355 eos
2151 2290 2328 2355 devo-

365 2381 689 2447 tissimum
751 2384 1014 2445 testatur
1080 2379 1381 2443 animum.
1491 2376 1730 2458 Quibus
1781 2377 2164 2457 praemissis
2226 2375 2328 2439 de-

363 2467 570 2550 fendit
609 2486 679 2531 se
720 2487 762 2530 a
805 2466 1065 2530 erimine
1106 2465 1269 2547 quod
1311 2465 1379 2527 in
1424 2464 1640 2543 ipsum
1696 2482 1898 2544 nuper
1953 2460 2191 2542 oblique
2231 2462 2328 2526 in-

366 2553 710 2632 tenderant,
752 2552 939 2632 quasi
981 2552 1145 2616 ritus
1176 2549 1532 2632 pontificios
1591 2547 1996 2614 Neocomensi
2041 2548 2330 2613 ecclesiae

367 2638 698 2704 obtrudere
738 2637 1047 2702 voluisset.

370 2810 483 2875 (Ex
534 2815 763 2878 autogra
802 2807 873 2861 ho
918 2807 1140 2860 Archiv.
1188 2805 1369 2859 Turio.
1419 2804 1562 2859 Plut.
1601 2803 1698 2857 VI.
1738 2804 1844 2857 vol.
1883 2800 1984 2857 105
2017 2803 2148 2857 olim
2183 2802 2246 2857 B.
2283 2803 2325 2857 1.

760 2825 854 2932 Ra
891 2875 1009 2930 336.
1082 2876 1280 2929 Exstat
1314 2874 1403 2943 a‘p.
1441 2873 1654 2927 Simler.
1690 2873 1795 2926 vol.
1836 2871 1950 2938 49.)

546 3064 1103 3133 Praeclarissimis
1170 3064 1420 3130 Christi
1484 3061 1889 3127 administris
1962 3061 2328 3144 pastoribus

366 3153 746 3221 doctoribus
789 3160 857 3215 et
898 3150 1224 3215 ministris
1266 3149 1544 3233 insignis
1600 3148 1911 3214 ecclesiae
1968 3147 2330 3232 Tigurinae

362 3240 436 3306 in
482 3238 773 3306 Domino
816 3256 1016 3321 quam
1056 3236 1344 3301 maxime
1386 3233 1830 3300 observandis.

1902 3371 2152 3454 Tiguri.

544 3543 613 3611 S.
674 3546 958 3631 gratiam
1015 3552 1083 3609 et
1133 3564 1361 3626 paoem
1415 3563 1456 3607 a
1509 3540 1676 3607 Deo.
1763 3540 1988 3622 Quum
2044 3541 2328 3607 redirem

363 3651 449 3697 ex
511 3651 672 3717 agro
735 3630 900 3696 mihi
966 3629 1263 3696 redditae
1328 3629 1600 3693 fuerunt
1679 3640 1939 3693 vest-rae
2018 3627 2248 3693 literae
2278 3628 2326 3711 ¹)

362 3738 533 3802 quas
579 3718 745 3782 mira
787 3737 939 3783 cum
983 3716 1186 3781 animi
1229 3715 1481 3780 laetitia
1521 3714 1776 3796 excepi,
1838 3732 1913 3779 ac
1956 3713 2326 3796 gratulatus

361 3824 517 3870 sum
560 3803 875 3869 fratribus
918 3800 1090 3885 quod
1143 3800 1395 3884 priores
1452 3821 1584 3864 una
1647 3800 2024 3882 congregati
2079 3819 2189 3864 eas
2233 3800 2326 3863 le-

361 3889 639 3974 gissent.
729 3888 927 3966 Sane,
973 3885 1551 3953 observandissimi
1586 3885 1838 3961 fratres,
1876 3906 2154 3967 quorum
2190 3885 2326 3968 pie-

362 3981 577 4040 tatem
641 3987 709 4037 et
771 3973 1136 4038 doctrinam
1200 3992 1393 4037 nemo
1459 3972 1608 4055 pius
1674 3991 1811 4035 non
1891 3970 2196 4053 suspicit,
2260 3977 2327 4035 et

364 4078 726 4144 agnoscere
804 4071 872 4123 et
937 4059 1132 4123 fateri
1217 4058 1323 4122 vel
1389 4058 1612 4122 hostes
1675 4065 2028 4139 coguntur,
2095 4057 2152 4120 si
2218 4055 2325 4122 vel

363 4154 669 4211 vestrum
713 4164 889 4207 unus
938 4141 1021 4207 ad
1055 4159 1163 4204 me
1198 4142 1438 4206 scribat
1471 4143 1637 4207 mire
1672 4143 1935 4221 afficior,
1973 4163 2102 4206 non
2137 4163 2326 4208 secus

365 4230 539 4297 mihi
606 4228 883 4311 contigit
947 4225 1215 4293 accendi
1291 4229 1749 4293 communibus
1821 4227 2061 4306 literis,
2126 4247 2321 4311 quam

367 4314 655 4382 admotis
697 4314 994 4397 pluribus
1047 4312 1248 4393 lignis
1292 4313 1479 4379 facile
1535 4312 1915 4379 ardentibus
1968 4314 2141 4398 ignis
2193 4315 2327 4378 iam

367 4403 606 4467 valens
663 4408 959 4483 augetur.
1064 4396 1340 4479 Rogatis
1382 4407 1463 4463 ut
1514 4398 1943 4482 respondeam
1990 4401 2059 4465 in
2102 4408 2328 4466 sancta

368 4497 601 4554 vestra
641 4488 714 4551 in
758 4507 864 4550 me
906 4484 1265 4559 voluntate,
1307 4502 1644 4567 amemque
1685 4506 1806 4550 vos
1852 4506 2013 4569 quos
2066 4495 2327 4568 pectore

368 4581 511 4640 toto
555 4573 626 4638 in
670 4571 957 4637 Domino
996 4569 1163 4649 colo;
1219 4566 1418 4649 idque
1473 4571 1678 4635 multa
1721 4571 2127 4653 flagitatione
2171 4590 2323 4635 con·

370 4658 606 4737 tendo,
665 4666 742 4723 ut
805 4658 899 4723 sic
961 4655 1041 4721 de
1104 4675 1211 4719 me
1266 4652 1454 4719 vobis
1498 4656 1972 4735 persuadeatis,
2030 4655 2197 4721 nihil
2255 4657 2324 4720 in

371 4744 641 4812 Christo
699 4743 865 4808 mihi
914 4742 1130 4807 carius
1183 4748 1413 4805 sancta
1469 4759 1613 4804 cum
1662 4742 1789 4825 piis
1848 4742 2323 4821 coniunctione,

369 4830 609 4916 pace2)
654 4849 731 4895 ac
751 4828 1114 4903 concordia,
1159 4827 1430 4891 caritate
1473 4822 1927 4893 ardentissima
1961 4828 2323 4909 commissa,

587 5017 644 5079 6)
691 5015 737 5072 0
771 5015 1048 5083 miserum,
1086 5028 1245 5083 quem
1278 5027 1407 5068 mox
1440 5012 1625 5081 ipsum
1657 5010 1958 5081 abreptum
1977 5021 2112 5071 erat.
2176 5014 2325 5071 Obiit

377 5104 437 5143 ‘⁵'
473 5085 529 5141 d
563 5084 1245 5223 {fffflfftssoemom
1281 5149 1541 5206 Lutetiae
1578 5148 1746 5205 Gara.
1783 5148 1864 5204 aa
1896 5152 2088 5225 Beaaq
2123 5171 2161 5210 a
2195 5169 2322 5210 00„-

378 5223 763 5357 ini‘t'zv.
800 5291 918 5345 292.

585 5362 647 5429 2)
682 5364 776 5433 pia
807 5361 872 5418 S.

591 5447 809 5503 cato-m
837 5460 1021 5517 opem
1106 5444 1221 5501 νοτ.
1254 5442 1362 5497 xz.

2125 440 2285 504 1541
2334 418 2645 505 APRIL.

4271 444 4405 513 210

2431 645 2633 708 quam
2675 623 2840 690 mihi
2881 623 3056 708 apud
3101 645 3219 692 vos
3259 625 3710 711 incorruptam
3743 647 4006 711 semper
4036 626 4403 711 perdurare
4523 670 4528 675 ·

2433 721 2701 794 exopto:
2747 732 2867 777 nec
2902 710 3127 778 dubito
3170 710 3265 776 ita
3307 712 3603 778 futurum
3639 734 3756 797 per
3792 713 4155 794 Christum,
4206 716 4402 785 ouius

2433 798 2649 880 gratia
2691 797 2879 863 vobis
2917 798 3200 881 gratiam
3242 796 3471 878 habeo,
3507 799 3681 882 quod
3727 798 4143 866 Genevensis
4187 803 4394 868 eccle—

2434 885 2570 948 siae
2613 904 2749 947 una
2791 904 2941 949 cum
2986 882 3134 948 aliis
3177 882 3468 950 ecclesiis
3510 885 3837 950 rationem
3891 887 4036 950 sitis
4081 886 4394 969 habituri,

2434 977 2513 1033 ut
2566 968 2870 1034 omnibus
2926 968 3381 1053 prospiciatur.
3480 970 3684 1035 Faxit
3751 970 4059 1038 Christus
4120 982 4197 1037 ut
4260 975 4399 1041 iam

2435 1053 2686 1120 volenti
2744 1054 2973 1137 purius
3026 1054 3445 1137 evangelium
3514 1057 3745 1121 sectari
3815 1078 3948 1121 non
4005 1057 4222 1123 desint
4279 1059 4396 1142 qui

2435 1161 2626 1223 opem
2677 1141 2922 1218 ferant,
2977 1140 3349 1222 praeteritis
3403 1142 3704 1207 omnibus
3757 1142 4263 1226 obliteratisque,
4325 1152 4395 1211 et

2435 1246 2573 1291 non
2637 1246 2756 1309 pro
2821 1224 2885 1290 di
2937 1226 3138 1290 nitate
3203 1246 3430 1291 eorum
3495 1228 3607 1310 qui
3678 1238 4065 1312 peccarunt,
4131 1228 4249 1294 sed
4314 1237 4394 1296 ut

2435 1311 2675 1395 dignus
2731 1319 2834 1377 est
2945 1312 3197 1377 hristus
3252 1332 3328 1378 66
3381 1313 3676 1378 omnium
3734 1315 3941 1396 poscit
4008 1314 4392 1398 aedificatio,

2434 1417 2815 1463 succurrere
2868 1395 3190 1463 studeant.
3293 1396 3373 1463 Si
3427 1419 3561 1464 non
3615 1400 4216 1482 perspectissimum
4274 1400 4393 1468 ha·

2438 1482 2681 1559 berem,
2727 1504 2844 1548 vos
2889 1483 3040 1547 totis
3081 1483 3328 1550 viribus
3373 1485 3596 1549 conari
3643 1494 3719 1550 ut
3753 1486 3918 1552 bene
3959 1487 4047 1551 sit
4089 1486 4394 1556 omnibus

2435 1568 2758 1647 ecclesiis,
2839 1576 3158 1651 quantum
3233 1569 3600 1653 intelligitis
3681 1592 3872 1656 posse
3938 1593 4055 1637 vos
4121 1571 4391 1655 aliquid,

2435 1654 2677 1720 iterum
2734 1674 2810 1719 ac
2860 1655 3099 1719 iterum
3158 1653 3341 1720 vobis
3385 1656 3914 1722 commendarem
3956 1657 4137 1722 illam
4185 1658 4392 1725 eccle·

2432 1741 2619 1806 siam.
2706 1740 3015 1825 Pergitis,
3058 1760 3098 1804 o
3144 1760 3298 1807 vere
3342 1741 3703 1808 christiana
3743 1750 4026 1827 pectora,
4071 1763 4193 1808 nos
4235 1743 4393 1809 hor·

2433 1826 2563 1890 tari
2625 1833 2700 1891 ut
2755 1847 3029 1910 agamus
3094 1847 3350 1909 semper
3415 1826 3650 1911 probe,
3717 1830 3822 1912 pie
3899 1850 3974 1895 66
4049 1829 4393 1896 sinceriter

2434 1913 2687 1992 omnia,
2752 1910 3112 1994 repudiatis
3178 1913 3482 1979 omnibus
3557 1914 3862 1981 inventis.
3974 1914 4200 1996 Quum
4268 1936 4394 1983 nos

2432 1997 2777 2064 liberasset
2827 1998 3154 2063 Dominus
3209 2016 3249 2061 a
3303 2008 3441 2063 tam
3495 1999 3850 2066 honorifico
3904 2020 4102 2066 onere
4176 2021 4391 2068 sacro-

2432 2085 2645 2150 sancti
2667 2083 3035 2162 ministerii,
3070 2083 3140 2148 in
3162 2105 3289 2166 quo
3324 2105 3585 2168 semper
3620 2087 3862 2151 versati
3898 2108 4128 2152 sumus
4148 2108 4394 2171 magno

2432 2191 2586 2236 cum
2629 2169 2881 2248 timore,
2925 2167 3098 2253 quod
3141 2170 3317 2235 vires
3353 2171 3644 2253 requirat
3679 2171 3986 2238 humanis
4019 2173 4152 2237 imo

2432 2255 2577 2321 licis
2619 2256 2919 2335 maiores,
2962 2256 3137 2321 sicut
3179 2255 3380 2321 semel
3425 2266 3805 2339 susceptum
3863 2256 4162 2323 deserere
4205 2259 4393 2327 nefas

2432 2350 2851 2425 reputantes,
2907 2341 3002 2405 ita
3057 2341 3398 2406 exonerati
3459 2342 3745 2427 amplius
3813 2365 3944 2408 non
4009 2342 4392 2412 incumbere

2432 2433 2615 2492 tanto
2651 2427 3017 2493 ministerio
3053 2424 3569 2507 decreveramus,
3615 2436 3878 2494 nostrae
3913 2428 4100 2495 nobis
4149 2430 4393 2497 conscii

2431 2513 2854 2591 infirmitatis,
2902 2533 2978 2579 ac
3032 2511 3445 2596 pervidentes
3498 2513 3652 2596 quid
3709 2513 3917 2580 Satan
3973 2514 4149 2579 domi
4203 2516 4394 2584 nobis

2432 2609 2752 2665 moveret:
2815 2598 2925 2664 hic
2976 2619 3203 2664 omnes
3271 2599 3575 2665 effecistis
3631 2609 3707 2665 ut
3765 2621 3906 2665 rem
3972 2609 4182 2666 morte
4245 2601 4394 2683 ipsa

2432 2684 2803 2768 graviorem
2838 2705 3067 2749 rursus
3102 2684 3628 2768 aggrederemur,
3666 2686 4126 2751 submittentes
4147 2686 4394 2754 iterum

2431 2770 2746 2836 humeros
2809 2767 3210 2852 importabili
3267 2771 3450 2854 iugo,
3517 2770 3598 2835 ad
3667 2770 3837 2854 quod
3899 2780 4038 2837 tam
4102 2772 4390 2840 officiose

2432 2877 2553 2921 nos
2595 2856 2969 2940 impulistis.
3038 2855 3232 2921 Nunc
3276 2866 3623 2938 postquam
3647 2858 3851 2923 coacti
3874 2878 3994 2938 per
4024 2856 4388 2939 Christum,

2432 2942 2549 3025 qui
2592 2943 2847 3028 peregit
2888 2952 2965 3007 ut
3008 2941 3114 3007 hic
3150 2941 3600 3008 ministremus
3644 2942 3828 3026 (licet
3861 2942 4054 3009 valde
4077 2943 4391 3028 refragati

2433 3028 2672 3109 simus)
2726 3048 2848 3093 vos
2898 3047 3157 3093 summo
3200 3026 3416 3093 studio
3460 3028 3853 3095 contenditis
3908 3037 3985 3094 ut
4031 3050 4195 3112 pure
4238 3050 4388 3113 per·

2433 3134 2811 3180 severemus
2877 3133 2962 3178 ne
3033 3113 3222 3179 bonis
3281 3114 3458 3178 mala
3512 3114 3888 3181 subdamus.
3991 3113 4160 3195 Quis
4178 3167 4193 3194 ,
4260 3115 4391 3183 nisi

2434 3198 2688 3265 Christi
2731 3219 2985 3282 expers,
3029 3219 3160 3264 non
3206 3200 3537 3283 exciperet
3574 3208 3714 3264 tam
3759 3209 4056 3266 sanctum
4102 3222 4142 3265 a
4183 3199 4391 3268 tantis

2431 3287 2789 3369 profectam
2833 3283 3085 3351 Christi
3128 3285 3339 3351 servis
3381 3284 3933 3351 admonitionem?
4024 3287 4225 3351 Pater
4274 3285 4390 3355 ille

2431 3370 2730 3437 coelestis
2790 3371 2902 3436 det
2952 3381 3028 3436 ut
3081 3379 3218 3436 tam
3274 3392 3438 3454 pure
3496 3370 3831 3437 absolvam
3874 3371 4061 3437 verbi
4102 3392 4388 3454 cursum,

2431 3475 2507 3523 ac
2542 3477 2801 3523 mecum
2843 3477 3089 3536 omnes,
3132 3478 3329 3540 quam
3370 3476 3491 3523 vos
3534 3460 3876 3540 exoptatis.
3950 3456 4011 3523 Ο
4046 3459 4102 3523 si
4123 3458 4390 3526 crebrae

2431 3554 2653 3608 essent
2695 3543 2871 3608 inter
2911 3563 3140 3607 omnes
3173 3542 3287 3625 qui
3311 3541 3562 3610 Christi
3598 3564 3739 3608 esse
3783 3551 4152 3623 censentur,
4197 3564 4390 3626 prae—

2431 3628 2623 3711 cipue
2680 3629 2792 3711 qui
2848 3628 3229 3694 ministrant
3278 3628 3351 3693 in
3409 3627 3641 3707 verbe,
3699 3629 4153 3695 sanctissimae
4219 3629 4389 3697 istae

2431 3713 2919 3780 exhortationes
2961 3734 3080 3796 pro
3103 3713 3516 3780 clanculariis
3545 3714 4072 3793 detractionibus,
4121 3713 4387 3781 darent-

2430 3821 2564 3883 que
2607 3821 2832 3866 omnes
2875 3820 3140 3882 operam
3182 3800 3419 3867 fratres
3473 3799 3804 3878 adiuvare,
3864 3821 3994 3864 non
4046 3799 4385 3884 impedire,

2430 3885 2647 3968 palam
2694 3906 2845 3950 cum
2888 3886 2982 3950 eis
3022 3883 3276 3969 agendo
3317 3886 3493 3969 ipsos
3537 3885 3622 3951 ad
3665 3885 3935 3951 meliora
3975 3886 4280 3965 invitare,
4318 3893 4388 3954 et

2430 3993 2565 4037 non
2610 3971 2931 4037 cuniculis
2975 3971 3300 4036 hostiliter
3335 3970 3775 4055 aggrediendo
3799 3992 4069 4054 prorsus
4089 3972 4385 4055 perdere,

2430 4057 2616 4122 nulla
2648 4058 2900 4124 Christi
2942 4076 3155 4140 neque
3203 4057 3511 4123 ecclesiae
3564 4057 3790 4122 habita
3825 4058 4096 4136 ratione,
4139 4065 4388 4140 quanto

2430 4143 2754 4209 haberent
2796 4164 2867 4209 se
2911 4142 3144 4208 melius
3187 4141 3524 4209 ecclesiae!
3594 4143 3862 4226 Vosque
3915 4143 3995 4208 ob
4041 4142 4390 4211 Christum

2429 4251 2608 4313 roge,
2651 4229 2971 4295 carissimi
3014 4248 3089 4294 ao
3131 4227 3293 4292 mihi
3352 4226 3606 4294 colendi
3658 4228 3916 4307 fratres,
3978 4237 4052 4294 ut
4095 4230 4389 4328 pergatis

2431 4337 2584 4382 cum
2649 4315 2982 4393 omnibus,
3050 4323 3125 4379 ut
3189 4333 3446 4379 mecum
3510 4314 3643 4378 iam
3720 4313 3986 4397 quidem
4061 4316 4387 4399 coepistis,

2430 4420 2654 4485 agere:
2710 4420 2833 4466 nec
2892 4398 3246 4483 poenitebit
3299 4420 3417 4467 vos
3461 4420 3712 4482 operae.
3803 4399 3972 4465 Nam
4017 4420 4214 4465 nemo
4259 4423 4386 4469 un-

2430 4508 2628 4571 quam
2680 4488 2927 4551 frustra
2976 4486 3132 4550 facit
3183 4485 3356 4568 quod
3409 4486 3599 4551 iussit
3670 4485 3995 4550 Christus.
4102 4485 4388 4570 Semper

2430 4592 2550 4637 suo
2631 4579 2923 4654 tempore
2999 4571 3298 4654 sequitur
3367 4573 3638 4638 fructuS.
3750 4570 4120 4636 Audivistis
4187 4594 4384 4656 quam

2429 4655 2783 4723 crudeliter
2826 4666 3133 4742 ageretur
3171 4678 3319 4722 cum
3355 4656 3509 4739 piis:
3548 4656 3613 4720 id
3658 4657 4020 4720 etiamnum
4055 4659 4133 4722 fit
4168 4656 4380 4726 hodie.

2429 4744 2603 4808 Nam
2645 4744 2821 4808 ferro
2858 4752 2924 4808 et
2965 4742 3247 4807 flammis
3294 4743 3603 4807 multos‘e
3642 4743 3783 4806 vita
3817 4742 4059 4806 tollunt
4092 4743 4378 4827 tyranni.

2428 4829 2705 4894 Fratres
2748 4828 3022 4912 permoti
3067 4827 3402 4893 iusserunt
3445 4828 3891 4893 Wormaciam
3936 4826 4216 4907 adirem,
4274 4849 4381 4895 ro-

2429 4926 2659 4999 gatum
2717 4916 2858 4998 pios
2914 4915 3026 4997 qui
3082 4914 3217 4978 illic
3272 4915 3472 4980 coacti
3520 4926 3713 4980 erant
3770 4922 3849 4978 ut
3904 4915 4264 4991 efficerent,
4321 4915 4380 4981 si

2428 5022 2548 5083 per
2590 5001 2949 5065 Dominum
2992 5007 3274 5083 possent,
3320 5021 3445 5082 quo
3489 5009 3672 5063 tanta
3706 5000 3921 5064 rabies
3943 4999 4377 5082 mitigaretur.

2429 5086 2835 5168 Lubensque
2889 5108 3023 5151 non
3074 5106 3334 5168 possem
3387 5086 3755 5167 exprimere
3815 5083 3969 5167 quid
4011 5084 4383 5153 invenerim

2428 5172 2500 5235 in
2559 5180 2751 5238 coetu
2809 5170 2938 5236 ille.
3039 5172 3211 5236 Nam
3268 5173 3594 5254 pietatem,
3652 5170 4105 5247 eruditionem,
4153 5168 4380 5256 benig-

2428 5257 2708 5323 nitatem
2748 5263 2814 5321 et
2857 5256 3308 5323 affabilitatem
3350 5256 3575 5323 hostes
3609 5256 4008 5339 cogebantur
4041 5254 4378 5325 admirari.

2427 5344 2576 5427 Ego
2618 5364 2776 5411 vero
2818 5342 3164 5433 laudabam
3207 5344 3602 5421 Dominum,
3658 5342 3817 5406 talia
3857 5341 4001 5406 orbi
4044 5339 4198 5408 data
4233 5362 4384 5411 esse
