5050 6167
620 439 702 500 ⁷9

790 619 1010 702 Quam
1074 617 1412 685 carissimo
1480 616 1571 682 Io.
1639 612 1921 681 Oalvino
1985 611 2175 679 fiatri
2240 621 2307 677 et
2384 631 2589 696 sym--

618 717 891 793 ”mm
1850 784 2292 868 Argentorati.

791 928 862 996 S.
925 927 1370 995 Gratulantnr
1421 933 1491 990 et
1546 923 1665 988 tibi
1711 931 1779 988 et
1820 922 2012 987 uxori
2056 920 2292 985 fratres
2336 937 2566 984 omnes

620 1015 790 1103 quod
835 1013 1179 1080 clementia
1234 1011 1459 1076 divina
1513 1017 1647 1074 tam
1706 1007 1987 1092 benigne
2041 1006 2322 1070 alterum
2370 1003 2566 1069 alteri

620 1100 936 1178 iunxerit,
1003 1105 1357 1181 optantque
1422 1094 1604 1160 vobis
1668 1093 1889 1159 omnia
1943 1093 2186 1170 fausta,
2254 1099 2322 1155 et
2376 1091 2566 1155 iuxta

619 1208 803 1273 spem
870 1204 1065 1269 qnam
1120 1189 1555 1266 conceperunt
1620 1200 1703 1244 ex
1756 1180 1838 1245 iis
1901 1197 2070 1261 quae
2136 1175 2565 1242 narrabamus

619 1273 840 1340 omnia
882 1267 1266 1348 succedant,
1324 1277 1390 1332 et
1444 1266 1590 1349 plus
1646 1285 1845 1349 quam
1887 1264 2142 1346 possint
2183 1282 2446 1345 sperare
2488 1280 2565 1325 ac

619 1367 848 1444 petant
907 1354 1146 1421 efficiat
1200 1354 1267 1418 in
1328 1353 1513 1419 vobis
1571 1350 1914 1416 Dominus.
2014 1349 2165 1414 Non
2212 1349 2338 1413 erit
2383 1345 2564 1412 vobis

622 1444 973 1529 molestum
1017 1441 1072 1506 si
1116 1439 1456 1504 videamur
1499 1457 1582 1502 ex
1627 1437 1810 1502 vobis
1851 1442 2073 1520 petere
2117 1431 2289 1518 quod
2310 1452 2446 1497 non
2469 1433 2563 1496 fa-

622 1530 744 1597 cile
777 1529 849 1594 in
896 1527 1032 1592 suis
1065 1525 1286 1590 Moses
1332 1523 1553 1602 ferret,
1598 1541 1834 1604 nempe
1877 1528 1954 1585 ιιι
1996 1529 2071 1585 ιιι
2117 1527 2272 1585 ante
2316 1538 2565 1582 annum

623 1613 991 1681 absolutum
1036 1610 1626 1696 peregrinationem
1674 1608 1843 1673 susci
1894 1606 2009 1685 ias,
2070 1606 2153 1671 ad
2200 1627 2316 1671 nos
2359 1625 2566 1686 usque

621 1701 921 1776 veniens,
968 1719 1042 1763 ac
1086 1704 1268 1761 tuam
1312 1695 1548 1760 liberes
1591 1692 1785 1759 fidem
1875 1692 2081 1756 udum
2126 1690 2348 1756 datam
2393 1688 2564 1773 quod

622 1807 744 1853 nos
788 1785 1135 1862 inviseres;
1180 1781 1295 1848 sed
1336 1788 1415 1846 ιιι
1456 1801 1586 1845 non
1635 1798 1900 1845 censeas
1943 1798 2063 1843 nos
2106 1776 2449 1860 rigidiores
2491 1775 2563 1839 in

624 1868 972 1956 exigendo,
1018 1866 1187 1951 quod
1232 1868 1304 1932 in
1346 1875 1414 1931 te
1456 1866 1641 1948 queri
1682 1884 2036 1947 possemne,
2081 1883 2281 1946 quum
2326 1862 2453 1926 cito
2498 1868 2566 1924 et

628 1958 711 2024 ad
746 1954 1110 2023 condictam
1146 1952 1320 2017 diem
1355 1952 1609 2017 iuberes
1644 1970 1766 2015 nos
1802 1947 2048 2029 adesse,
2091 1948 2326 2027 locum,
2370 1944 2564 2024 diem,

622 2063 965 2127 personae,
1026 2061 1101 2105 ac
1145 2039 1363 2103 omnia
1405 2035 1844 2121 perscribens,
1901 2055 2023 2100 nos
2066 2034 2288 2099 omnia
2329 2032 2401 2096 in
2446 2040 2564 2096 tuo

623 2129 932 2194 volumus
989 2145 1130 2190 esse
1184 2123 1449 2189 arbitrio
1514 2119 2028 2205 quandocunque
2095 2118 2306 2196 voles,
2372 2116 2566 2181 modo

625 2215 772 2292 cito,
819 2212 942 2278 hoc
986 2218 1104 2290 est,
1150 2231 1280 2274 non
1323 2207 1572 2273 tardius
1618 2228 1817 2291 qnam
1852 2204 1934 2269 ad
1970 2205 2369 2289 septimanas
2411 2211 2563 2269 tres.

626 2297 930 2382 Adiunge
980 2296 1095 2361 tibi
1151 2295 1449 2371 comites,
1508 2294 1641 2358 imo
1681 2290 1909 2370 duces,
1963 2311 2123 2374 quos
2164 2289 2428 2355 noveris
2472 2289 2567 2353 fa-

627 2405 774 2450 cere
832 2382 915 2448 ad
958 2379 1415 2447 illustrandam
1462 2378 1926 2463 profectionem
1964 2378 2190 2456 istam,
2247 2373 2569 2459 siquidem

627 2479 699 2538 te
760 2469 938 2553 regie
1001 2487 1225 2532 sumus
1289 2464 1629 2548 excepturi
1681 2484 1800 2546 pro
1855 2482 2036 2526 more
2101 2470 2341 2526 nostro.
2431 2458 2567 2526 Sed

628 2553 779 2622 vide
856 2563 932 2619 ιιι
1007 2552 1147 2617 dies
1234 2551 1468 2633 aliquis
1559 2547 1925 2613 dominicus
2001 2547 2371 2632 contingat,
2461 2545 2568 2610 vel

629 2641 745 2707 ubi
807 2638 1064 2706 veneris
1092 2689 1108 2716 ,
1162 2637 1266 2700 vel
1332 2636 1713 2720 priusquam
1778 2632 2023 2712 solvas,
2082 2641 2158 2697 ιιι
2219 2652 2353 2697 non
2420 2637 2567 2696 tan·

628 2737 774 2792 tum
837 2745 992 2802 nos,
1074 2743 1303 2790 verum
1380 2722 1579 2786 etiam
1655 2727 1724 2785 et
1797 2718 1981 2802 plebs
2060 2717 2570 2784 consolationem

627 2811 908 2895 excipiat
966 2808 1046 2874 de
1109 2815 1223 2874 tuo
1281 2805 1600 2883 adventu,
1670 2805 1842 2870 sicut
1891 2804 2127 2871 vellem
2184 2824 2434 2887 quoque
2489 2802 2570 2868 de

627 2896 929 2965 omnibus
971 2894 1086 2979 qui
1128 2903 1343 2958 mcum
1401 2892 1689 2957 venient.
1771 2888 1944 2955 Vide
1986 2911 2071 2955 ne
2113 2900 2405 2955 nostram
2449 2890 2570 2955 fal-

624 2984 727 3050 las
771 3003 974 3065 spem,
1027 2998 1254 3046 omnes
1296 2998 1381 3043 ne
1424 2977 1644 3060 prives
1687 2981 2063 3059 exspectata
2103 2972 2567 3056 aedificatione,

628 3078 950 3155 quantum
994 3087 1116 3131 nos
1158 3084 1359 3141 amas,
1403 3063 1534 3127 imo
1578 3062 1919 3128 Christum
1955 3060 2022 3126 in
2067 3059 2275 3126 nobis.

798 3154 1123 3219 Bernates
1183 3147 1373 3215 valde
1431 3149 1537 3233 pie
1601 3168 1673 3213 se
1738 3153 2083 3233 gesseruut
2147 3167 2265 3229 pro
2330 3146 2571 3213 vinctis

626 3238 1055 3305 vesuntione.
1082 3234 1132 3320 ¹)
1218 3234 1456 3299 Frater
1510 3232 1625 3298 ille
1677 3234 1787 3316 qui
1843 3232 1992 3299 isn'c
2046 3233 2184 3317 egit
2239 3242 2572 3299 conterra-

628 3346 797 3391 neus
842 3322 1070 3398 Iacobi,
1113 3341 1314 3403 quum
1360 3320 1582 3384 literas
1625 3339 1711 3383 ex
1752 3339 1858 3383 me
1901 3319 2256 3401 accepisset
2296 3319 2380 3384 ad
2422 3319 2572 3384 Tos-

628 3430 874 3488 scmum,
918 3409 988 3472 in
1031 3404 1277 3471 Sancto
1320 3403 1701 3488 Hippolyto,
1746 3404 1840 3470 sic
1882 3415 2120 3469 vocant
2157 3404 2394 3482 locum,
2436 3425 2574 3469 non

631 3494 860 3580 procul
905 3490 1378 3575 Monbelgardo
1435 3499 1667 3572 eaptus
1722 3488 1856 3554 fuit
1907 3510 2057 3556 cum
2110 3490 2572 3569 commilitone,

634 3590 1025 3664 nostraeque
1087 3576 1316 3641 literae
1371 3574 1848 3641 Vesuntionem
1912 3575 2178 3656 missae3
2243 3596 2575 3659 quumque

634 3666 847 3733 tribus
911 3662 1134 3730 verbis
1194 3662 1565 3728 vinctorum
1630 3660 2100 3740 meminissem,
2168 3661 2574 3745 sanguinarii

594 3753 760 3831 illi,
817 3772 935 3835 per
982 3769 1142 3832 quos
1195 3748 1341 3832 pius
1394 3745 1505 3812 ille
1550 3745 1956 3812 Lambdinus
1971 3748 2027 3822 2)
2070 3746 2202 3812 Dei
2235 3766 2464 3813 amans
2507 3756 2576 3812 et

633 3836 1028 3920 reipublicae
1071 3832 1423 3900 commodis
1479 3831 1780 3911 studens,
1840 3831 1999 3898 adeo
2059 3838 2137 3896 nt
2191 3853 2231 3896 a
2274 3831 2575 3898 ducentis

634 3924 823 3989 annis
864 3920 1270 3986 Vesnntione
1329 3939 1458 3982 non
1511 3918 1710 3983 fuerit
1760 3914 1930 3983 fidus
1986 3939 2095 3983 ma
2144 3918 2196 3983 ‘s
2248 3917 2344 3983 illi
2401 3917 2569 3998 urbi,

632 4028 845 4091 neque
890 4005 970 4071 de
1014 4024 1091 4069 ea
1124 4017 1261 4069 tam
1296 4003 1462 4070 bene
1496 4004 1790 4082 meritus,
1833 4014 1910 4068 nt
1949 4003 2078 4087 ipsi
2166 4011 2339 4069 ostes
2373 4004 2573 4069 etiam

629 4100 902 4171 norunt,
970 4089 1308 4155 traductus
1363 4090 1487 4155 fnit
1542 4088 1718 4172 apud
1776 4088 2034 4172 plebem
2087 4089 2571 4173 perduellionis,

629 4202 758 4264 qno
799 4186 1065 4262 possent
1118 4173 1342 4241 odium
1394 4175 1655 4258 pietatis
1708 4181 1919 4240 morte
1976 4175 2067 4258 pii
2125 4175 2251 4240 viri
2306 4183 2572 4241 exsatu-

630 4286 796 4343 rare,
840 4261 1118 4345 aceeptis
1158 4261 1549 4326 Bernatium
1601 4260 1812 4326 litoris
1854 4270 1922 4325 et
1964 4281 2043 4325 ea
2083 4281 2252 4344 quae
2295 4261 2363 4325 in
2411 4261 2573 4325 meis

678 4356 869 4416 utant
922 4370 992 4413 se
1050 4345 1377 4423 divinare,
1436 4368 1644 4430 quum
1701 4353 1803 4422 (ut
1859 4368 1941 4411 ex
1995 4346 2357 4429 exemplari
2398 4345 2571 4432 quod

630 4435 785 4502 inde
827 4441 1229 4516 exceperunt
1269 4430 1569 4516 apparet)
1613 4452 1747 4496 non
1786 4439 2051 4514 possent
2092 4453 2234 4497 asse
2282 4433 2350 4497 ui
2390 4454 2572 4498 meas

630 4523 884 4599 literas,
954 4520 1205 4585 vinctos
1260 4517 1646 4600 proditionis
1702 4525 2043 4596 accusant,
2100 4539 2229 4601 quo
2340 4519 2571 4584 urbem

626 4607 841 4672 velint
907 4602 1306 4669 Bernatibus
1369 4602 1654 4681 tradere,
1736 4623 1966 4686 meque
2029 4602 2441 4669 sollicitarint
2505 4615 2574 4669 et

629 4693 953 4759 Bernates
1002 4690 1230 4774 mag-is,
1274 4710 1475 4772 quum
1510 4709 1631 4773 ego
1666 4687 1833 4752 nihil
1867 4689 2050 4770 prius
2085 4688 2411 4769 sciverim,
2456 4711 2573 4755 ne-

628 4799 757 4862 que
798 4777 909 4860 qui
953 4784 1189 4853 essent,
1235 4795 1444 4857 neque
1487 4783 1660 4858 quot,
1702 4781 1960 4838 tantum
2011 4773 2345 4839 audieram
2389 4775 2573 4841 vinc-

627 4873 729 4930 tos
772 4883 915 4929 esse
958 4869 1226 4944 propter
1268 4860 1696 4945 evangelium.
1766 4857 1878 4925 Sic
1914 4868 2160 4925 terram
2195 4859 2374 4926 coelo
2414 4862 2573 4926 mis-

665 5066 798 5127 2³6.
840 5069 898 5130 1)
935 5065 1134 5121 Mme
1166 5064 1318 5120 Iulio
1351 5065 1546 5119 mbae
1579 5063 1915 5120 Vomtiom
1952 5064 2238 5134 ravionis
2269 5079 2445 5120 eausa
2476 5081 2571 5121 a·

626 5135 1236 5202 &maestam-esox
1333 5134 1344 5146 ‘
1616 5134 2575 5201 messianitae-dadastanae„

902 5203 2465 5273 qratiamSenatusBernenn‘sadentimscri
2542 5204 2554 5216 ‘

624 5222 684 5330 Ξ.
726 5273 810 5328 10.
837 5273 899 5410 2Δ)
1052 5274 1152 5398 1'28
1174 5271 1421 5399 (Zmin
1456 5273 1697 5329 ΠΜ
1619 5273 1630 5284 ’
1698 5312 1715 5328 .
1754 5272 1872 5342 193,
1909 5272 2149 5344 Μαι,
2194 5272 2261 5329 V.
2299 5273 2446 5341 145.)

996 5382 1014 5398 .
1150 5384 1167 5412 ,
1299 5383 1313 5398 .
1386 5382 1401 5397 .

2158 421 2684 494 EPISTOLAE
2731 427 3072 490 236-237

4532 424 4620 488 80

2668 620 2820 679 cent
2875 611 3178 678 scelerati
3232 609 3495 693 pietatis
3548 609 3787 686 hostes,
3865 631 4197 693 quumque
4254 606 4619 692 proditores

2669 699 2796 782 ipsi
2839 698 3001 776 sint,
3058 698 3115 761 si
3169 718 3327 762 vera
3383 704 3655 761 narrant
3707 696 3817 780 qui
3876 694 4108 762 dicunt
4159 695 4294 760 iam
4348 694 4618 761 subesse

2668 782 2900 849 urbem
2939 783 3199 848 Dolano
3241 782 3495 848 senatui
3539 803 3658 866 per
3700 791 3919 847 astum
3961 781 4227 846 illorum
4270 780 4385 864 qui
4426 781 4618 846 time·

2669 870 2830 935 bant
2871 870 3051 935 verbi
3095 868 3472 944 adventum,
3518 887 3747 932 omnes
3790 867 3931 950 pios
3966 867 4355 933 insimulant
4395 864 4618 950 prodi·

2670 955 2885 1021 tionis.
2953 955 3124 1020 Nam
3162 954 3269 1019 hic
3304 953 3546 1036 passim
3584 952 3841 1031 dicitnr,
3879 962 4014 1018 tam
4051 974 4167 1035 per
4201 972 4385 1017 rasos
4419 973 4618 1035 quam

2668 1062 2787 1123 per
2827 1060 2938 1106 eos
2981 1040 3093 1124 qui
3136 1059 3362 1104 eorum
3405 1038 3674 1104 factioni
3716 1040 3972 1117 favent,
4029 1040 4274 1106 factum
4329 1046 4406 1102 ut
4459 1038 4618 1104 urbs

2667 1126 2800 1203 illa,
2846 1126 3161 1191 hactenus
3203 1124 3408 1189 libera
3442 1132 3509 1189 et
3543 1146 3674 1189 non
3718 1134 4048 1207 postrema
4089 1124 4268 1189 inter
4310 1124 4618 1206 imperia-

2668 1212 2792 1290 les,
2845 1211 2978 1276 iam
3034 1209 3327 1275 Dolanos
3397 1211 3729 1292 exceperit
3780 1210 4062 1286 iudices,
4132 1210 4477 1292 praecipue
4545 1210 4619 1273 in

2667 1297 3077 1381 iniquissima
3141 1304 3352 1361 morte
3410 1295 3793 1375 Lambdini,
3859 1317 4056 1379 quem
4119 1295 4618 1360 immerentissi-

2667 1405 2850 1448 mum
2895 1382 3111 1447 virum
3167 1393 3302 1447 tam
3354 1381 3628 1447 scelesto
3684 1381 3922 1447 iudicio
3977 1381 4396 1446 damnarunt.
4482 1380 4618 1445 Re·

2669 1468 2913 1551 pendat
2965 1466 3176 1546 Deus,
3244 1465 3445 1532 iudex
3499 1467 3731 1544 iustus,
3801 1467 4259 1551 perditissimis
4318 1466 4620 1531 hostibus

2670 1563 2736 1619 et
2781 1554 2917 1620 suis
2962 1554 3162 1619 etiam
3205 1554 3502 1636 posteris,
3559 1554 3671 1636 qui
3716 1563 3976 1620 sanctos
4019 1573 4096 1618 ac
4139 1551 4438 1617 volentes
4483 1560 4620 1616 tam

2672 1639 2913 1704 bonum
2957 1639 3174 1704 virum
3218 1637 3395 1705 hunc
3439 1639 3879 1717 sustulerunt,
3940 1636 4115 1721 quod
4158 1637 4356 1721 digne
4398 1637 4620 1702 meriti

2669 1733 2841 1791 sunt.
2932 1723 3145 1807 Cupio
3200 1733 3265 1790 te
3323 1747 3398 1792 ac
3456 1725 3593 1807 pios
3646 1746 3874 1791 omnes
3930 1725 4300 1790 vinctorum
4354 1743 4621 1789 causam

2669 1810 2844 1892 apud
2865 1810 3221 1875 Dominum
3247 1831 3443 1895 agere
3464 1820 3533 1875 et
3566 1811 3739 1893 apud
3760 1831 3988 1875 omnes
4020 1811 4132 1893 qni
4167 1819 4324 1875 sunt
4346 1808 4618 1875 Christi.

2672 1894 2852 1978 Quid
2887 1904 3272 1979 praetexent
3305 1896 3582 1973 scelesti,
3620 1898 3729 1978 qui
3767 1916 3977 1979 neque
4000 1917 4120 1961 sua
4144 1895 4311 1960 tueri
4345 1894 4613 1969 audent,

2670 2002 2883 2063 neque
2916 1982 3139 2046 ferunt
3171 1980 3399 2047 audire
3432 2002 3696 2049 causam
3730 1981 4022 2064 piorum:
4058 2001 4390 2064 quumque
4424 1982 4619 2045 toties

2669 2068 2950 2151 petitum
2986 2068 3071 2132 sit
3091 2077 3169 2131 ut
3202 2067 3648 2144 conveniebat,
3694 2067 3888 2150 idque
3923 2068 4186 2150 saepius
4206 2066 4618 2148 promissum,

2672 2151 2787 2219 sed
2822 2172 2955 2217 non
2998 2153 3408 2235 praestitum,
3453 2155 3707 2219 interea
3750 2153 3888 2236 pios
3931 2152 4247 2236 sacrilege
4270 2151 4617 2218 trucident.

2672 2237 3000 2303 Dominus
3039 2238 3390 2320 prospiciat
3433 2248 3499 2303 et
3542 2239 3832 2305 omnium
3878 2247 4110 2323 tangat
4150 2236 4348 2305 corda
4404 2246 4481 2302 ιιι
4523 2246 4623 2302 ιοι

2672 2334 3097 2389 succurratur
3137 2322 3347 2389 malis.

2843 2409 3151 2474 Lutetiae
3194 2407 3526 2474 detinetur
3567 2411 3891 2492 pessimus
3934 2409 4374 2492 Anabaptista
4425 2429 4624 2492 quem

2670 2505 2908 2562 vocant
2951 2494 3066 2559 Du
3124 2493 3263 2574 Val,
3306 2495 3824 2578 appositissimus
3867 2494 3950 2560 ad
3995 2497 4405 2578 imposturas,
4450 2515 4626 2561 scor-

2672 2590 2847 2645 tator
2904 2580 3357 2665 turpissimus:
3413 2580 3609 2647 audio
3666 2580 4056 2646 nebulonem
4110 2580 4627 2664 perditissimum

2674 2664 2987 2732 damnare
3065 2666 3555 2731 matrimonium
3633 2677 3702 2731 et
3778 2667 4095 2733 abvocare
4173 2688 4334 2750 quas
4412 2675 4627 2750 potest

2673 2751 2956 2835 puellas,
3023 2751 3300 2817 suadere
3375 2753 3756 2836 coniugibus
3829 2753 4300 2817 seiunctionem
4369 2752 4476 2819 vel
4541 2751 4627 2818 ad

2673 2847 2954 2919 tempus,
2989 2848 3064 2902 ιιι
3102 2837 3321 2902 mariti
3355 2838 3531 2903 vices
3566 2837 3884 2921 suppleat,
3929 2837 4480 2919 quemadmodum
4513 2837 4627 2905 ille

2675 2924 2760 2989 ad
2825 2921 2895 2988 S.
2964 2922 3295 2989 Albanum
3361 2923 3652 2990 faciebat.
3765 2921 3988 3004 Quam
4041 2925 4467 3008 contemptim
4530 2924 4627 2990 lo-

2675 3017 2966 3092 quantur
3018 3029 3246 3075 omnes
3300 3029 3509 3091 paene
3565 3007 3647 3074 de
3701 3010 4159 3086 sacramentis,
4218 3030 4382 3092 quos
4438 3009 4626 3094 flagi-

2675 3096 2884 3160 tiosus
2936 3095 3175 3160 nebulo
3233 3095 3484 3160 afflavit
3537 3116 3654 3160 suo
3710 3115 3983 3172 veneno,
4046 3094 4448 3161 horrendum
4506 3105 4623 3162 est.

2676 3180 2895 3245 'l'num
2938 3180 3082 3258 erit,
3128 3202 3204 3247 ac
3251 3179 3524 3261 Claudii,
3569 3180 3854 3247 scribere
3896 3181 4107 3247 fusius
4148 3181 4232 3247 ad
4275 3181 4514 3247 fratres
4556 3183 4628 3247 in

2674 3265 3039 3331 Normania
3092 3274 3161 3331 et
3216 3266 3408 3345 alios,
3463 3275 3542 3331 ιιι
3597 3266 3838 3332 rectius
3893 3268 4183 3332 sentiant
4238 3289 4314 3334 ac
4357 3268 4629 3333 meliora

2675 3360 3008 3417 sectentur
3051 3353 3388 3434 vitentque
3432 3352 3597 3417 tales
3638 3362 3875 3435 pestes.
3946 3352 4191 3419 Fertur
4232 3353 4472 3420 nebulo
4512 3354 4628 3420 ille

2675 3438 2999 3503 reservari
3041 3436 3206 3502 collo
3253 3438 3360 3502 uio
3403 3437 3614 3521 Reffl's,
3659 3438 3770 3522 qui
3814 3436 4042 3504 audire
4087 3439 4419 3505 homiuem
4461 3440 4625 3506 vult.

2677 3521 2884 3587 Vides
2928 3522 3169 3587 iudicia
3281 3524 3358 3588 ei.

2849 3607 2981 3673 Hic
3022 3607 3522 3675 commendatus
3563 3629 3604 3673 a
3661 3608 3886 3688 Vireto,
3930 3630 4131 3693 quum
4167 3609 4272 3677 hic
4310 3609 4629 3677 haesisset

2675 3713 2754 3760 ao
2794 3694 3112 3777 optimam
3155 3715 3336 3777 spem
3379 3695 3639 3761 fecisset
3679 3693 3760 3759 de
3816 3716 3915 3772 se,
3969 3715 4223 3761 memor
4283 3694 4627 3762 Claudium

2675 3799 2942 3862 poscere
2977 3778 3256 3863 aliquem
3292 3781 3661 3932 agpositum
3681 3780 4016 3859 famulum,
4053 3782 4364 3866 visusque
4386 3780 4625 3866 dignus

2675 3867 2788 3949 qui
2842 3865 3230 3931 mitteretur.
3389 3866 3414 3930 i
3462 3867 3628 3932 bene
3682 3867 4144 3932 coniecerimns
4207 3867 4621 3933 laetabimur:

2674 3953 2731 4016 si
2775 3951 3013 4029 minus,
3059 3951 3272 4016 fraudi
3315 3972 3449 4017 non
3493 3952 3584 4018 sit
3628 3950 3910 4018 Claudio.
4001 3952 4156 4018 Alia
4204 3960 4426 4018 essent
4465 3954 4624 4019 scri-

2675 4036 2904 4115 benda,
2947 4035 3064 4101 sed
3120 4035 3374 4103 Viretus
3413 4038 3482 4103 id
3525 4037 3903 4122 praestabit,
3947 4039 4137 4104 cuius
4181 4039 4264 4103 ad
4298 4049 4366 4103 to
4399 4038 4625 4106 literas

2675 4123 2867 4188 mitto
2923 4123 3305 4206 priusquam
3359 4122 3806 4207 responderim
3863 4123 3947 4189 ad
3990 4124 4228 4188 omnia.
4315 4123 4391 4188 Si
4436 4135 4626 4208 potes

2674 4209 3030 4284 remittere,
3074 4208 3181 4275 vel
3225 4223 3298 4273 tu
3340 4211 3603 4288 referre,
3649 4210 3862 4275 facito.
3926 4208 4066 4276 Vas
4104 4207 4545 4298 [Wende]lini,
4567 4210 4625 4297 ⁸)

2677 4292 2758 4358 de
2802 4314 2930 4377 quo
2971 4293 3135 4358 alias
3177 4296 3547 4378 scripseras,
3593 4294 3941 4361 advectum
3981 4296 4112 4361 hue
4171 4295 4432 4361 tandem
4477 4298 4622 4374 fuit,

2676 4400 2799 4445 neo
2853 4377 3272 4446 decreveram
3324 4380 3489 4445 illud
3543 4382 3798 4466 aperire
3858 4381 3987 4447 nisi
4062 4389 4407 4465 postquam
4471 4405 4626 4450 eum

2684 4463 2976 4532 Corda-io
3028 4466 3295 4531 contuli.
3400 4464 3670 4616 [ῼιιίᾜ1
3694 4466 3902 4532 sensit
3943 4465 4400 4547 aperiendum,
4454 4466 4626 4552 quod

2676 4549 3026 4633 bibliopola
3075 4551 3527 4618 Lansanensis
3653 4553 3830 4635 ‘quot
3881 4551 4083 4617 vellet
4135 4552 4405 4632 habere,
4461 4575 4625 4638 quos

2676 4657 2874 4703 suasu
2934 4635 3222 4704 Corderii
3264 4636 3669 4703 tradidimus.
3769 4636 3838 4703 Is
3886 4646 4141 4703 tantum
4200 4634 4625 4739 [num]eravit

2676 4721 2900 4787 decem
2922 4724 3259 4806 capitatos,
3283 4724 3603 4805 reliquum
3626 4723 4076 4805 persoluturus
4100 4724 4212 4788 ubi
4235 4734 4622 4807 requiretur.

2675 4806 3012 4873 Michaelis
3053 4807 3279 4875 literas
3324 4809 3407 4873 ad
3440 4819 3507 4873 te
3542 4809 3748 4873 mitto.
3816 4807 4138 4875 Inventus
4173 4821 4273 4876 est
4308 4812 4626 4876 librorum

2679 4891 3076 4982 [num]erus‚
3122 4903 3384 4978 praeter
3419 4894 3582 4960 duas
3626 4895 4112 4961 Institutiones:
4161 4916 4318 4961 nam
4363 4907 4628 4963 tantum

2883 5133 4302 5256 &Mafffmoabscissanemullapfflmkc

2678 5203 2987 5273 questibus.
3145 5202 3386 5258 condam
3435 5202 3646 5260 EM„
3689 5205 4012 5274 biblwpolao
4063 5221 4262 5261 nomon
4302 5205 4357 5260 Ιι.
4404 5206 4442 5266 1.
4487 5227 4622 5282 up-

2675 5273 3249 5412 Wputamu.
3331 5271 3418 5338 cf.
3455 5271 3967 5343 N.227,not.e.
4057 5275 4627 5338 Vidamas-Poa-
