5050 6167
576 393 712 458 263

694 684 919 729 minus
973 671 1042 730 te
1109 672 1452 730 eeneervet
1515 685 1592 730 ao
1659 661 1902 747 dirigat
1965 660 2049 726 ad
2115 680 2278 745 epus
2343 681 2537 726 suum
2577 700 2583 760 ἱ

586 751 863 836 Argent.
907 752 1003 814 13.
1042 750 1217 835 Aug.
1237 751 1298 828 ὅ)

576 578 849 731 ἷζωίοο
913 576 1274 646 diversorio
1338 582 1629 663 eogatur.
1739 574 1910 642 Vale
1924 626 1942 656 ,
2009 574 2253 660 optime
2316 575 2534 640 frater.

1770 882 1954 949 Ioan.
1999 881 2139 949 Cal.
2184 890 2359 948 tuus.

1477 1444 1630 1516 842.

797 1530 1218 1651 anA'rus
1254 1579 1848 1649 esusvnusls
1894 1579 2297 1648 0111111111

1120 1681 1992 1752 ARGENTORATENSI.

753 1856 859 1923 De
918 1798 1180 1923 ‘Calvina‘
1235 1877 1310 1922 ex
1376 1855 1722 1921 Ratisbona
1783 1854 1987 1920 reditu
2041 1855 2324 1920 certiores
2378 1854 2535 1936 faeti

585 1945 788 2010 denuo
828 1948 900 2009 ut
945 1944 1192 2009 tandem
1233 1941 1519 2007 mittatur
1558 1944 1795 2046 royaat.

688 2114 1013 2184 (Exemplar
1045 2112 1415 2167 authentieum
1448 2112 1507 2165 111
1541 2111 1797 2166 Archivis
1832 2110 2123 2164 Thomanis
2158 2109 2409 2179 Argent.)

753 2318 1348 2384 Praestantissimis
1392 2317 1558 2382 viris
1600 2316 1906 2382 Dominis
1949 2312 2241 2381 Seultete
2296 2324 2366 2380 et
2408 2313 2531 2381 Se—

582 2405 773 2470 natui
815 2404 1015 2470 Urbis
1058 2402 1568 2488 Argentinensis
1611 2401 1837 2467 amieis
1879 2401 2016 2466 suis
2058 2400 2380 2484 imprimis
2415 2401 2530 2467 eb-

582 2489 940 2558 servandis,

1931 2571 2356 2656 Argentinae.

750 2779 1047 2848 Salutem
1117 2786 1185 2844 et
1254 2776 1633 2859 obsequium
1690 2783 1989 2843 nostrum
2040 2777 2529 2861 paratissimum

579 2867 730 2933 Viri
774 2863 1319 2950 praestantissimi
1360 2869 1429 2928 et
1461 2862 1654 2928 amiei
1696 2864 2046 2946 praecipui.

749 3003 1029 3069 Vestras
1070 3001 1434 3084 aeeepimus
1476 2999 1703 3066 literas
1728 3002 1775 3078 ¹)
1818 3019 1983 3083 quae
2026 3021 2145 3065 nos
2185 2998 2378 3066 valde
2421 3022 2523 3066 re·

577 3095 918 3167 erearunt,
975 3096 1118 3152 tum
1172 3083 1345 3170 qued
1398 3107 1532 3151 non
1588 3085 1930 3170 vulgarem
1983 3084 2171 3151 nobis
2227 3083 2525 3152 dederint

576 3182 837 3243 vestrae
887 3174 960 3238 in
1013 3193 1134 3237 nes
1190 3180 1386 3255 atque
1438 3171 1910 3256 rempublicam
1966 3181 2261 3237 nestram
2322 3172 2521 3239 bene·

575 3259 905 3325 velentiae
952 3265 1020 3322 et
1072 3256 1501 3322 humanitatis
1554 3257 2112 3341 significationem,
2164 3266 2307 3322 tum
2350 3257 2522 3340 quod

575 3343 762 3410 nobis
814 3344 1110 3410 feserunt
1164 3363 1350 3427 spem
1403 3342 1715 3425 optimam
1786 3340 1867 3407 de
1928 3339 2180 3408 Caluini
2242 3342 2522 3425 pastoris

571 3429 784 3496 nostri
822 3428 1255 3507 restitutione,
1299 3428 1483 3494 ouius
1526 3428 1884 3493 adventum
1927 3434 2005 3493 ut
2046 3427 2522 3494 ardentissimis

572 3515 944 3599 expetimus
1008 3514 1214 3591 vetis,
1279 3513 1375 3578 ita
1435 3513 1577 3580 eius
1639 3532 1893 3577 moram
1970 3513 2289 3580 sentimus
2362 3512 2520 3581 huie

572 3599 883 3667 eeelesiae
973 3607 1237 3664 nostrae
1324 3618 1460 3662 non
1546 3619 1781 3682 parum
1872 3619 2014 3664 esse
2115 3598 2517 3665 damnosam.

574 3685 1019 3768 Quamobrem
1084 3704 1205 3750 vos
1257 3685 1497 3749 iterum
1549 3693 1747 3767 atque
1801 3683 2040 3749 iterum
2108 3685 2350 3751 obnixe
2414 3706 2517 3751 re·

619 3793 827 3851 amus,
873 3771 1025 3836 Viri
1067 3770 1311 3849 eximii,
1356 3782 1433 3835 ut
1473 3769 1648 3853 quod
1684 3790 1800 3835 vos
1821 3771 2060 3835 vestris
2080 3790 2292 3854 nuper
2312 3769 2521 3838 literis

567 3792 856 3924 facturos
899 3856 1265 3938 reeepistis,
1320 3854 1394 3920 id
1443 3856 1659 3940 primo
1712 3875 1969 3938 queque
2024 3863 2332 3939 tempere,
2386 3877 2519 3922 nen

572 3953 707 4008 tam
772 3943 844 4008 in
915 3951 1202 4007 nestram
1272 3941 1553 4027 gratiam
1616 3961 1809 4024 quam
1872 3940 2183 4007 eeclesiae
2247 3940 2517 4022 Christi,

564 4028 928 4113 praestetis.
1018 4024 1347 4093 Audimus
1395 4024 1728 4092 calvinum
1779 4047 1862 4091 ex
1906 4026 2190 4093 comitiis
2244 4026 2519 4093 rediisse

566 4134 644 4180 ao
707 4113 882 4197 apud
945 4133 1061 4179 ves
1134 4133 1292 4178 esse.
1404 4110 1601 4193 Quod
1656 4111 1715 4177 si
1768 4119 1994 4178 nestra
2051 4133 2251 4178 eausa
2297 4121 2519 4178 vestra

565 4197 741 4283 apud
783 4199 972 4265 illum
1016 4197 1465 4264 intercesserit
1508 4199 1860 4277 autoritas,
1927 4208 2003 4263 ut
2057 4197 2333 4281 pristine
2397 4219 2516 4264 sue

567 4285 752 4370 gregi
804 4285 1212 4362 restituatur,
1266 4304 1408 4349 rem
1463 4282 1747 4349 feeeritis
1805 4283 1994 4349 nobis
2052 4283 2513 4367 gratissimam,
2629 4322 2638 4329 ·

566 4369 876 4436 eeclesiae
920 4369 1358 4447 utilissimam,
1404 4376 1472 4433 et
1512 4378 1733 4435 vestra
1769 4367 2032 4453 dignam
2071 4370 2327 4452 pietate,
2364 4390 2514 4435 nes-

566 4477 695 4539 que
750 4454 1037 4522 reddetis
1083 4453 1474 4521 Oelsitudini
1529 4462 1788 4520 vestrae
1857 4453 2312 4522 devinetieres.
2421 4455 2517 4519 Et

564 4542 622 4608 si
665 4539 820 4624 quid
856 4551 958 4607 est
999 4542 1069 4604 in
1105 4562 1231 4624 que
1253 4540 1435 4607 vobis
1457 4560 1771 4623 queamus
1805 4541 2162 4624 gratificari
2183 4539 2514 4638 (quamvis

564 4627 732 4692 nihil
794 4648 876 4692 ex
936 4634 1158 4692 nestra
1211 4628 1536 4692 tenuitate
1590 4625 1763 4690 feliei
1817 4635 2074 4692 vestrae
2117 4625 2514 4709 reipublicae

562 4714 774 4798 possit
794 4711 1126 4789 aeeedere)
1161 4712 1378 4792 fidem,
1415 4732 1681 4795 operam
1702 4718 1770 4776 et
1792 4708 2197 4795 diligentiam
2224 4719 2513 4776 nostram

564 4820 889 4883 nusquam
954 4819 994 4863 a
1057 4796 1237 4863 vobis
1312 4798 1637 4881 patiemur
1702 4796 2077 4863 desiderari.
2186 4795 2514 4861 Dominus

769 5085 832 5168 5)
871 5086 962 5142 Sic
1008 5086 1392 5154 autom-apheo·
1445 5093 1496 5142 et
1549 5087 1899 5142 lenvillaeue.
1993 5086 2238 5140 anten':
2263 5087 2511 5166 ¹tertium

565 5159 658 5209 Aa
734 5162 805 5209 stt
840 5156 981 5210 duem
1014 5155 1278 5224 exhibent,
1318 5173 1425 5226 quo
1459 5170 1631 5226 neque
1665 5156 1916 5211 Bucco-ua
1955 5156 2133 5209 redux
2178 5156 2305 5223 fuat,
2341 5171 2511 5226 neque

569 5224 834 5359 Οῶἕηῗῗ
866 5225 1181 5349 «Ξέᾳέ300
1211 5226 1323 5291 fine
1356 5228 1692 5281 comitiorum
1724 5227 1923 5280 rescire
1949 5226 2146 5293 potuit.

2126 383 2652 455 EPIS'DOLAE
2697 388 3035 454 341—345

4456 393 4583 456 264

2639 595 2757 641 ves
2797 581 2866 640 et
2907 581 3197 642 vestram
3239 574 3710 659 rempublicam
3753 576 3865 641 diu
3908 583 4130 643 servet
4167 576 4580 644 ineolumem.

2637 660 2891 726 Valete.
2985 659 3295 728 Genevae
3339 664 3463 727 20⁸.
3510 663 3798 749 Augusti
3849 667 4028 728 1541.

3222 795 3497 883 Syndiei
3540 808 3610 864 et
3650 796 3939 865 Senatus
3982 797 4408 865 Genevensis.

3542 1292 3693 1363 343.

3108 1428 3605 1497 BEDRO'I'US
3650 1429 4102 1496 MYOONIO.

2815 1598 3118 1666 calvinus
3169 1600 3512 1666 discessum
3553 1604 3868 1684 properat.
3972 1598 4264 1665 Bueerae
4326 1600 4583 1682 seriptis

2638 1691 2967 1769 eeeupatus
3008 1690 3112 1752 est.
3202 1684 3411 1753 Pestis
3450 1687 3647 1753 denuo
3683 1690 4038 1770 yrassatur.

2638 1855 2743 1919 (Ex
2790 1855 3126 1925 autographo
3174 1856 3396 1910 Archiv.
3443 1857 3621 1911 Turio.
3674 1858 3817 1911 Plut.
3867 1856 4028 1926 v111.,
4075 1857 4184 1910 vel.
4227 1855 4314 1925 40,
4359 1857 4488 1911 elim
4522 1856 4581 1913 O.

3046 1925 3187 1996 Epp.
3224 1924 3409 1980 XXIL
3445 1926 3482 1980 f.
3515 1924 3633 1993 298,
3670 1927 3868 1981 Simler
3901 1926 4026 1979 Vel.
4064 1924 4177 1991 50.)

3192 2113 3504 2197 Mycenie
3548 2135 3664 2181 sue
3707 2115 4024 2180 Basileae.

2807 2247 2877 2315 S.
2922 2248 3135 2334 Rege,
3176 2251 3266 2314 mi
3311 2251 3644 2316 carissime
3685 2252 3906 2330 frater,
3953 2270 4072 2315 nes
4106 2248 4373 2316 edeeere
4417 2249 4581 2317 velis

2634 2333 2943 2416 quidnam
2977 2335 3180 2420 legati
3221 2337 3422 2401 vestri
3458 2336 3767 2403 Genevae
3802 2336 4212 2403 confecerint.
4278 2333 4580 2402 Rediisse

2635 2421 2807 2485 enim
2873 2420 3141 2486 tandem
3204 2421 3381 2505 ipses
3446 2443 3862 2507 auguramur.
3974 2419 4160 2488 Scire
4223 2420 4386 2487 haee
4456 2441 4579 2487 nes

2634 2506 2834 2571 refert
2883 2506 3211 2590 imprimis
3269 2506 3515 2572 Calvini
3583 2509 3871 2587 nemine,
3939 2508 4053 2591 qui
4115 2507 4579 2589 profectionem

2634 2612 2826 2656 suam
2876 2592 3155 2657 nimium
3207 2593 3566 2658 aeoelerare
3620 2592 3811 2658 nobis
3878 2591 4167 2671 videtur,
4224 2589 4399 2675 qued
4457 2592 4576 2659 tibi

2631 2675 2703 2741 in
2761 2698 2989 2742 aurem
3044 2676 3293 2743 dietum
3344 2677 3563 2745 velim.
3668 2677 3837 2744 Sum
3880 2700 4000 2763 ege
4043 2677 4576 2761 eeeupatissimus

2634 2784 2808 2828 nune
2864 2773 3130 2847 prepter
3175 2782 3386 2848 nugas
3440 2763 3754 2846 quasdam
3812 2764 4240 2841 comitiorum,
4296 2784 4458 2845 quas
4500 2770 4577 2830 ut

2631 2856 2957 2914 verterem
3000 2847 3289 2915 Bucerus
3329 2848 3557 2917 veluit.
3584 2849 3632 2934 ¹)
3698 2848 3971 2916 Videbis
4006 2847 4321 2932 quidquid
4362 2848 4432 2914 id
4476 2857 4577 2915 est

2629 2933 2831 2999 brevi.
2941 2934 3156 2999 Pestis
3222 2935 3536 3000 haetenus
3600 2937 3759 3001 satis
3824 2934 4110 3001 elemens
4172 2934 4362 3000 nobis
4425 2935 4570 3000 fuit.

2629 3019 2860 3085 Mense
2903 3020 3078 3085 enim
3116 3027 3249 3085 tete
3283 3041 3415 3085 non
3451 3030 3608 3086 sunt
3631 3022 3870 3085 mertui
3895 3020 4069 3086 ultra
4110 3023 4230 3084 160
4253 3018 4570 3086 hemines.

2626 3103 2883 3170 Verum
2935 3105 3070 3172 iam
3128 3107 3413 3172 atreoius
3468 3106 3721 3171 saevire
3773 3107 4023 3189 ineipit.
4044 3106 4099 3186 ²)
4201 3104 4300 3169 Tu
4353 3107 4572 3189 itaque

2623 3211 2745 3340 {Ire
2778 3189 2967 3256 nobis
2987 3191 3346 3257 Dominum
3389 3213 3505 3258 era
3547 3200 3613 3257 et
3654 3191 3936 3258 resoribe
3979 3191 4061 3257 ad
4104 3212 4211 3256 me
4233 3190 4570 3274 prolixius.

2691 3296 2777 3342 on
2836 3276 3197 3343 eontinebis
3249 3277 3577 3361 lacrymas
3632 3278 3743 3344 ubi
3800 3278 4039 3363 legeris
4101 3277 4569 3359 praefationem

2628 3360 2985 3428 Cameren-ii
3037 3362 3119 3428 de
3178 3362 3461 3446 Grynaei
3516 3363 3719 3429 obitu.
3744 3366 3802 3442 ⁸)
3902 3364 4073 3429 Eam
4116 3363 4236 3428 tibi
4280 3383 4571 3429 eommu-

2623 3446 2866 3514 nieabit
2929 3447 3245 3531 Operinus
3312 3482 4318 3499 ————————
4403 3447 4571 3513 Vale

2621 3532 2696 3597 in
2737 3531 3024 3599 Domine
3067 3556 3216 3601 eum
3260 3556 3481 3600 uxore.
3573 3538 3672 3598 24.
3721 3535 4026 3620 Augusti.
4539 3548 4557 3561 '

4047 3669 4396 3737 Bedretus.

3371 3973 3780 3981 .----.-———-———

3525 4212 3677 4283 844.

3101 4348 3597 4418 PARELLUS
3640 4349 4073 4417 OALVINO.

3171 4523 3505 4675 asum
3536 4526 3717 4587 ratus
3749 4522 4019 4588 nimiam
4039 4529 4095 4589 et
4115 4525 4561 4593 intolerabilem

2789 4522 2962 4588 Eum
3001 4544 3081 4589 as

2617 4628 2861 4674 moram
2902 4628 3097 4690 expro

2649 4879 2782 4941 843.
2820 4880 2850 4933 1

2612 4950 2773 5016 finem

2923 4880 3075 4949 Quas
3125 4882 3214 4936 hie
3258 4896 3435 4949 naqa-3
3480 4883 3630 4939 dieat
3672 4885 3953 4937 nescimus.
4037 4883 4241 4937 Bueeri
4283 4883 4424 4938 Aeta
4459 4886 4558 4939 sub

2852 4950 3135 5017 eptembris
3160 4949 3417 5017 prodiere
3447 4953 3534 5017 (Ο.
3576 4951 3648 5008 R.
3682 4952 3791 5006 11⁷.
3828 4950 3951 5015 662)
3986 4952 4139 5021 apud
4176 4951 4468 5007 Rihelium.

2823 5018 2881 5080 2)
2921 5017 2958 5070 1
2993 5034 3049 5072 se
3094 5018 3368 5072 Bedretue
3399 5035 3526 5074 mox
3559 5020 3925 5076 absumendus
3958 5027 4090 5087 erat,
4122 5036 4194 5074 m.
4239 5020 4556 5077 Novembre.

2821 5086 2879 5151 3)
2920 5036 3177 5167 szzenais
3223 5087 3490 5168 409118ίὶ11
3534 5090 3747 5144 mortui.
3837 5090 4122 5154 Praefatio
4164 5090 4274 5143 ieta
4302 5091 4556 5157 praefixa

2614 5161 2695 5210 eet
2739 5154 3092 5223 Theophrasti·
3124 5157 3376 5223 oper-tous
3394 5156 3529 5213 Bae.
3553 5157 3681 5212 1541
3701 5157 3878 5212 editis.
3937 5157 4019 5225 Of.
4043 5160 4205 5212 etiam
4228 5158 4554 5214 Melanebth.

2621 5222 2676 5279 0.
2718 5222 2788 5278 R.
2827 5225 2863 5278 1
2881 5225 2935 5279 V.
2974 5223 3077 5277 723
3107 5226 3208 5293 qui
3244 5226 3555 5294 Gvynaeam
3598 5243 3801 5282 veneno
3846 5225 4177 5281 Worman'ae
4226 5226 4424 5281 hausto
4465 5243 4554 5283 ex·

2612 5294 2866 5349 etinctum
2896 5300 3072 5363 putat,
3108 5309 3282 5362 quum.
3302 5299 3450 5363 peste
3482 5296 3737 5366 abreptus
3771 5296 3859 5350 eil.
3934 5295 4043 5361 (Id.
4079 5294 4217 5350 idid.
4249 5312 4308 5365 p.
4343 5294 4483 5364 654)
