5050 6167
379 366 494 435 609

376 555 596 640 placet,
641 555 860 638 placet
898 557 1244 624 eonsilium
1289 558 1442 640 quia
1481 558 1555 623 in
1592 558 1886 625 Domino
1924 567 2042 625 est.
2128 559 2319 642 Rogo

372 642 583 723 itaque
625 640 803 708 adsis
845 650 922 708 ut
963 645 1100 709 voti
1142 664 1406 727 compos
1449 644 1579 711 fiat.
1644 645 1997 730 Ingenium
2039 653 2111 710 tu
2144 646 2317 712 nosti

375 726 741 793 Gallorum:
802 729 929 794 scis
973 749 1130 812 ergo
1172 739 1250 794 ut
1291 728 1668 813 persuaderi
1708 730 1975 797 valeant
2014 733 2125 814 qui
2169 753 2315 815 pos-

374 821 517 878 sent
568 834 690 895 pro
743 812 1135 882 adversariis
1205 816 1272 880 in
1333 835 1535 881 eausa
1582 816 1792 899 ipsius
1843 836 1915 881 se
1964 837 2311 901 opponere.

369 897 536 964 Nam
581 899 1108 981 persuasionibus
1161 900 1427 967 videtur
1467 902 1731 984 penitus
1774 902 1944 967 mihi
1986 923 2024 966 a
2071 901 2309 967 endum

369 1003 521 1068 erga
564 983 749 1062 tales,
799 1005 935 1050 non
979 986 1314 1052 violenter.
1404 985 1549 1051 Imo
1591 987 1918 1053 violenter
1960 988 2028 1052 ni
2078 988 2126 1053 il
2168 989 2313 1053 fieri

365 1077 595 1152 posset.
683 1069 810 1137 Ille
862 1080 1207 1155 postquam
1268 1072 1453 1137 venit
1507 1071 1581 1137 in
1626 1073 2056 1140 Germaniam
2112 1095 2313 1139 evan-

365 1155 516 1239 gelii
573 1157 819 1240 gratia,
891 1166 960 1223 et
1015 1170 1150 1223 tam
1202 1157 1374 1223 male
1435 1168 1749 1243 exceptus
1801 1168 1920 1236 est,
1965 1168 2185 1242 posset
2242 1160 2312 1223 in

363 1240 582 1305 odium
617 1242 758 1307 eius
792 1244 1079 1326 regionis
1123 1243 1434 1309 devenire
1469 1243 2151 1311 vehementissimum:
2195 1266 2312 1310 ve·

362 1348 505 1391 rum
548 1336 971 1411 posteaquam
1016 1328 1086 1393 in
1131 1330 1461 1413 proposito
1497 1342 1891 1412 perseverat,
1936 1330 2129 1397 video
2168 1332 2311 1395 ani-

359 1433 539 1477 mum
597 1412 762 1478 bene
821 1412 902 1479 de
960 1414 1225 1481 Christo
1280 1416 1702 1496 sentientem,
1758 1417 2059 1482 animum
2112 1417 2313 1500 probe

359 1499 822 1581 compositum,
884 1509 952 1564 et
992 1503 1214 1566 omnia
1265 1500 1334 1565 in
1379 1522 1456 1567 eo
1499 1522 1677 1568 sana.
1763 1502 1944 1568 Hinc
1988 1524 2121 1568 non
2166 1524 2312 1586 pos-

356 1604 500 1650 sum
555 1604 691 1649 non
747 1584 1019 1667 diligere
1077 1588 1298 1652 virum
1366 1595 1434 1651 et
1484 1608 1604 1670 pro
1659 1588 1837 1653 virili
1902 1608 2309 1671 promovere,

354 1669 669 1752 quidquid
729 1671 1037 1736 instituit.
1141 1672 1378 1738 Nescio
1435 1674 1491 1737 si
1549 1674 1636 1738 sit
1691 1675 1806 1756 qui
1865 1685 2064 1756 queat
2118 1674 2313 1739 illum

353 1756 582 1822 iuvare
625 1756 815 1821 iuxta.
857 1758 1267 1841 propositum
1334 1759 1473 1823 eius
1530 1779 1733 1841 aeque
1787 1766 1867 1823 ut
1917 1770 2023 1825 tu:
2077 1780 2309 1842 quam-

351 1841 577 1907 obrem
632 1852 699 1906 te
754 1863 995 1924 quaeso
1048 1865 1165 1926 per
1210 1843 1582 1922 Christum,
1646 1845 1822 1911 vires
1875 1844 2178 1911 intendas
2235 1861 2312 1910 ut

351 1929 660 2010 consequi
701 1928 920 1993 valeat
963 1928 1138 2012 quod
1182 1929 1455 1996 honeste
1494 1931 1690 2013 cupit.

517 2014 626 2079 De
681 2015 963 2080 comitiis
982 2018 1041 2091 ²)
1112 2015 1360 2097 aliquid
1413 2016 1697 2081 scribere
1748 2038 1886 2081 non
1949 2023 2080 2095 est,
2146 2017 2308 2082 adeo

350 2106 506 2163 sunt
559 2099 768 2164 dubia
822 2121 1250 2183 quaecunque
1308 2100 1390 2165 de
1442 2102 1524 2166 iis
1584 2101 1908 2168 dicuntur.
1995 2102 2172 2168 Mihi
2215 2103 2310 2167 sie

347 2184 637 2251 videtur:
709 2187 963 2253 etiamsi
1028 2194 1284 2264 coeant,
1356 2187 1523 2251 nihil
1581 2196 1803 2252 tamen
1862 2187 1945 2251 ob
1997 2189 2309 2271 temporis

345 2270 744 2337 brevitatem
785 2272 896 2355 agi
937 2292 1143 2355 posse.
1212 2274 1319 2338 De
1361 2273 1677 2357 religione
1711 2280 1966 2339 eertum
2002 2282 2105 2340 est
2140 2272 2308 2338 nihil

343 2365 562 2421 aetum
607 2357 713 2421 iri.
781 2357 1008 2438 Quare
1049 2359 1135 2424 D.
1182 2358 1474 2424 Bucerus
1515 2361 1775 2442 scripsit
1816 2358 2090 2443 pridem,
2131 2358 2307 2425 domi

342 2441 465 2507 sibi
525 2441 1046 2524 manendum,⁸)
1123 2445 1252 2510 nisi
1308 2444 1637 2511 Dominus
1696 2445 1943 2528 aliquid
2004 2446 2309 2510 instituat

340 2528 528 2594 euius
578 2549 666 2593 ne
716 2530 965 2611 species
1002 2530 1267 2612 quidem
1302 2553 1482 2596 nune
1516 2531 1844 2613 adpareat.
1897 2531 2304 2598 Heinrichus

347 2612 773 2680 Ostheimerus
797 2616 857 2688 4)
895 2616 999 2679 vir
1040 2615 1280 2682 nobilis
1324 2616 1547 2700 (eredo
1581 2626 1647 2681 te
1691 2625 1909 2693 nosse)
1954 2616 2121 2682 dixit
2162 2617 2302 2683 hic:

340 2700 722 2782 episcopum
769 2700 1249 2780 Coloniensem,
1307 2704 1794 2785 Magantinum,
1840 2703 2303 2769 Trevirensem

336 2794 401 2850 et
442 2785 838 2851 Palatinum
882 2786 1193 2853 electores
1236 2788 1497 2870 imperii
1539 2789 1766 2854 foedus
1810 2789 2033 2854 iniisse
2074 2798 2305 2855 eontra

334 2872 644 2953 quemvis
700 2872 811 2954 qui
874 2880 1229 2937 conaturus
1286 2876 1373 2938 sit
1429 2873 1675 2955 aliquid
1735 2872 2050 2939 adversus
2107 2874 2300 2940 Colo·

331 2956 657 3024 niensem.
680 2958 741 3039 5)
827 2958 1157 3023 Miramur
1199 2979 1445 3025 omnes.
1508 2959 1689 3025 Hinc
1728 2960 2004 3025 forsitan
2042 2966 2146 3024 est
2179 2981 2300 3026 cur

333 3041 582 3108 Caesar
639 3043 830 3126 inops
886 3044 1144 3109 consilii
1208 3045 1303 3111 sic
1355 3053 1578 3111 cesset.
1669 3043 2003 3128 Scriptum
2060 3053 2163 3110 est
2215 3044 2302 3111 ad

329 3127 870 3207 Amet-bachium,
943 3151 1183 3213 papam
1241 3151 1496 3196 veneno
1553 3129 1920 3197 cardinales
1967 3130 2298 3214 ,quosdam

330 3214 401 3279 in
444 3237 589 3282 una
636 3216 938 3282 sedentes
981 3237 1210 3282 mensa
1249 3237 1534 3294 necasse,
1579 3224 1650 3280 et
1681 3216 2038 3300 Anglicum
2080 3218 2300 3284 nescio

329 3321 458 3384 qua
501 3303 630 3368 via.
672 3302 987 3368 evasisse:
1043 3322 1187 3368 esse
1245 3323 1424 3368 nunc
1479 3301 1654 3384 apud
1709 3301 2036 3367 ducissam
2090 3324 2300 3386 quan-

329 3386 485 3452 dam
539 3398 616 3453 et
670 3408 793 3453 nee
861 3387 1054 3455 edere
1109 3407 1232 3453 nee
1298 3388 1519 3454 bibere
1572 3388 1706 3453 nisi
1761 3387 1935 3471 quod
1997 3391 2299 3456 manibus

329 3474 466 3539 suis
508 3474 640 3540 illa.
681 3481 885 3555 paret.

501 3559 825 3625 Arbitror
890 3569 954 3625 te
1023 3561 1157 3625 iam
1221 3559 1479 3644 pridem
1554 3559 1879 3643 recepisse
1954 3560 2297 3644 epistolam

329 3642 576 3711 Buceri
662 3666 861 3728 quam
923 3645 1107 3711 misit
1181 3647 1265 3712 ad
1330 3644 1974 3729 Mombelgardenses
2037 3647 2294 3713 fratres.

323 3729 577 3797 Frater
639 3740 794 3796 tuus
852 3731 1179 3797 detulerat
1242 3732 1327 3799 ad
1389 3753 1531 3811 me,
1597 3752 1719 3816 ego
1778 3730 1929 3798 misi
1984 3732 2296 3811 Bernam,

325 3815 719 3884 Beruenses
773 3819 1007 3902 rogavi
1048 3827 1121 3883 ut
1155 3819 1495 3884 mitterent
1536 3815 1619 3882 ad
1664 3816 1988 3884 Farellum
2034 3826 2104 3883 et
2142 3818 2298 3883 huie

325 3900 881 3969 commendarent
919 3904 1304 3970 mittendam
1350 3903 1435 3970 ad
1478 3912 1561 3969 te.
1625 3903 1797 3969 Puto
1842 3905 2065 3969 omnia
2097 3903 2301 3986 probe

325 3994 700 4056 transacta.
790 3989 896 4054 Tu
934 3989 1086 4055 vale
1138 3991 1210 4054 in
1255 3990 1524 4056 Christo
1567 4009 1716 4054 cum
1759 3988 1821 4053 le
1908 3989 1992 4054 tis
2034 3989 2149 4072 qui
2190 3988 2298 4055 hie

325 4073 609 4142 fuerunt
652 4084 721 4139 et
763 4075 1065 4141 omnibus
1107 4078 1351 4141 sanetis
1385 4074 1714 4141 fratribus.
1868 4075 2107 4141 asileae
2147 4095 2300 4156 rap-

326 4159 450 4226 n'm
501 4167 609 4229 16.
662 4160 955 4226 Ianuarii
997 4181 1170 4226 anno
1219 4165 1399 4226 1544.

1396 4294 1511 4364 Os.
1558 4296 1910 4383 Myconius
1951 4304 2127 4363 tuus.

543 4501 1590 4572 2)Spiraea.d.24.Februariia
1712 4503 1724 4515 ‘
1880 4501 2302 4570 ‘Aequam

331 4570 548 4628 Caesar
585 4573 832 4642 Imperii
865 4572 1121 4627 subsidia
1155 4578 1349 4627 contra
1372 4570 1574 4640 Regem
1664 4571 1829 4625 auiae
1868 4572 2178 4625 Turcarum
2213 4586 2300 4625 so-

327 4639 480 4696 eim
517 4642 932 4698 sollicitaturus
964 4648 1101 4697 erat.
1155 4641 1240 4709 Cf.
1262 4640 1513 4696 Sleidan.
1532 4640 1621 4694 11.
1657 4640 1778 4693 328.
1832 4638 2050 4706 Ranke,
2092 4639 2161 4693 V.
2178 4638 2301 4694 236.

544 4712 614 4775 3)
657 4713 774 4833 gun
806 4717 992 4766 tamen
1023 4716 1213 4777 postea
1247 4711 1474 4778 Spiram
1507 4724 1564 4763 se
1597 4708 1842 4762 contulit.
1910 4776 1923 4788 ⁶

543 4780 617 4846 4)
709 4781 946 4836 ato-icius
979 4780 1206 4849 aliquis,
1241 4784 1306 4833 ut
1338 4778 1574 4845 videtur,
1609 4777 1964 4831 Basileensts.

547 4849 1047 4916 &Himeraeae
1101 4861 1653 4914 wammam,
1710 4845 2302 4914 nonmquoamo-

1119 5146 1238 5153 -ῳ-
1263 5146 1517 5153 ——-———-——

2072 376 2233 437 1544
2276 372 2657 441 IANUAR.

4246 383 4375 451 6⁷0

3319 648 3471 721 529.

2915 800 3395 870 SULZERUS
3441 802 3877 872 OALVINO.

2592 1005 2885 1072 Morbum
2927 1028 3047 1090 quo
3079 1028 3279 1090 nuper
3311 1008 3618 1075 laboravit
3651 1011 4102 1093 ,aravi-ssimum
4143 1014 4371 1079 descri-

2417 1090 2524 1174 bit,
2569 1093 2774 1175 mayis
2806 1098 3009 1158 autem
3044 1095 3120 1159 de
3153 1095 3355 1160 turbis
3393 1097 3677 1175 queritur
3706 1095 3963 1162 Bernae
3997 1119 4098 1163 eos
4139 1099 4371 1165 distra-

2417 1176 2697 1241 hentibus
2737 1179 2851 1258 qui
2892 1179 3176 1245 ecclesiae
3208 1180 3612 1263 disciplinam
3654 1187 3711 1247 et
3751 1184 4088 1249 ministerii
4128 1185 4367 1252 autori-

2415 1268 2602 1327 tatem
2644 1283 2922 1330 asserere
2964 1270 3021 1329 εἰ
3050 1285 3411 1347 promovere
3452 1269 3725 1349 cupiunt.

2737 1467 2849 1534 (Ex
2885 1469 3223 1539 autographo
3259 1470 3389 1525 Ood.
3426 1470 3626 1525 GeneV.
3663 1470 3781 1539 112,
3817 1473 3909 1527 fol.
3946 1471 4058 1539 84.)

2413 1671 2581 1738 Viro
2641 1675 3204 1756 praestantissimo
3272 1674 3358 1740 D.
3414 1675 3650 1741 Ioanni
3720 1676 3997 1743 Calvino
4061 1679 4369 1746 eeclesiae

2415 1758 2829 1825 Genevensis
2886 1762 3165 1828 antistiti
3186 1761 3527 1913 Sfffigrisuicp
3558 1763 3860 1932 ¹Domino
3915 1764 4370 1833 observandis-

2586 2015 2656 2082 S.
2725 2017 2933 2083 Recte
2988 2017 3070 2084 de
3126 2017 3537 2103 aegritudine
3588 2039 3738 2084 mea
3791 2021 4053 2102 scripsit
4121 2020 4370 2087 Vir-etus

2412 2101 2549 2167 tibi.
2643 2102 2819 2168 Nam
2890 2103 3010 2169 sub
3075 2104 3335 2169 exitum
3410 2103 3784 2188 tragoediae
3800 2107 3859 2188 ²)
3935 2126 4132 2189 quam
4195 2108 4370 2172 nosti

2413 2187 2591 2271 apud
2634 2210 2753 2255 nos
2793 2196 3007 2254 ortam
3051 2190 3540 2272 exercitamque
3598 2191 3692 2256 sie
3748 2189 3988 2256 habere
4030 2211 4139 2256 res
4181 2212 4368 2258 meae

2411 2283 2800 2358 coeperunt,
2861 2294 3007 2339 eam
3056 2283 3133 2339 ut
3185 2275 3488 2340 ultimum
3534 2295 3808 2358 operum
3850 2297 4147 2341 meorum
4189 2298 4368 2341 mor-

2412 2359 2642 2424 talium
2699 2359 2936 2425 fuerim
2995 2359 3371 2426 arbitratus.
3460 2360 3877 2445 Repentinus
3943 2363 4119 2426 enim
4181 2362 4368 2444 isque

2412 2445 2737 2511 violentus
2816 2445 3087 2511 morbus
3147 2455 3494 2512 concutere
3571 2447 3787 2512 subito
3852 2454 4063 2512 totum
4129 2466 4365 2530 corpus

2407 2534 2646 2614 eoepit,
2719 2530 2885 2596 febri
2938 2532 3318 2597 acutissima
3371 2533 3562 2596 venis
3619 2553 3695 2597 ac
3759 2530 4062 2597 medullis
4125 2533 4362 2611 infusa,

2409 2618 2710 2700 viresque
2763 2615 3056 2699 alioquin
3123 2616 3269 2683 sive
3321 2616 3655 2683 laboribus
3713 2617 3851 2683 sive
3908 2616 4365 2683 vexationibus

2408 2702 2685 2768 assiduis
2729 2710 2847 2767 aut
2885 2701 3014 2767 alia
3057 2701 3276 2785 aliqua
3316 2703 3706 2786 intemperie
3748 2702 4098 2769 convulsas
4134 2701 4365 2767 debili-

2407 2795 2705 2871 tatasque
2749 2789 3006 2871 penitus
3050 2796 3525 2870 prosternente.
3597 2787 3793 2855 Unde
3834 2787 4063 2870 capitis
4108 2786 4365 2854 dolores

2406 2873 2853 2951 intentissimi,
2902 2872 3174 2938 sudores
3208 2873 3448 2957 frigidi,
3484 2895 3646 2957 quos
3683 2873 3914 2939 letales
3948 2881 4185 2939 vocant
4226 2895 4364 2938 me-

2406 2959 2530 3024 dici
2612 2959 2971 3041 mortisque
3040 2960 3346 3037 nuncios,
3413 2969 3479 3025 et
3539 2964 3936 3039 λειποθυμίαο
3993 2958 4361 3037 continuae,

2404 3044 2847 3110 membrorum
2891 3045 3184 3110 omnium
3238 3044 3518 3129 languor
3561 3052 3630 3111 et
3681 3052 3979 3111 extrema
4020 3043 4361 3110 lassitudo.

2404 3128 2564 3196 Sola
2604 3151 2795 3196 mens
2845 3140 3109 3197 servata
3164 3139 3266 3196 est
3317 3130 3665 3196 incolumis
3707 3130 3982 3196 Domini
4023 3130 4363 3208 beneficio,

2403 3236 2533 3299 qua
2594 3237 2702 3282 me
2744 3216 2880 3281 iam
2956 3236 3080 3282 eeu
3143 3215 3228 3282 ad
3292 3217 3786 3300 emigrationem
3851 3214 4031 3281 haud
4095 3215 4364 3280 dubiam

2402 3301 2907 3385 praeparabam,
2959 3301 3223 3384 iamque
3266 3301 3537 3367 caeteris
3595 3301 3822 3367 amicis
3864 3301 4112 3383 tibique
4152 3301 4363 3366 nomi-

2402 3388 2631 3467 natim,
2674 3389 2766 3453 mi
2809 3387 3258 3453 amantissime
3299 3388 3536 3467 frater,
3599 3387 3751 3453 vale
3793 3386 3960 3451 meis
4001 3384 4219 3452 verbis
4263 3386 4363 3451 di-

2403 3496 2552 3543 cere
2609 3476 2963 3553 iusseram,
3029 3494 3276 3556 proque
3332 3473 3463 3538 fide
3516 3473 3895 3555 sinceraque
3941 3472 4013 3535 in
4068 3471 4364 3537 Domino

2405 3561 2677 3625 caritate
2711 3559 2961 3643 gratias
2985 3579 3200 3643 agere,
3239 3559 3400 3624 dum
3435 3566 3502 3624 te
3542 3579 3807 3624 rursum
3841 3559 3913 3622 in
3945 3565 4367 3641 conspectum

2403 3646 2533 3711 Dei
2584 3646 2791 3729 patris
2833 3644 3119 3729 Iesuque
3163 3644 3419 3710 Christi
3473 3643 3648 3728 apud
3698 3644 4042 3710 beatorum
4097 3662 4362 3709 consor-

2403 3732 2573 3796 tium
2639 3729 3010 3796 ministerio
3077 3730 3537 3812 laboribusque
3610 3730 3912 3795 omnibus
3977 3726 4364 3793 defunctum

2403 3816 2658 3893 videre,
2719 3835 3005 3899 veraque
3062 3822 3130 3881 et
3169 3817 3445 3899 perenni
3500 3815 3829 3881 suavitate
3872 3833 4098 3879 carum
4138 3819 4206 3876 et
4246 3833 4363 3877 ve-

2405 3900 2772 3967 nerandum
2814 3910 3043 3985 pectus
3096 3921 3319 3966 meum
3373 3899 3715 3982 complecti
3758 3897 4044 3965 daretur.
4135 3896 4366 3962 Testes

2404 3987 2604 4053 huius
2641 3986 2836 4052 amici
2868 3995 3045 4065 sunt,
3083 4006 3364 4070 quorum
3401 3985 3620 4051 studia
3660 3984 4112 4066 sinceramque
4145 3982 4364 4061 fidem,

2405 4074 2462 4137 si
2520 4072 2801 4138 antehac
2854 4092 3225 4154 nunquam,
3282 4078 3427 4136 tum
3481 4091 3627 4136 sum
3684 4069 3975 4135 maxime
4028 4076 4363 4151 expertus.

2404 4155 2591 4223 Adeo
2614 4158 2939 4223 Dominus
2972 4158 3344 4223 misericors
3379 4156 3809 4222 afflictionum
3837 4175 3940 4219 ma
4040 4151 4364 4218 itudinem

2405 4244 2954 4325 acerbitatemque
2996 4242 3454 4308 consolationis
3487 4242 3712 4307 variae
3745 4237 3931 4305 dulce
3984 4239 4092 4303 ’ne
4112 4247 4362 4320 tempe-

2405 4328 2601 4407 ravit,
2656 4326 2959 4410 idemque
3000 4326 3303 4393 morbum
3345 4328 3511 4393 citra
3551 4325 4134 4403 medicamentum,
4192 4321 4366 4405 quod

2405 4422 2674 4498 propter
2715 4433 3040 4477 summam
3081 4413 3532 4478 infirmitatem
3576 4411 3832 4477 nullum
3868 4408 4205 4492 porrigere
4247 4428 4363 4472 au-

2408 4499 2650 4564 debant
2690 4497 2956 4575 medici‚
3014 4496 3271 4580 depulit
3326 4505 3394 4563 et
3433 4497 3716 4581 pristino
3760 4516 3866 4560 me
3907 4493 4198 4560 restituit
4238 4494 4363 4557 mi-

2407 4585 2698 4661 nisterio,
2743 4583 3028 4666 amplius
3069 4585 3379 4649 nimirum
3432 4581 3888 4659 exercendum,
3934 4590 4001 4645 et
4043 4579 4363 4663 graviori-

2408 4672 2531 4737 bus
2576 4669 2909 4736 aerumnis
2951 4689 3072 4752 pro
3116 4669 3342 4753 ipsius*
3367 4670 3633 4733 nomine
3682 4664 4137 4733 obiiciendum.
4223 4662 4365 4728 Do·

2406 4765 2524 4822 net
2564 4755 2740 4821 idem
2787 4754 2984 4819 modo
3038 4754 3291 4820 misello
3343 4754 3510 4819 mihi
3563 4760 3633 4818 et
3681 4751 4062 4818 refractario
4118 4770 4365 4835 organo

2410 4843 2563 4908 huic
2627 4840 2904 4907 militiae
2967 4841 3370 4907 necessarias
3446 4838 3790 4905 facultates
3806 4889 3825 4919 ,
3903 4836 4363 4913 constantiam,

2443 5079 3062 5147 529.1)A.dscriphun
3107 5087 3189 5136 eat
3231 5095 3405 5135 mm
3438 5076 3680 5145 Calvi-d,
3730 5091 3922 5146 mpe
3954 5074 4129 5130 alicui
4160 5074 4362 5129 amico-

2409 5166 2538 5206 m
2570 5148 2853 5219 epi-telam
2885 5149 3190 5205 tradentis.-
3227 5151 3395 5215 Quam
3432 5149 3665 5218 primum
3703 5147 3772 5199 ad
3808 5162 3895 5200 me
3928 5146 4165 5199 remitte.

2617 5218 2674 5285 2)
2709 5218 2903 5273 inm&
2936 5232 3166 5274 eausam
3197 5217 3580 5272 Meto-orum
3613 5213 3694 5270 ad
3725 5212 3782 5268 ἅ.
3817 5214 3869 5268 8.
3893 5212 4027 5269 Dec.
4067 5211 4361 5267 15⁴3ssoe-

2410 5285 3567 5357 meaatormaequavideviretum
3602 5282 3839 5340 Roas.
4384 5306 4391 5313 »
