5050 6167
695 456 824 522 711

689 640 1012 710 Delectus
1050 640 1222 706 fiunt
1262 639 1617 706 Tabernae.
1682 636 2125 721 Quamobrem
2169 634 2428 702 Alsatia
2470 632 2659 716 quid-

698 727 859 813 quid
920 727 1121 792 habet
1182 724 1526 809 pecudum,
1594 725 1764 805 vini,
1836 723 2152 788 frumenti
2215 719 2660 806 pecuniaeque

698 811 1005 881 convehit
1043 812 1500 897 Argentinam.
1559 810 1736 876 Nam
1781 830 1821 874 a
1863 807 2182 874 militibus
2225 805 2394 872 nihil
2436 811 2661 904 tutum

697 907 816 966 est.
900 899 1117 965 Furta
1179 898 1445 962 interim
1512 902 1579 961 et
1633 894 1976 961 latrocinia
2041 895 2212 959 fiunt
2266 891 2655 975 frequentia.

698 984 836 1051 Sed
879 991 945 1050 et
979 983 1417 1068 Argentinam
1449 989 1772 1048 venturus
1806 979 2130 1059 dicitur‚⁶)
2173 977 2362 1045 cuius
2396 977 2657 1042 utinam

698 1070 786 1136 sit
825 1070 1089 1136 futurus
1134 1069 1457 1136 adventus
1521 1068 1847 1151 pacificus.
1938 1064 2243 1150 Tigurini
2285 1061 2657 1145 expostula-

697 1156 989 1222 tionibus
1034 1154 1395 1239 Myconium
1451 1163 1694 1218 vexant
1711 1153 1766 1239 ⁷)
1818 1152 1900 1218 ob
1954 1151 2299 1217 conciones
2352 1147 2515 1214 duas
2575 1146 2657 1246 de

697 1240 1092 1308 eucharistia
1134 1238 1217 1304 ab
1250 1240 1394 1324 ipso
1432 1238 1712 1318 habitas,
1756 1245 2168 1322 perguntque
2210 1255 2331 1300 suo
2366 1254 2551 1299 more
2586 1231 2656 1332 id

696 1327 1033 1393 doctrinae
1089 1346 1302 1410 genus
1354 1322 1572 1390 odiose
1627 1323 2000 1401 traducere,
2061 1322 2381 1388 bonorum
2438 1317 2656 1385 studia

694 1411 1078 1498 suggillare:
1140 1410 1377 1495 quibus
1433 1430 1663 1493 precor
1706 1431 1789 1474 ex
1833 1409 2053 1474 animo
2095 1415 2385 1473 mentem
2427 1404 2653 1470 melio-

693 1519 836 1563 rem
851 1549 869 1577 ,
926 1497 1265 1580 magisque
1320 1494 1404 1560 ad
1457 1494 1842 1562 catholicam
1898 1494 2319 1560 ecclesiarum
2376 1511 2651 1558 consen-

693 1583 943 1650 sionem
986 1584 1480 1661 inflammatam‚
1524 1581 1717 1665 plane
1753 1580 1878 1647 hoc
1913 1580 2323 1664 potissimum
2359 1585 2653 1659 tempore

693 1668 1157 1747 necessariam,
1203 1668 1332 1733 nisi
1376 1668 1818 1733 necessarium
1861 1687 1996 1730 non
2040 1675 2140 1730 est
2180 1662 2543 1748 provehere
2588 1669 2654 1727 et

692 1755 867 1820 tueri
908 1753 1243 1837 religionis
1299 1753 1783 1835 professionem.
1873 1750 2009 1818 Sed
2063 1751 2198 1816 iam
2239 1749 2392 1814 vale
2433 1755 2503 1814 et
2544 1768 2652 1812 me

695 1860 861 1905 ama.
947 1838 1183 1905 Salvos
1242 1838 1393 1903 iube
1445 1837 1615 1903 meis
1660 1838 1963 1920 Beatique
1975 1837 2037 1922 8)
2094 1835 2314 1903 verbis
2365 1833 2653 1919 collegas

690 1931 859 1992 tuos.
951 1922 1201 2008 Scripsi
1244 1924 1503 1989 Bernae
1556 1928 1631 1989 19
1676 1923 1841 1989 Maii
1884 1924 2014 1989 An.
2061 1927 2164 1986 44.

1958 2059 2033 2124 Τ.
2081 2057 2439 2124 Sultzerus.

689 2178 936 2244 Italum
970 2179 1147 2246 hunc
1170 2178 1285 2243 tibi
1310 2179 1501 2245 unice
1524 2177 1927 2257 commendo,

688 2265 912 2332 virum
975 2274 1052 2329 ut
1129 2265 1401 2349 adparet
1477 2264 1799 2348 optimum
1862 2269 1930 2328 et

686 2350 1062 2416 testimonia
1108 2349 1429 2501 Ρζιὲῑὲῗὲῗη
1443 2358 1511 2415 et
1552 2348 1793 2415 Bucari
1835 2349 1928 2414 fe-

1462 2613 1529 2618 —--⁴
1568 2609 1807 2619 ΜΔΝ

1593 2810 1746 2880 550.

1171 2963 1618 3034 POLLANU
1619 2966 1672 3033 S
1719 2963 2156 3033 OALVINO.

853 3151 1141 3219 Excusat
1195 3174 1262 3220 se
1313 3154 1477 3235 quod
1532 3154 1669 3219 eius
1719 3154 2024 3220 desiderio
2081 3152 2496 3235 obtemperare
2539 3174 2638 3219 ne-

678 3243 865 3390 mat
925 3237 1338 3322 Aryentorati
1399 3244 1685 3305 retentus.
1781 3237 2176 3305 Commendat
2236 3238 2638 3318 Chauvetum‚

815 3330 968 3390 atur
1009 3329 1080 3390 ut
1112 3325 1344 3407 scripto
1382 3323 1715 3391 F'landros
1747 3330 1961 3391 contra
2008 3325 2426 3407 Quintim'stas
2468 3329 2640 3392 tuea-

676 3413 800 3475 tur.
852 3408 1143 3476 Psalmos
1171 3409 1428 3493 gallicos
1465 3410 1647 3475 condi
1679 3409 2004 3495 oolliyique
2035 3411 2222 3493 eupit.
2271 3410 2640 3477 Novissima

674 3496 868 3576 refert
908 3495 984 3560 de
1029 3494 1427 3561 Meterzeibus.

1017 3681 1130 3745 (Ex
1166 3680 1501 3751 autographo
1537 3679 1667 3735 Ood.
1706 3680 1868 3736 Goth.
1903 3680 2023 3749 405,
2059 3683 2152 3737 fol.
2186 3680 2301 3751 86.)

845 3850 1286 3918 ornatissimo
1330 3852 1473 3917 viro
1493 3850 1733 3918 Ioanni
1778 3850 2054 3919 Calvino
2098 3853 2348 3921 Ohristi
2387 3854 2635 3921 vindici

669 3939 991 4023 magistro
1036 3958 1112 4003 ao
1156 3936 1328 4021 patri
1371 3937 1443 4000 in
1488 3936 1775 4004 Domino
1818 3939 2107 4006 colendo.

1988 4025 2322 4091 Genevae.

846 4156 916 4224 S.
958 4158 1034 4224 P.
1084 4160 1407 4243 Magister
1441 4179 1516 4225 ac
1550 4167 1739 4243 pater
1758 4160 1829 4225 in
1853 4160 2120 4226 Christo
2159 4161 2631 4229 colendissimo.

671 4245 814 4310 Tua
857 4243 972 4309 illa
1015 4244 1401 4310 humanitas
1440 4266 1515 4312 ac
1556 4266 1759 4329 prope
1794 4247 2148 4331 singularis
2187 4267 2347 4331 erga
2378 4270 2485 4315 me
2519 4248 2633 4314 be-

876 4533 937 4601 6)
976 4532 1187 4589 Caesar
1231 4533 1348 4588 scil.
1390 4533 1675 4588 Caeterum
1709 4532 1777 4588 de
1808 4533 2035 4590 lectione
2077 4550 2196 4590 non
2237 4534 2629 4606 daeobitandmn,

665 4601 1216 4742 mgf'm
1266 4616 1410 4672 pro.-
1468 4605 1669 4656 dicitnr
1731 4608 1949 4658 tantum
1998 4604 2239 4660 exhibet.-
2292 4606 2375 4659 dr.
2424 4605 2631 4662 lineola

664 4811 835 4868 a..
868 4741 946 4864 a
975 4740 1578 4864 exeram...
1351 4739 2159 4880 mamam
2181 4741 2630 4881 mma.

664 4897 706 4936 a
824 4879 864 4960 ι’
957 4879 1005 4932 ii
1045 4877 1289 4944 fomula
1336 4878 1628 4959 descivisse
1672 4881 2081 4934 renunciartmt
2097 4921 2116 4949 ,
2267 4879 2314 4960 ‘d
2339 4887 2541 4949 postea
2576 4886 2629 4937 et

665 4948 1225 5074 ffissadffiffl
1243 4948 2328 5096 m'issktiffussffietmmm
2360 4965 2628 5075 &⁸0¹3ss

663 5091 971 5144 manunt.
1007 5085 1260 5139 Exstant
1294 5085 1548 5155 Mycona
1580 5087 1772 5140 literae
1805 5086 1882 5141 ad
1904 5087 2226 5143 Vadianum
2259 5093 2311 5142 et
2331 5088 2623 5143 Melanch-

664 5157 882 5237 auom
918 5155 987 5210 de
1017 5154 1109 5208 his
1141 5155 1552 5221 municionibus
1587 5157 1894 5224 querentis,
1932 5173 2073 5226 quae
2105 5159 2230 5226 ipse
2339 5159 2420 5238 Ι·
2492 5174 2627 5214 erue

662 5225 1060 5366 {fictarum
1086 5228 1320 5360 {253th
1353 5230 1699 5294 exstmauere
1728 5242 1847 5281 nou
1870 5232 2195 5296 pomerum&
2235 5225 2379 5294 (er
2513 5227 2624 5297 fer,

876 5361 938 5432 8>
970 5360 1263 5431 θεωρεῖ.

2254 443 2784 513 EPISTOLAE
2832 446 3166 508 549—-551

4579 449 4687 509 712

2764 632 3156 712 nevolentia,
3202 653 3370 717 quae
3413 654 3518 698 me
3562 640 3756 698 antea
3795 635 3892 698 tui
3937 630 4463 698 amantissimum
4503 634 4693 702 incre-

2764 717 3054 785 dibiliter
3095 719 3306 803 magis
3351 740 3427 785 ac
3470 719 3680 804 magis
3723 717 3844 785 tibi
3887 717 4219 797 devinxit,
4274 715 4499 783 eadem
4552 720 4695 788 facit

2763 811 2838 870 ut
2878 825 3012 869 non
3069 825 3308 888 parum
3362 826 3469 870 me
3525 805 3768 890 pudeat
3821 802 3993 887 quod
4043 811 4182 869 tam
4225 804 4333 887 pio
4378 826 4455 869 ac
4491 804 4559 869 in
4598 829 4695 875 me

2759 889 3017 956 liberali
3057 899 3172 957 tuo
3214 890 3534 958 desiderio
3575 912 3707 956 non
3746 890 3940 956 liceat
3982 891 4447 973 obtemperare.
4462 891 4511 974 ¹)
4564 893 4698 978 Ego

2763 975 2941 1041 enim
2984 976 3051 1041 id
3095 976 3437 1060 cupiebam
3481 998 3565 1042 ex
3610 976 3827 1042 animo
3845 1027 3862 1055 ,
3906 976 4004 1041 uti
4047 997 4260 1060 nuper
4299 976 4419 1043 tibi
4463 977 4694 1061 scripsi.

2761 1060 3018 1127 Verum
3059 1083 3262 1145 quum
3307 1061 3388 1127 de
3432 1084 3507 1128 eo
3551 1062 3635 1128 ad
3680 1062 3762 1127 D.
3806 1061 4127 1128 Bucemm
4170 1062 4448 1128 alterum
4491 1084 4698 1131 meum

2757 1157 3101 1230 parentem
3145 1147 3536 1225 retulissem,
3580 1149 3637 1214 is
3677 1149 3900 1214 statim
3939 1169 4043 1213 me
4079 1145 4162 1213 ad
4197 1147 4395 1213 aliam
4431 1149 4698 1216 subeun-

2760 1233 2910 1298 dam
2960 1233 3364 1316 provinciam
3423 1232 3740 1313 traduxit,
3797 1233 3878 1299 de
3921 1253 4050 1317 qua
4100 1242 4450 1317 antequam
4506 1235 4700 1302 abiret

2759 1317 3051 1403 Spyram
3093 1320 3411 1385 nonnulla
3452 1320 3713 1384 fuerant
3753 1327 3927 1396 acta,
3985 1319 4246 1388 tametsi
4303 1320 4702 1403 postmodum

2756 1405 2827 1468 in
2851 1404 3371 1488 desperationem
3407 1425 3614 1489 paene
3650 1406 3788 1471 eius
3824 1405 3920 1471 rei
3954 1406 4089 1471 iam
4109 1426 4439 1472 veneram.
4483 1405 4700 1491 Itaque

2755 1510 2892 1555 non
2935 1491 3118 1574 potui
3160 1511 3461 1558 recusare
3503 1491 3676 1575 quod
3712 1498 3867 1557 ante
3909 1491 4329 1557 ambiveram.
4394 1492 4585 1559 Nunc
4625 1491 4704 1559 ad

2758 1577 3059 1641 comitem
3120 1577 3201 1642 ab
3247 1576 3546 1661 Issebury
3559 1576 3617 1663 ²)
3670 1576 4058 1661 proficiscor,
4117 1576 4248 1643 huc
4302 1577 4515 1644 filium
4571 1578 4704 1646 eius

2757 1683 2908 1728 cum
2964 1661 3291 1729 nobilibus
3348 1663 3595 1746 aliquot
3654 1662 4089 1741 adducturus,
4146 1662 4409 1728 illorum
4468 1663 4707 1731 scilicet

2754 1747 3171 1832 paedagogus
3214 1749 3497 1813 futurus.
3576 1750 3726 1834 Ago
3769 1749 3974 1832 igitur
4017 1749 4266 1832 gratias
4307 1749 4706 1816 immortales

2755 1853 2875 1915 pro
2917 1834 3080 1900 istac
3132 1843 3244 1898 tua
3298 1833 3725 1900 humanitate.
3813 1832 3951 1900 Oro
3993 1834 4193 1900 etiam
4236 1842 4312 1900 ut
4354 1835 4523 1900 mihi
4563 1857 4707 1902 cou-

2756 1919 2958 1984 dones
2998 1919 3056 1984 si
3099 1919 3251 2001 quid
3290 1919 3397 1986 hic
3437 1920 3849 2002 peccaverim
3865 1972 3881 1998 ‚
3938 1940 4173 2003 meque
4231 1920 4441 1987 nihilo
4497 1921 4706 1988 minus

2754 2011 2831 2070 ut
2864 2012 3058 2069 antea
3098 2006 3323 2071 favore
3355 2013 3473 2070 tuo
3508 2026 3920 2090 prosequere.
3966 2005 4270 2072 Invenies
4309 2028 4418 2072 me
4454 2028 4704 2092 semper

2753 2090 2980 2155 filium.
3035 2089 3174 2156 Oro
3216 2097 3292 2155 ut
3331 2091 3496 2155 mihi
3541 2101 3727 2175 pater
3770 2112 3912 2158 esse
3958 2092 4138 2170 velis,
4184 2092 4710 2176 quandoquidem

2753 2174 2964 2241 indies
3026 2176 3220 2242 audio
3271 2176 3460 2241 illum
3513 2179 3625 2260 qui
3681 2186 3781 2243 est
3837 2177 4200 2243 secundum
4255 2198 4526 2244 carnem
4581 2180 4708 2245 iam

2754 2260 3060 2327 meditari
3102 2261 3592 2329 abdicationem.

2924 2346 3099 2412 Vide
3141 2355 3383 2426 autem,
3426 2349 3709 2414 Domine
3732 2371 3807 2416 ac
3829 2357 4015 2432 pater
4037 2349 4507 2429 amantissime,
4553 2369 4709 2415 num

2753 2430 2861 2498 hic
2903 2452 3011 2497 me
3056 2434 3443 2502 temeritatis
3487 2453 3768 2501 accuses.
3858 2435 3983 2501 Est
4021 2435 4130 2500 hie
4172 2436 4381 2500 frater
4425 2435 4709 2521 quidam,

2752 2525 2949 2583 antea
2989 2518 3112 2584 tibi
3153 2539 3289 2583 non
3332 2520 3719 2603 incognitae.
3764 2521 3834 2586 Is
3869 2522 3964 2585 ita
3997 2519 4105 2586 hio
4175 2529 4451 2598 meatus
4498 2530 4599 2588 est
4640 2533 4711 2586 ut

2750 2603 2891 2669 vita
2933 2612 3001 2668 et
3044 2605 3341 2671 doctrina
3383 2606 3471 2670 sit
3512 2604 3814 2672 omnibus
3857 2606 4395 2689 spectatissimus,
4444 2606 4609 2673 adeo
4640 2614 4715 2674 ut

2749 2688 2939 2753 illum
2984 2689 3266 2755 alterum
3308 2691 3697 2756 Pharellum
3753 2693 4076 2757 iuniorem
4129 2701 4362 2758 vocent
4423 2691 4708 2777 quidam.

2749 2774 2964 2840 Tanta
3007 2785 3108 2842 est
3147 2775 3220 2840 in
3257 2777 3399 2842 viro
3433 2777 3643 2860 pietas
3678 2776 3749 2842 in
3774 2776 4182 2843 admonendo
4211 2787 4279 2843 et
4299 2775 4713 2864 corrigendo.

2745 2860 2950 2925 Illum
2986 2882 3106 2945 ego
3142 2863 3397 2944 cupiam
3431 2862 3526 2927 ita
3559 2861 3680 2927 tibi
3714 2863 4260 2942 commendatum,
4307 2873 4384 2930 ut
4427 2864 4556 2931 hae
4599 2884 4712 2930 seu

2745 2945 2875 3011 alia
2928 2946 3053 3030 ipsi
3113 2948 3613 3030 prospiceretur.
3703 2947 3888 3027 Scin,
3943 2950 4002 3015 si
4101 2950 4325 3033 ropius
4381 2952 4595 3031 noris,
4648 2955 4712 3015 te

2743 3030 2932 3095 illum
2989 3054 3072 3097 ex
3131 3035 3348 3098 animo
3403 3033 3915 3117 complexurum.
4071 3056 4177 3100 am
4231 3034 4466 3117 hodie,
4515 3056 4713 3120 quam

2743 3115 3054 3182 laboretis
3095 3117 3399 3184 invenire
3442 3120 3556 3203 qui
3598 3118 3961 3185 doctrinam
4004 3121 4459 3205 evangelicam
4516 3121 4712 3188 mori-

2743 3202 2867 3268 bus
2910 3204 3314 3286 exprimant,
3369 3226 3502 3270 non
3555 3206 3802 3289 ignoro.
3891 3205 4093 3273 Hunc
4136 3227 4279 3272 esse
4334 3208 4549 3274 talem
4599 3205 4712 3272 tibi

2743 3308 2963 3354 coram
3005 3290 3291 3355 Domino
3335 3289 3637 3373 spondeo.
3708 3289 3784 3357 Si
3827 3292 3920 3356 ita
3953 3290 4283 3358 videbitur
4318 3291 4411 3356 D.
4439 3293 4708 3371 Ducere,

2745 3373 2827 3439 ad
2871 3382 2940 3439 te
2983 3375 3121 3440 ibit.
3214 3374 3338 3441 Sin
3381 3376 3633 3455 minus,
3698 3396 3811 3443 oro
3854 3385 3927 3442 ut
3962 3378 4101 3443 eius
4143 3380 4556 3446 memineris.
4643 3377 4712 3443 Is

2744 3467 2849 3524 est
2906 3459 3341 3544 Raymondus
3411 3460 3765 3528 Chauvetus
3837 3464 3950 3546 qui
4027 3462 4186 3529 olim
4261 3464 4395 3529 fuit
4462 3464 4708 3531 ordinis

2739 3545 3353 3696 {ranciscanorum
3397 3548 3510 3630 qui
3553 3547 3728 3631 apud
3770 3547 3855 3614 D.
3882 3547 4251 3618 Pharezzum
4292 3559 4465 3632 erat,
4509 3571 4712 3635 quum

2796 3632 2852 3696 'c
2896 3632 3143 3697 essetis.

2913 3716 3185 3782 Fratres
3228 3718 3436 3783 nostri
3479 3718 4134 3805 Vallencenenses,⁸)
4192 3723 4305 3805 qui
4363 3744 4587 3807 nuper
4635 3721 4716 3788 ad

2741 3823 2862 3867 nos
2927 3803 3246 3885 quaedam
3314 3804 3556 3888 scripta
3623 3803 4183 3887 Quintinistarum
4203 3810 4260 3887 ⁴)
4328 3809 4712 3886 attulerant,

2738 3885 3093 3952 redierunt.
3155 3888 3292 3954 Oro
3337 3898 3401 3955 te
3443 3911 3561 3974 per
3596 3889 3936 3957 Christum
3980 3901 4074 3971 ut,
4120 3893 4176 3957 si
4221 3912 4300 3957 ea
4347 3916 4523 3980 quae
4569 3892 4716 3959 misi

2738 3972 2998 4057 legeris,
3035 3973 3198 4039 velis
3236 3974 3315 4039 ad
3352 3975 3528 4057 ipsos
3565 3978 3846 4043 scribere
3880 3977 4396 4044 consolationem
4429 3981 4716 4065 aliquam

2740 4078 2907 4140 quae
2949 4060 3135 4141 ipsos
3176 4061 3244 4124 in
3290 4062 3490 4126 tantis
3534 4063 3818 4128 miseriis
3862 4063 4182 4128 sustineat
4224 4074 4432 4149 atque
4481 4066 4714 4132 adver-

2740 4164 2854 4209 sus
2897 4154 3114 4226 pestes
3156 4145 3303 4210 illas
3347 4148 3604 4212 muniat
3645 4155 3714 4213 et
3755 4147 3994 4215 fulciat.
4052 4148 4138 4214 D.
4164 4148 4471 4218 Bucems
4513 4148 4715 4219 semel

2738 4229 3024 4313 scripsit,
3041 4231 3098 4309 ι”)
3143 4241 3337 4314 atque
3380 4232 3452 4296 id
3496 4233 3706 4299 denuo
3749 4235 4073 4299 facturum
4116 4236 4412 4316 confido,
4457 4237 4579 4304 sed
4621 4235 4714 4302 nil

2738 4313 2822 4379 ad
2864 4315 3013 4380 illos
3058 4335 3333 4382 errores.
3423 4317 3607 4384 Satis
3651 4330 3750 4386 est
3791 4331 3858 4385 te
3901 4320 4245 4387 monitum.
4330 4321 4496 4391 Scio
4540 4324 4715 4389 enim

2769 4538 2999 4599 550.1)
3042 4538 3281 4594 Πάπαν
3319 4540 4706 4615 Οαῑυὺιωοίσοπάὄὲίοαωαῑόφιωκαῑῶί,ΐον-

2733 4611 2879 4662 tasse
2915 4605 3186 4676 Gmevae,
3213 4609 3496 4689 ‘obtulisse

2782 4745 2793 4757 ο
2936 4677 2998 4757 β)
3035 4676 3321 4732 Henncue
3341 4679 3424 4760 ,ab
3441 4680 3733 4748 Ismara,
3770 4679 4180 4761 archiepiscopi
4211 4687 4264 4735 et
4295 4683 4559 4740 eloam-2⁶⁸
4582 4683 4710 4738 ste-

2732 4760 2975 4826 wem
3007 4745 3203 4812 frater.
3244 4746 3352 4801 Guz
3385 4754 3496 4804 tres
3530 4754 3692 4830 erm
3723 4749 3844 4830 filu⁸
3863 4749 4123 4831 Ioamoea,
4151 4750 4502 4835 Valentmuge
4517 4752 4706 4808 eun-

2731 4817 3098 5014 τοπιαεξῖἶξ
3120 4814 3269 4940 ἕΐηῗ
3303 4816 3688 4958 ἔεοαῧῖτιῖᾧοῖι
3731 4820 4099 4942 BQ
4142 4834 4204 4876 se
4248 4822 4497 4878 contum
4539 4819 4707 4877 amat

2935 5020 2996 5076 4)
3035 5021 3125 5076 De
3177 4996 3452 5093 Quintino‘
3501 5029 3553 5078 et
3615 5021 3979 5093 cummim
4022 5042 4074 5079 υ.
4113 5022 4349 5084 caveo<
4405 5030 4707 5109 tradat-qu·

2731 5094 2887 5170 eontr-
2888 5108 2927 5144 a
2961 5090 3281 5174 Liber-apos
3314 5099 3366 5148 et
3400 5093 3651 5176 Proleyy.
3685 5100 3881 5175 nostra
3919 5093 3983 5152 Τ.
4005 5093 4146 5152 VII.
4179 5110 4236 5165 p.
4274 5096 4365 5152 m
4396 5167 4410 5180 ⁹

2730 5165 2946 5285 ⁶12?er
2977 5178 3505 5313 fortasseffirtcmte
3531 5161 3764 5314 {⁸²96qu
3798 5180 3999 5315 siam
4018 5234 4082 5288 in
4116 5182 4493 5293 adversumne!
4526 5180 4705 5294 ⁹332

2730 5380 2846 5421 m
2935 5297 2999 5380 5)
3037 5299 3198 5369 Quod
3236 5302 4141 5425 empmmowuficetmmm:
4187 5310 4338 5362 oon-te
4382 5305 4568 5364 deN.
4608 5301 4706 5362 125
