5050 6167
596 403 674 466 15
2074 389 2601 460 EPISTOLAE
2647 391 2985 455 207--208
3000 390 3119 456 bis.
4527 397 4608 458 1ss

591 587 685 653 Δι
726 583 940 653 Satan
980 583 1146 649 illud
1189 590 1383 667 urget
1437 590 1514 647 ιιι
1567 589 1885 665 quaerant
1942 602 2071 646 non
2129 580 2320 664 pauci
2374 579 2546 661 quod

591 670 675 738 ad
699 669 970 737 dissidia
989 669 1148 735 facit
1169 668 1381 753 magis
1401 687 1597 752 quam
1623 667 1766 750 paci
1789 666 2160 732 servientia.
2233 665 2544 748 Intelligo

590 757 787 824 istinc
849 756 1166 839 scriptum
1220 754 1452 834 fuisse,
1518 754 1648 819 huc
1712 754 1914 818 missa
1978 754 2252 817 fratrum
2303 761 2466 828 acta,
2483 750 2544 836 ⁴)

590 844 814 926 sicque
856 861 976 926 per
1016 861 1136 907 nos
1179 840 1406 917 celata,
1461 847 1539 904 ut
1593 838 1675 904 ad
1720 838 1882 903 alios
1924 858 2058 904 non
2101 838 2542 922 pervenerint.

592 927 672 995 Si
704 928 908 993 missa
940 928 1224 1005 fuerunt,
1262 925 1427 991 mihi
1461 945 1618 990 sane
1653 945 1786 989 non
1819 924 2089 990 fuerunt
2121 922 2348 989 missa:
2385 943 2544 987 nam

593 1035 677 1080 ex
720 1013 939 1079 fructu
984 1012 1260 1078 actionis
1298 1011 1475 1075 illius
1518 1009 1598 1075 de
1642 1030 1770 1093 quo
1813 1011 2049 1094 agitur,
2104 1029 2304 1074 unam
2363 1026 2543 1072 accr-

588 1098 927 1166 bissimam
969 1098 1248 1182 cogebar
1290 1093 1453 1163 tunc'
1491 1096 1829 1176 devorare,
1873 1115 2077 1178 quum
2120 1094 2289 1159 nihil
2332 1094 2545 1177 magis

591 1183 676 1251 ad
720 1192 1002 1251 mortem
1040 1191 1303 1266 raperet
1339 1202 1445 1247 me
1489 1202 1688 1265 quam
1732 1180 2149 1248 ecclesiarum
2194 1201 2312 1262 per
2354 1178 2544 1243 illum

590 1271 765 1337 facta
797 1271 1007 1348 ruina,
1055 1279 1129 1334 ut
1162 1278 1415 1336 taceam
1458 1267 1537 1332 de
1580 1268 1711 1333 viri
1754 1266 2320 1344 commilitonibus,
2369 1273 2436 1330 et
2468 1274 2547 1330 ut

591 1356 838 1440 aliquid
880 1357 1057 1419 inter
1114 1374 1194 1420 ea
1233 1375 1401 1437 quae
1443 1354 1722 1418 fratrum
1764 1362 1923 1420 sunt
1962 1352 2044 1417 de
2086 1352 2251 1418 meis
2293 1351 2545 1416 immis-

591 1462 795 1522 ceam,
839 1439 1087 1507 iudices
1143 1441 1314 1506 solos
1371 1440 1663 1505 effecisse
1716 1459 1802 1504 ne
1856 1436 2293 1520 triumpharet
2345 1445 2543 1502 actor.

594 1526 763 1609 Quis
827 1534 1048 1610 speret
1111 1525 1290 1591 aliud
1352 1526 1641 1609 cogitare
1705 1525 1775 1589 in
1833 1524 1955 1590 hac
2014 1544 2213 1590 causa
2268 1543 2379 1589 eos
2434 1523 2546 1605 qui

593 1612 840 1679 audent
878 1612 1226 1692 affirmare,
1270 1608 1585 1694 quidquid
1638 1611 1719 1676 ab
1775 1609 1921 1675 aliis
1962 1611 2039 1674 fit
2092 1615 2207 1674 aut
2258 1617 2545 1687 curatur,

591 1698 892 1783 quamvis
946 1717 1139 1762 nemo
1194 1697 1414 1763 minus
1472 1696 1713 1763 resciat
1773 1717 1970 1779 quam
2032 1716 2185 1779 ego,
2251 1701 2544 1759 autorem

592 1805 699 1849 me
745 1804 904 1849 esse.

766 1868 991 1951 Quum
1024 1868 1148 1933 hac
1181 1869 1496 1933 transiret
1532 1867 1785 1933 Viretus
1818 1867 2044 1932 Berna
2078 1865 2355 1943 rediens,
2392 1884 2548 1930 con-

594 1954 719 2022 tuli
742 1953 1063 2020 nonnulla
1082 1973 1247 2037 quae
1269 1952 1501 2019 scribis
1523 1951 1606 2017 ad
1629 1973 1753 2016 me.
1841 1953 2127 2017 Miratur
2167 1963 2550 2034 praetexere

597 2039 896 2108 carolum
937 2039 1109 2122 quod
1155 2037 1480 2105 desideret
1522 2037 1770 2122 aliquid
1813 2039 1882 2103 in
1919 2036 2229 2114 doctrina,
2276 2044 2342 2102 et
2378 2034 2547 2119 quod

594 2125 909 2210 abrogata
949 2146 990 2189 a
1029 2125 1217 2191 nobis
1274 2145 1407 2189 non
1462 2125 1555 2189 sic
1612 2133 1833 2190 essent
1891 2122 2284 2206 abroganda,
2345 2142 2548 2205 quum

594 2232 781 2278 secus
815 2211 1124 2294 loquutus
1157 2210 1388 2275 fuisset
1425 2209 1849 2293 Agathopoli:
1896 2208 2068 2291 quod
2120 2208 2369 2273 Viretus
2404 2217 2550 2272 tum

594 2298 715 2362 tibi
738 2305 882 2362 tum
893 2295 1039 2362 aliis
1060 2294 1384 2362 indicasse
1406 2295 1794 2374 affirmabat,
1809 2295 1965 2360 dum
1979 2294 2210 2360 essetis
2228 2293 2546 2370 Basileae,

595 2381 756 2449 adeo
777 2391 858 2448 ut
903 2391 1041 2447 tam
1064 2383 1339 2464 possetis
1362 2381 1581 2446 omnia
1603 2389 1829 2445 tenere
1873 2401 2068 2463 quam
2105 2380 2215 2463 qui
2251 2377 2545 2443 aderant.

592 2469 729 2536 Per
794 2488 871 2533 ea
931 2487 1095 2550 quae
1160 2467 1344 2532 varia
1408 2475 1761 2533 accurrunt
1823 2485 1900 2531 ac
1952 2466 2175 2531 literas
2229 2465 2547 2549 Grynaei,

597 2553 832 2638 quibus
871 2561 1031 2637 puto
1074 2554 1310 2619 fratres
1353 2552 1720 2618 admonitos
1775 2559 1851 2616 ut
1908 2550 1989 2616 de
2033 2549 2332 2616 omnibus
2377 2560 2546 2614 trac-

595 2647 816 2706 tarent
857 2659 1006 2703 cum
1045 2638 1328 2717 homine,
1373 2637 1589 2702 iudico
1631 2657 1765 2702 non
1819 2638 2081 2703 venisse
2133 2638 2207 2701 in
2258 2643 2549 2700 mentem

596 2725 821 2792 audita
885 2725 966 2789 de
1031 2725 1285 2789 actione
1354 2719 1958 2809 Agath[opolitana]
2020 2773 2034 2787 .
2081 2771 2097 2787 .
2143 2772 2160 2787 .
2206 2722 2299 2805 .⁵)
2350 2742 2548 2804 quae-

595 2831 853 2895 cunque
907 2810 1049 2894 ipse
1101 2810 1343 2875 vellem
1408 2817 1669 2874 tantum
1721 2808 1976 2874 efficere
2030 2814 2104 2874 ut
2157 2808 2390 2874 fratres
2444 2807 2546 2871 in-

594 2897 978 2964 cumberent
1018 2894 1482 2962 lucrifaciendo
1507 2892 1745 2973 Carol0,
1791 2903 1866 2958 ut
1909 2894 2123 2960 victus
2154 2892 2384 2958 officiis
2415 2893 2547 2957 fra-

593 2991 775 3048 trum
819 3002 890 3048 se
935 3029 1453 3047 .........
1500 2990 1641 3045 tur:
1708 3001 1866 3045 nam
1930 2981 2023 3045 sic
2086 2979 2406 3056 volebam,
2472 2985 2550 3042 ut

593 3068 790 3134 toties
824 3066 1128 3146 indicavi,
1165 3066 1449 3133 officiose
1482 3066 1801 3149 praestari
1831 3067 2053 3130 omnia
2087 3085 2251 3148 quae
2272 3070 2551 3147 possunt

594 3155 739 3220 sine
782 3154 1038 3218 iactura
1080 3152 1387 3219 ecclesiae
1425 3201 1656 3216 .....
1704 3148 2150 3238 [dis]ciplinae
2192 3151 2546 3216 eversione.

592 3239 746 3305 Non
791 3238 1138 3322 attigeram
1180 3245 1329 3304 acta
1368 3238 1545 3303 inter
1587 3258 1709 3303 nos
1763 3237 1832 3301 in
1884 3238 2122 3321 quibus
2172 3235 2340 3302 nihil
2396 3258 2549 3302 con-

594 3322 1001 3401 cludebatur,
1062 3322 1178 3389 sed
1216 3346 1248 3388 s
1332 3346 1365 3389 s
1407 3321 1767 3409 affulgebat
1807 3324 2028 3388 omnia
2069 3331 2247 3389 certe
2288 3342 2549 3405 compo·

592 3409 814 3475 nenda
856 3406 1137 3474 tandem.
1275 3411 1398 3474 atis
1441 3409 1569 3474 fuit
1609 3408 1982 3493 intelligere
2024 3430 2142 3492 per
2185 3408 2389 3473 alium
2432 3428 2550 3473 vos

593 3495 923 3579 accepisse
956 3515 1121 3578 quae
1155 3495 1513 3580 oportebat,
1550 3516 1635 3559 ne
1669 3494 1825 3578 quid
1859 3496 2046 3560 fieret
2078 3494 2209 3561 nisi
2243 3503 2321 3559 ut
2343 3494 2547 3560 decet.

592 3581 748 3648 Non
826 3579 1226 3646 intellectam
1304 3579 1466 3647 dicis
1542 3590 1838 3646 nostram
1920 3579 2551 3646 commendationem

595 3675 856 3733 tantum
913 3666 1175 3733 civilem
1234 3667 1464 3745 fuisse,
1520 3667 1691 3732 sicut
1745 3687 1868 3733 nec
1921 3666 2203 3732 civiliter
2261 3686 2550 3749 unquam

595 3753 1057 3838 proposuimus
1079 3752 1553 3832 commendare,
1578 3751 1692 3816 sed
1714 3773 1796 3816 ex
1820 3752 2041 3817 animo
2063 3761 2131 3817 et
2150 3754 2219 3816 in
2244 3751 2549 3830 Domino,

594 3859 717 3905 nec
759 3839 950 3903 aliter
991 3858 1189 3922 quam
1231 3838 1551 3904 vellemus
1594 3838 1930 3904 nobiscum
1977 3838 2104 3922 agi.
2172 3839 2425 3902 Tamen
2470 3836 2551 3901 de

588 3924 961 3990 ministerio
995 3944 1208 4007 neque
1244 3945 1393 3990 cum
1428 3923 1544 3990 illo
1581 3944 1702 3990 ncc
1738 3945 1887 3989 cum
1910 3924 2128 4006 aliquo
2150 3924 2549 3988 mentionem

595 4031 890 4093 unquam
925 4010 1212 4075 fecimus.
1302 4010 1566 4093 Reputo
1604 4030 1795 4094 posse
1831 4009 2112 4093 aliquem
2148 4010 2334 4075 nobis
2375 4030 2550 4075 com-

593 4094 980 4161 mendatum
1023 4096 1276 4161 censeri
1323 4094 1537 4171 valde,
1596 4096 1703 4161 cui
1759 4117 1879 4161 nos
1933 4095 2273 4160 studentes
2320 4095 2552 4160 officiis

595 4181 825 4247 adesse
902 4201 1037 4246 non
1114 4182 1544 4263 praefecimus
1622 4202 1773 4246 eum
1850 4202 1970 4247 nec
2040 4178 2553 4265 praeficiendum

595 4266 1032 4333 iudicavimus
1066 4266 1459 4333 ministerio:
1495 4288 1824 4351 quumque
1862 4267 2160 4350 queraris
2184 4267 2265 4332 de
2295 4266 2554 4332 solenni

595 4352 715 4417 illa
766 4353 1200 4436 poenitentia,
1267 4373 1396 4436 qua
1459 4374 1632 4418 nunc
1688 4354 1805 4418 vix
1859 4361 2270 4437 emergentes
2325 4359 2553 4417 carent

598 4437 928 4518 ecclesiae,
972 4437 1146 4522 quod
1190 4439 1291 4503 uti
1334 4459 1468 4503 non
1502 4438 1705 4516 licuit,
1751 4460 1884 4503 nou
1921 4447 1985 4503 te
2019 4439 2191 4523 fugit
2225 4438 2552 4522 plerisque

597 4523 977 4591 conclusum
1035 4525 1265 4603 fuisse,
1327 4525 1766 4607 poenitentem
1822 4525 1894 4589 in
1947 4546 2298 4590 numerum
2356 4523 2549 4588 mini-

598 4619 889 4675 strorum
935 4631 1068 4675 non
1116 4609 1615 4690 admittendum,
1674 4620 1743 4675 et
1784 4631 1896 4676 eos
1940 4612 2053 4694 qui
2096 4609 2468 4675 defecerant
2512 4630 2554 4673 a

597 4695 772 4762 clero
818 4695 1015 4787 ‘tarde
1072 4695 1392 4761 admissos
1444 4696 1515 4760 in
1563 4696 2087 4763 communionem
2138 4695 2378 4780 plebis,
2436 4692 2554 4759 sed

596 4781 978 4846 tardissime
1000 4782 1338 4847 restitutos
1357 4782 1427 4846 iu
1445 4803 1796 4848 numerum
1816 4784 2289 4848 ministrorum.
2327 4780 2553 4862 Quum

598 4888 680 4931 ea
732 4889 898 4950 quae
955 4866 1217 4932 difficile
1269 4867 1594 4935 introduci
1650 4890 1825 4935 nunc
1879 4876 2176 4952 possunt,
2232 4867 2314 4932 ob
2380 4866 2553 4932 male

598 4951 1024 5038 cohaerentes
1068 4974 1144 5017 ac
1186 4953 1279 5019 sic
1321 4955 1502 5019 varic
1558 4956 1629 5018 in
1687 4954 1810 5021 hac
1865 4977 1937 5019 re
1993 4955 2256 5020 affectos
2314 4953 2554 5017 fratres

599 5047 1016 5124 symmystas,
1076 5039 1215 5104 fieri
1260 5060 1393 5104 non
1449 5048 1823 5122 potuerunt,
1880 5039 2342 5123 praetermissa
2395 5044 2554 5104 sunt

805 5241 866 5304 4)
902 5244 1045 5298 Aeta
1084 5243 1547 5314 Agathopolitana
1582 5243 1687 5309 (N.
1722 5241 1853 5308 205)
1902 5258 2080 5312 nuper
2123 5241 2342 5297 tandem
2390 5241 2554 5298 edita.

804 5310 866 5374 5)
902 5312 1096 5369 cham
1130 5313 1311 5380 deficit
1341 5312 1432 5369 hic
1462 5320 1515 5367 ct
1546 5313 1720 5380 insta.

2648 597 2815 662 quae
2874 576 3017 642 fieri
3081 577 3693 644 convenientissime
3758 585 4079 662 poterant.
4186 578 4368 660 Quid
4426 581 4606 648 enim

2646 661 2823 728 aliud
2866 663 3338 746 subsequutum
3383 664 3613 730 fuisset
3654 685 3852 747 quam
3886 666 4185 730 omnium
4217 663 4602 748 aedificatio,

2648 751 2704 815 si
2747 748 2969 828 frater,
3014 747 3390 814 admonitus
3433 771 3631 832 quam
3673 751 3965 834 graviter
4006 758 4337 834 peccasset
4371 773 4603 834 quam-

2647 856 2773 919 que
2816 855 3045 900 omnes
3083 855 3279 919 aegro
3312 834 3643 912 tulissent,
3689 834 3945 902 audiret
3978 857 4207 903 omnes
4238 837 4602 920 plurimum

2646 922 2715 986 in
2763 920 3046 985 Domino
3089 920 3376 1005 gaudere
3420 920 3591 1003 quod
3647 921 3948 988 rediisset
4005 944 4080 988 ac
4135 922 4332 988 huius
4387 924 4603 1007 gratia

2647 1006 3057 1071 carissimum
3090 1027 3251 1085 esse,
3289 1006 3461 1090 quod
3498 1006 3792 1090 perditus
3826 1030 4028 1092 quum
4056 1016 4228 1074 esset
4249 1029 4289 1072 a
4310 1009 4602 1075 Domino

2648 1094 2736 1158 sit
2756 1094 3090 1169 inventus,
3116 1101 3414 1158 mortuus
3435 1093 3783 1158 revixerit:
3824 1114 4025 1177 quare
4048 1114 4276 1159 omnes
4299 1095 4601 1177 precibus

2649 1177 2733 1244 ad
2776 1178 3136 1243 Dominum
3179 1178 3472 1243 adiuturi
3515 1178 3651 1242 sint
3692 1179 3927 1261 ipsum,
3987 1201 4063 1245 ac
4122 1182 4346 1245 omnia
4388 1180 4604 1246 acturi

2648 1285 2816 1348 quae
2861 1264 3184 1329 Dominus
3229 1262 3483 1328 dederit
3539 1264 3610 1329 in
3666 1265 3946 1348 gratiam
4003 1265 4224 1348 ipsius.
4315 1267 4603 1331 Tantum

2650 1349 3004 1414 contendat
3023 1349 3120 1414 ita
3156 1348 3500 1415 aedificare
3536 1359 3858 1432 quantum
3894 1350 4239 1428 destruxit,
4278 1363 4350 1416 ut
4369 1372 4601 1418 omnes

2648 1435 2885 1499 merito
2926 1434 3281 1518 adigantur
3322 1436 3645 1501 rationem
3688 1436 3895 1519 ipsius
3938 1436 4178 1503 habere
4220 1440 4290 1502 in
4334 1439 4605 1506 ecclesia

2647 1519 2936 1586 Domini.
3024 1520 3172 1586 Hoc
3221 1540 3381 1587 sane
3415 1541 3550 1585 non
3584 1542 3820 1604 parum
3855 1522 4058 1588 afficit
4091 1520 4263 1607 quod
4297 1545 4605 1592 concessa

2649 1615 2718 1672 et
2761 1608 3089 1671 affirmata
3131 1613 3330 1690 negat
3383 1614 3459 1671 ut
3513 1605 3726 1672 dubia.
3812 1608 4033 1706 Magis
4085 1629 4235 1674 cum
4287 1610 4602 1677 fratribus

2650 1693 3063 1776 expostulare
3120 1692 3380 1757 videtur
3442 1713 3638 1776 quam
3703 1694 4303 1760 reconciliationem
4345 1716 4601 1780 cupere.

2652 1776 2765 1845 Sic
2810 1779 3000 1842 aiunt
3052 1779 3164 1860 qui
3217 1785 3363 1844 acta
3416 1777 3731 1843 viderunt
3784 1780 3855 1843 in
3909 1779 4071 1862 ipsis
4124 1779 4371 1861 haberi,
4434 1781 4605 1866 quod

2652 1886 2787 1929 non
2829 1872 3103 1947 putatur
3146 1865 3441 1929 evenisse
3486 1863 3618 1929 nisi
3652 1864 3823 1947 quod
3868 1873 3934 1929 et
3976 1875 4050 1931 tu
4093 1864 4397 1931 indicasti
4440 1868 4605 1934 alios

2652 1971 2736 2015 ex
2778 1950 2859 2014 iis
2902 1950 3013 2031 qui
3056 1970 3185 2013 non
3231 1957 3488 2015 tantum
3530 1949 3660 2014 Dei
3703 1959 3771 2014 et
3806 1952 4153 2034 aequitatis
4196 1953 4327 2017 imo
4383 1963 4450 2018 et
4502 1955 4604 2020 sui

2652 2036 3067 2101 immemores
3112 2037 3312 2114 fiunt,
3359 2033 3518 2100 dum
3563 2036 3834 2102 affectus
3877 2057 3961 2101 ur
4007 2045 4122 2102 ent
4163 2037 4358 2121 ipsos.
4449 2039 4604 2105 Non

2652 2121 2997 2203 inexperto
3062 2121 3324 2203 loquor,
3405 2121 3650 2187 vidisti:
3718 2121 3882 2186 nihil
3995 2124 4252 2201 ecessit,
4335 2126 4389 2190 si
4467 2147 4604 2191 non

2652 2207 3012 2273 accreverit
3074 2206 3362 2272 maximo
3425 2207 3845 2274 ecclesiarum
3911 2208 4103 2274 malo.
4213 2210 4360 2276 Hoc
4424 2212 4604 2276 enim

2653 2294 3006 2376 pessimum
3041 2300 3159 2370 est,
3205 2292 3511 2358 timorem
3545 2294 3814 2358 Domini
3859 2314 3934 2360 ac
3977 2315 4238 2359 omnem
4287 2316 4415 2379 quo
4459 2297 4605 2381 rapi

2650 2380 2724 2443 in
2778 2378 3119 2443 Christum
3171 2377 3481 2444 debemus
3539 2378 3727 2445 nobis
3791 2381 4010 2444 excuti
4076 2381 4413 2460 affectum,
4480 2403 4603 2449 nec

2651 2464 3070 2530 ecclesiarum
3138 2463 3389 2528 nullam
3444 2463 3686 2529 habere
3742 2465 4098 2545 rationem,
4165 2467 4359 2531 modo
4417 2468 4604 2534 nobis

2650 2549 3124 2634 indulgeamus.
3183 2547 3406 2629 Quam
3428 2558 3585 2615 sunt
3619 2550 3667 2614 ii
3706 2550 3961 2616 vitandi
3997 2559 4362 2619 vastatores
4398 2553 4604 2620 eccle-

2650 2637 2917 2701 siarum.
2996 2633 3074 2700 Si
3109 2635 3327 2714 scires,
3366 2636 3569 2699 frater
3601 2637 4041 2720 integerrime,
4080 2638 4319 2721 quibus
4353 2638 4604 2706 artibus

2650 2722 3054 2805 impetantur
3113 2721 3347 2803 optimi
3409 2722 3674 2800 fratres,
3754 2730 3832 2786 ut
3908 2723 4194 2806 purioris
4272 2725 4447 2790 vitae
4508 2727 4605 2791 ita

2651 2808 2924 2875 sanioris
2960 2806 3313 2886 doctrinae,
3358 2806 3439 2872 ab
3474 2808 3555 2872 iis
3595 2808 3707 2891 qui
3749 2817 4011 2891 praeter
4056 2830 4268 2893 nugas
4310 2809 4603 2878 indoctas

2650 2894 2820 2959 nihil
2856 2893 3220 2971 didicerint,
3267 2901 3333 2957 et
3366 2900 3609 2976 quanto
3651 2915 3838 2960 mens
3881 2895 4008 2960 fuit
4048 2896 4375 2962 indoctior
4417 2904 4603 2964 tanto

2651 2981 2789 3046 vita
2823 2979 3156 3062 impurior,
3194 3001 3326 3044 non
3361 2980 3570 3063 possis
3604 3000 3741 3044 non
3762 2989 4154 3065 stupescere.
4216 2982 4528 3049 Triticeus
4546 2980 4602 3070 ⁶)

2651 3073 2874 3132 noster
2914 3066 3164 3148 primus
3210 3064 3384 3130 domi
3429 3073 3576 3148 post
3623 3087 3898 3131 uxorem
3940 3068 4012 3131 in
4053 3067 4279 3132 lolium
4320 3067 4602 3153 degene-

2651 3151 2843 3231 ravit,
2886 3162 2953 3216 et
2991 3150 3071 3216 de
3106 3151 3339 3233 quibus
3374 3151 3541 3215 nihil
3576 3152 3796 3217 minus
3830 3154 4364 3236 speravissemus,
4400 3175 4604 3237 quum

2651 3245 2790 3303 tam
2833 3237 3008 3302 mala
3051 3235 3353 3301 audirent
3406 3237 3579 3319 apud
3632 3247 3958 3304 sectarum
4000 3247 4324 3306 amatores
4367 3241 4604 3324 quibus

2653 3323 2893 3388 infensi
2928 3329 3134 3387 erant.
3224 3321 3554 3388 Videntur
3594 3324 3884 3389 hostium
3919 3346 4171 3391 morem
4213 3346 4426 3410 agere,
4470 3347 4604 3392 non

2657 3418 2737 3475 ut
2778 3408 3029 3475 Christi
3068 3409 3327 3487 milites,
3372 3416 3452 3475 ut
3484 3430 3751 3476 causam
3787 3410 4112 3494 evangelii
4161 3420 4295 3476 toto
4344 3419 4605 3496 pectore

2652 3502 2989 3574 tueantur,
3056 3493 3170 3560 sed
3235 3495 3442 3562 veluti
3509 3497 3834 3561 coniurati
3899 3517 4042 3562 sese
4107 3504 4480 3582 tueantur„
4530 3503 4608 3563 ut

2653 3581 2905 3664 possint
2968 3579 3129 3646 alios
3192 3581 3265 3645 in
3331 3581 3628 3647 ordinem
3694 3603 3943 3667 cogere.
4042 3583 4174 3650 Hic
4231 3605 4337 3650 res
4390 3585 4608 3669 pergit

2653 3688 2788 3732 non
2832 3677 2971 3731 tam
3015 3666 3186 3732 male
3232 3674 3303 3730 ut
3345 3665 3517 3733 olim.
3618 3666 4086 3734 Laborandum
4140 3670 4326 3736 nobis
4381 3678 4483 3737 est
4534 3672 4605 3735 in

2653 3751 2953 3819 fovendis
3016 3753 3098 3818 iis
3160 3753 3276 3837 qui
3340 3753 3530 3820 nobis
3579 3774 3699 3836 pro
3752 3754 4063 3820 fratribus
4118 3765 4310 3820 erant
4362 3756 4603 3822 hostes,

2662 3835 3065 3922 capunouzus
3111 3839 3247 3903 iam
3282 3838 3501 3904 olfacit
3550 3838 3706 3922 quid
3742 3839 3898 3904 olim
3933 3847 4265 3907 tentatum
4299 3842 4497 3907 fuerit
4530 3862 4605 3908 ac

2655 3945 2969 4007 quorsum
3011 3933 3278 4009 rogatus
3323 3925 3411 3990 sit
3453 3925 3734 4008 saepius,
3795 3945 3871 3990 ac
3914 3927 4191 3993 miratur
4235 3927 4400 3993 tales
4443 3948 4602 3994 esse.

2654 4009 2973 4076 Nonnulli
3020 4030 3224 4091 quum
3269 4010 3393 4076 sibi
3451 4032 3525 4076 ac
3596 4011 3910 4077 ecclesiae
3977 4014 4333 4095 perniciem
4389 4014 4603 4081 couci-

2655 4097 2876 4161 verint
2918 4095 3078 4162 alios
3119 4095 3552 4178 impellentes,
3597 4096 3864 4181 impulsi
3906 4120 4135 4165 rursus
4180 4101 4395 4165 nescio
4440 4121 4526 4165 an
4569 4119 4609 4163 a

2653 4182 3004 4265 pontificiis
3070 4181 3315 4264 aliquid
3380 4182 3661 4265 capiant.
3794 4183 4097 4269 Pergunt
4163 4206 4420 4269 semper
4484 4205 4607 4251 nec

2655 4267 2918 4351 culpam
2963 4275 3345 4351 agnoscunt.
3438 4267 3760 4335 Dominus
3817 4290 3900 4334 ex
3957 4270 4090 4335 alto
4146 4283 4486 4340 succurrat
4540 4280 4609 4339 et

2656 4374 2822 4436 quae
2864 4352 3116 4418 instant
3158 4352 3333 4419 mala
3377 4361 3661 4419 avertat:
3720 4377 3875 4420 nam
3927 4355 4279 4424 indicibilis
4336 4367 4610 4445 apparet

2656 4438 3008 4504 tolerantia
3049 4439 3193 4518 Dei,
3253 4459 3447 4522 quem
3490 4441 3863 4524 flagitamus
3906 4442 4209 4509 omnibus
4253 4447 4610 4530 propitium

2656 4524 2912 4590 miseris
2935 4524 3124 4590 nobis
3160 4546 3553 4605 succurrere,
3591 4547 3704 4592 cor
3737 4548 3985 4592 novum
4021 4530 4323 4596 omnibus
4357 4531 4589 4617 largiri

2656 4610 2897 4693 fugatis
2939 4610 3118 4675 vitiis
3161 4632 3356 4677 veras
3399 4611 3583 4677 iudet
3598 4612 3654 4695 ⁷)
3699 4612 3999 4680 omuibus
4039 4616 4335 4686 virtutes.

2833 4695 3139 4761 Nicolaus
3171 4698 3267 4763 tui
3304 4698 3808 4777 amantissimus,
3860 4701 4026 4767 miro
4062 4700 4354 4770 discendi
4390 4705 4611 4773 studio

2656 4788 2907 4863 raptus,
2951 4780 3145 4864 idque
3189 4804 3272 4848 ex
3317 4793 3380 4848 te
3422 4805 3498 4849 ac
3539 4783 3684 4849 aliis
3729 4785 3838 4866 qui
3895 4786 4042 4853 istic
4098 4801 4338 4874 agunt,
4396 4793 4610 4859 voluit

2656 4867 2824 4933 istuc
2868 4867 3289 4934 descendere:
3343 4870 3451 4935 cui
3491 4891 3623 4934 non
3666 4873 3854 4952 potui
3893 4874 4208 4942 reluctari
4247 4879 4371 4944 etsi
4412 4898 4610 4962 opera

2658 4953 3010 5018 multorum
3052 4954 3155 5021 hic
3192 4954 3382 5020 valde
3417 4955 3785 5022 necessaria
3829 4967 4016 5039 esset,
4061 4960 4195 5028 imo
4235 4973 4610 5031 currentem

2859 5174 4612 5298 ggfflmm,cumuorpriuciammaleapudwlqu

2658 5243 2858 5300 audiet
2918 5283 2933 5296 .

2868 5311 2927 5379 7)
2963 5316 3057 5370 sic.
