5050 6167
616 431 701 494 23
1168 483 1171 484 γ
2171 422 2701 493 EPISTOLAE
2747 426 3086 489 210-212
4541 425 4625 485 24

602 618 864 684 nostris
906 615 1160 717 duobus
1202 638 1321 700 pro
1368 614 1556 715 Petro
1590 613 1708 715 tibi
1746 616 2091 718 mittimus.
2159 615 2372 765 Dixilt3
2394 613 2574 679 enim

608 724 888 875 ‘2203
915 699 2573 874 {3522545235255’33..3233‘32333221023233

605 874 885 1028 ἓξὲωὐ
917 875 1015 976 nil
1057 872 1238 941 aliud
1280 885 1418 939 tam
1460 872 1643 939 brevi
1698 872 1854 942 licet
1894 874 2176 943 scribere
2220 893 2420 957 quam
2460 890 2570 936 me

882 983 1051 1028 nam
1094 982 1256 1028 esse.

1383 1250 1789 1260 ——-——-——.-

1504 1459 1649 1531 211.

1093 1595 1563 1665 OALVINUS
1608 1596 2070 1664 FARELLO.

784 1766 1165 1834 Dis-sensum
1228 1769 1390 1834 inter
1459 1770 1829 1836 Turicenses
1899 1775 1957 1835 et
2018 1769 2569 1853 Arqentorateuses

606 1853 1073 1919 resarciendum
1105 1874 1254 1934 esse,
1297 1858 1356 1920 et
1394 1856 1696 1922 resarciri
1728 1875 1912 1939 posse
1953 1857 2227 1921 ostendit.
2300 1852 2567 1919 Lutheri

610 1943 667 2005 et
702 1937 1005 2023 Zwinylii
1036 1941 1431 2021 comparatio,
1468 1962 1727 2024 quorum
1761 1941 1869 2008 ille
1903 1943 2094 2025 prior
2141 1940 2335 2006 altero
2373 1937 2565 2004 multo

611 2024 837 2090 maior.
925 2023 1028 2090 De
1075 2023 1296 2091 Gamzo
1339 2027 1473 2091 iam
1512 2028 1786 2109 sapienti
1836 2032 1955 2092 sat.
2046 2027 2333 2109 Nuptias
2367 2023 2563 2110 paula

608 2115 746 2191 post
775 2109 1023 2193 pascha
1066 2110 1487 2178 celebraturus
1528 2118 1636 2180 est.
1701 2112 2049 2180 Conventus
2087 2111 2560 2179 Smalcaldicus.

606 2195 1186 2279 Anabaptistarum
1227 2200 1549 2265 conversio.

638 2367 727 2421 Ex
773 2366 1110 2437 autographo
1156 2366 1286 2423 Ood.
1336 2367 1539 2425 Genev.
1590 2369 1711 2452 106,
1757 2371 1849 2426 fol.
1894 2370 1977 2425 22.
2061 2371 2298 2425 Exstant
2345 2384 2562 2439 qnoque

609 2453 631 2489 1
669 2436 743 2489 id.
779 2435 906 2492 cod.
944 2436 1062 2504 111,
1110 2436 1201 2490 fol.
1237 2435 1322 2500 43,
1359 2448 1416 2492 et
1449 2439 1508 2492 in
1542 2439 1765 2494 Archiv.
1803 2441 1971 2494 Bern.
2008 2440 2147 2510 Epp.
2190 2437 2318 2493 Vll.
2352 2455 2405 2508 p.
2443 2435 2564 2506 333,

609 2506 940 2575 exemplaria
973 2505 1287 2575 apographa
1320 2508 1809 2631 saeavgppgrioris.
1876 2509 2061 2563 Habet
2096 2509 2261 2563 etiam
2297 2507 2560 2561 simlerus

771 2730 1068 2814 Exposui
1142 2729 1491 2814 diligenter
1552 2732 1863 2798 fratribus
1943 2733 2185 2799 nostris
2253 2750 2421 2815 quae
2485 2737 2559 2795 tu

602 2815 862 2901 collegii
882 2816 1091 2882 vestri
1126 2816 1393 2882 nomine
1424 2814 1592 2881 mihi
1610 2816 2060 2884 mandaveras.
2126 2819 2562 2899 Exceperunt

600 2902 1009 2987 aequissimis
1052 2909 1123 2967 et
1164 2902 1402 2968 animis
1437 2910 1507 2970 et
1539 2902 1810 2969 auribus
1846 2911 2101 2971 vestras
2143 2902 2556 2968 monitiones.

600 2988 776 3055 Nam
854 2995 922 3054 et
995 3009 1037 3053 a
1110 2985 1346 3070 quibus
1422 2988 1662 3055 animis
1737 2989 2236 3073 proficiscantur
2311 2987 2559 3072 optime

596 3082 848 3141 norunt
923 3080 993 3139 et
1067 3070 1298 3139 vident
1366 3094 1502 3140 non
1577 3095 1719 3142 esse
1782 3096 1960 3142 vana
2028 3074 2322 3159 pericula
2386 3093 2558 3158 quae

596 3160 861 3226 timetis.
951 3156 1226 3223 Dabunt
1266 3158 1475 3244 igitur
1515 3181 1781 3244 operam
1836 3169 2155 3245 quantum
2209 3159 2432 3227 licebit
2486 3160 2557 3225 in

595 3244 703 3311 his
759 3242 1158 3310 turbulentis
1204 3245 1628 3329 temporibus,
1682 3267 1768 3311 ne
1814 3248 2055 3313 frustra
2096 3246 2329 3312 moniti
2372 3244 2556 3311 vide-

595 3337 818 3396 antur.
888 3329 1286 3395 Extremum
1327 3330 1497 3397 illud
1541 3331 1623 3397 de
1657 3332 2001 3400 sarcienda
2033 3353 2186 3399 cum
2220 3331 2557 3418 Tigurinis

597 3415 943 3483 concordia
970 3416 1020 3496 ¹)
1077 3435 1321 3500 magno
1374 3424 1763 3501 argumento
1832 3426 1960 3496 est,
2031 3438 2154 3485 vos
2206 3438 2340 3484 non
2396 3418 2557 3484 satis

595 3501 984 3586 intelligere,
1026 3509 1278 3585 quanta
1316 3501 1448 3568 fide
1482 3502 1571 3568 sit
1602 3503 1675 3568 in
1708 3524 1787 3570 eo
1812 3525 1854 3570 a
1886 3506 2132 3571 nostris
2164 3505 2553 3571 laboratum.

594 3587 875 3654 Nullum
927 3605 1065 3651 non
1106 3595 1458 3653 moverunt
1509 3587 1794 3672 lapidem
1846 3611 1930 3656 ex
1972 3611 2100 3675 quo
2141 3589 2410 3656 habitus
2452 3597 2556 3654 est

591 3681 965 3759 postremus
1006 3671 1119 3738 ille
1160 3681 1546 3753 conventus,
1566 3675 1622 3756 ²)
1666 3695 1795 3758 quo
1854 3697 2079 3742 eorum
2135 3676 2390 3741 animos
2433 3674 2554 3740 ali-

592 3759 983 3844 quantulum
1059 3758 1297 3823 saltem
1358 3760 1756 3844 mitigarent.
1866 3762 2040 3827 Nam
2115 3761 2200 3827 ad
2276 3760 2552 3828 solidam

591 3843 1115 3912 benevolentiam
1152 3851 1290 3909 tam
1334 3846 1462 3911 cito
1506 3845 1834 3927 reducere,
1879 3870 1968 3914 ue
2001 3867 2268 3932 sperare
2287 3846 2552 3931 quidem

595 3929 939 3997 audebant.
1028 3930 1481 3996 Meminerant
1522 3932 1701 3997 enim
1745 3940 1814 3998 et
1866 3954 1994 4017 quo
2051 3933 2243 3999 modo
2300 3932 2553 4016 accepti

594 4016 735 4082 illic
791 4023 1042 4093 efflent,
1098 4025 1167 4081 et
1220 4036 1349 4099 quo
1402 4016 1597 4084 modo
1649 4017 1930 4100 dimissi,
1985 4027 2053 4085 et
2104 4040 2271 4102 quae
2314 4016 2553 4084 deinde

596 4124 630 4169 s
786 4122 863 4167 ae
899 4098 980 4165 de
1014 4120 1137 4166 sua
1165 4102 1421 4168 actione
1454 4124 1662 4181 voces,
1705 4111 1774 4169 et
1804 4124 1971 4188 quae
2000 4106 2229 4171 literae
2249 4106 2548 4188 scriptae.

598 4123 929 4269 daonium
971 4206 1130 4251 vero
1173 4206 1295 4270 per
1336 4209 1408 4253 se
1451 4210 1683 4272 pamm
1723 4191 2036 4273 proficere
2069 4198 2390 4274 poterant,
2433 4189 2552 4254 ad-

595 4273 956 4346 hibuerunt
997 4272 1202 4338 bonos
1245 4293 1472 4340 omnes
1514 4274 1752 4358 quibus
1805 4284 1951 4341 erat
2003 4276 2251 4361 aliquid
2305 4275 2552 4342 autori-

596 4359 755 4424 tatis
798 4358 902 4424 vel
936 4359 1199 4442 'gratiae
1243 4360 1418 4442 apud
1459 4359 1629 4438 illos,
1686 4369 1764 4425 ut
1802 4361 2021 4445 aliqua
2062 4362 2331 4428 tandem
2378 4361 2555 4444 paci-

597 4445 813 4511 ficatio
874 4444 1319 4525 inveniretur,
1388 4444 1494 4511 vel
1557 4454 1733 4513 certe
1795 4447 2176 4513 moderatio.
2286 4447 2556 4513 Interea

596 4528 1016 4614 Bullinqerus
1033 4529 1403 4613 Epistolam
1433 4530 1615 4596 illam
1633 4535 1689 4612 ⁸)
1724 4532 2026 4617 divulgat
2058 4534 2131 4598 in
2169 4553 2298 4617 qua
2339 4532 2553 4599 versi-

594 4615 803 4701 pelles
846 4636 922 4681 ac
962 4624 1351 4681 vertumnos
1391 4626 1698 4683 numerat
1745 4618 1919 4684 inter
1960 4618 2289 4703 evangelii
2333 4620 2552 4686 obsta-

596 4702 762 4780 cula,
802 4700 1040 4785 quibus
1075 4702 1451 4769 nominibus
1484 4716 1741 4770 nostros
1766 4704 1951 4773 velut
1972 4705 2178 4791 digito
2200 4704 2550 4790 designari,

592 4808 790 4855 nemo
833 4794 937 4854 est
977 4787 1092 4868 qui
1135 4807 1267 4851 non
1322 4787 1561 4854 videat.
1658 4789 1884 4856 Nostri
1940 4800 2168 4857 tamen
2223 4799 2438 4857 tacere
2482 4797 2552 4854 et

596 4875 1005 4960 supprimere
1046 4880 1305 4939 tantam
1348 4874 1811 4959 indignitatem
1851 4875 2055 4944 donec
2088 4876 2221 4943 huc
2265 4878 2555 4943 venisset

629 5142 758 5205 211.
796 5144 854 5208 1)
898 5143 972 5199 N.
1008 5141 1128 5201 198.
1165 5143 1281 5199 199.
1316 5144 1436 5200 207.
1470 5152 1579 5202 not
1616 5147 1667 5201 3.

800 5209 863 5278 2)
897 5228 1076 5267 nime
1137 5214 1330 5283 Aprili
1390 5213 1528 5269 1538
1574 5221 1799 5270 exeunte
1834 5215 2190 5284 (Pectaloui,
2245 5217 2547 5289 Bullinyer.

584 5296 649 5350 p.
688 5278 810 5333 20¹1.
882 5280 1231 5352 Kirchhofer,
1270 5284 1566 5355 Myconius
1592 5300 1649 5365 p.
1684 5283 1830 5353 306.)

801 5349 863 5416 3)
912 5350 1157 5407 vad-uni
1187 5353 1362 5408 libello
1392 5367 1769 5422 praemissam.

2679 609 3060 693 Erasmus-,⁴
3157 632 3332 676 unus
3409 632 3494 676 ex
3570 608 3892 676 ministris
3965 608 4318 694 Tigurinis.
4430 609 4631 693 Apud

2677 718 2827 762 eum
2864 697 3036 781 placi
3082 719 3117 762 e
3154 705 3221 761 et
3254 695 3529 762 comiter
3548 694 4131 779 expostulavimus.
4188 695 4298 760 Illi
4322 715 4406 760 ne
4429 697 4630 763 verbo

2675 782 2936 866 quidem
2983 784 3357 849 satisfacere
3399 790 3732 859 curarunt,
3778 780 3891 846 sed
3935 780 4271 865 aliquanto
4309 789 4462 866 post
4494 803 4630 848 nou

2675 871 2816 934 sine
2856 869 3152 952 ipsorum
3193 867 3589 934 conscientia
3629 866 4007 932 Bibliander
4038 867 4301 950 scripsit
4334 867 4418 933 ad
4444 867 4630 933 Stur-

2671 955 2870 1019 mium
2911 955 3074 1021 falsa
3117 954 3487 1039 suspicione
3522 973 3642 1019 nos
3677 953 3983 1036 torqueri.
4051 951 4415 1037 Bullinqeri
4449 953 4630 1019 enim

2673 1040 3020 1107 consilium
3061 1039 3285 1121 fuisse,
3328 1060 3465 1105 non
3505 1038 3826 1104 Bucerum
3859 1039 4323 1122 perstringere,
4368 1039 4482 1105 sed
4519 1060 4630 1106 eos

2672 1129 2783 1210 qui
2807 1146 2889 1191 ex
2914 1147 3071 1211 agro
3083 1124 3680 1210 wirtembergensi
3700 1123 4084 1191 concordiae
4104 1125 4550 1204 accessissent,
4569 1127 4629 1204 6)

2673 1212 2830 1295 quia
2872 1213 3143 1296 professi
3188 1220 3425 1291 essent,
3472 1212 3594 1277 sibi
3631 1231 3768 1277 non
3808 1230 4070 1295 semper
4104 1219 4351 1277 rectam
4385 1232 4627 1280 coenae

2671 1297 3177 1384 intelligentiam
3242 1297 3626 1364 constitisse.
3751 1295 4003 1362 Bucero
4080 1305 4300 1362 autem
4364 1297 4492 1382 ipsi
4555 1299 4626 1363 in

2669 1384 2903 1450 faciem
2962 1385 3194 1469 Tiguri
3236 1405 3378 1450 esse
3423 1383 3628 1462 dicta,
3685 1403 3852 1466 quae
3896 1380 4170 1449 dicenda
4210 1382 4623 1449 videbantur.

2669 1468 2903 1553 Itaque
2962 1489 3096 1534 non
3152 1478 3253 1535 est
3309 1468 3480 1553 quod
3525 1467 3864 1534 nobiscum
3906 1475 4171 1552 agatur,
4230 1469 4504 1553 perinde
4549 1490 4626 1536 ac

2670 1555 2729 1620 si
2769 1576 2887 1639 per
2920 1576 3039 1621 nos
3073 1556 3346 1634 steterit,
3392 1556 3743 1638 quominus
3784 1554 4027 1638 optime
4070 1555 4473 1635 conveniret,
4517 1555 4624 1621 vel

2670 1648 2800 1706 stet
2841 1642 3039 1707 etiam
3082 1641 3275 1707 hodie
3318 1639 3668 1724 quominus
3687 1640 3938 1723 optima
3958 1639 4087 1705 fide
4108 1640 4622 1707 reconciliemur.

2670 1726 2917 1810 Atque,
2974 1735 3051 1792 ut
3103 1727 3329 1793 verius
3385 1726 3646 1811 loquar,
3703 1747 3823 1791 nos
3878 1724 4009 1790 illis
4068 1726 4261 1792 amici
4304 1746 4447 1792 csse
4490 1746 4627 1792 non

2669 1810 3048 1892 desinimus,
3094 1821 3424 1896 utcunque
3465 1811 3565 1876 illi
3608 1810 3937 1878 hostiliter
3985 1832 4105 1878 nos
4160 1819 4457 1877 tractent.
4547 1809 4626 1878 Si

2667 1898 2835 1964 scias
2876 1919 3007 1981 qua
3048 1898 3499 1964 moderatione
3515 1899 3567 1976 ⁶)
3611 1918 3683 1962 se
3726 1902 3964 1981 gerant
3998 1898 4227 1976 nostri,
4272 1896 4516 1997 pudeat
4558 1904 4625 1964 te

2665 1983 2814 2067 plus
2858 1982 3103 2066 aliquid
3146 1985 3229 2049 ab
3272 1984 3433 2067 ipsis
3473 1989 3712 2065 petere.
3798 1982 4103 2049 Uruntur
4145 1982 4298 2048 boni
4352 1984 4512 2062 viri,
4565 1984 4624 2050 si

2667 2069 2813 2153 quis
2880 2069 3226 2135 Lutherum
3302 2069 3503 2135 audet
3574 2069 3904 2151 praeferre
3961 2068 4300 2154 ‘Zuiuylia
4413 2067 4624 2150 Quasi

2665 2155 3081 2240 evangelium
3127 2154 3317 2221 nobis
3361 2162 3618 2238 pereat,
3677 2153 3734 2219 si
3791 2153 3950 2237 quid
3997 2153 4293 2238 Zuinylio
4349 2154 4620 2221 decedit.

2665 2240 2897 2325 Neque
2954 2250 3178 2306 tamen
3234 2241 3304 2305 in
3363 2261 3440 2305 eo
3496 2241 3576 2305 fit
3622 2239 3762 2305 ulla
3805 2239 4105 2325 Zuiuylio
4146 2240 4422 2321 iniuria3
4464 2262 4622 2306 nam

2666 2327 2720 2392 si
2763 2328 2942 2392 inter
2982 2347 3053 2392 se
3097 2346 3236 2392 com
3288 2333 3578 2402 arantur,
3625 2325 3752 2392 scis
3794 2326 3935 2408 ipse
3978 2332 4224 2409 quanto
4267 2326 4622 2393 intervallo

2667 2410 2984 2477 Lutherus
3064 2412 3244 2478 excel
3274 2421 3360 2477 at.
3473 2410 3706 2494 Itaque
3783 2411 3951 2476 mihi
4026 2412 4299 2477 minime
4375 2412 4623 2495 placuit

2666 2497 2970 2563 Zebedaei
3003 2518 3267 2564 carmen
3287 2498 3343 2582 ⁷)
3385 2497 3459 2561 in
3494 2517 3621 2581 quo
3664 2517 3798 2561 non
3832 2497 4109 2580 putabat
4143 2518 4214 2564 se
4252 2518 4372 2581 pro
4407 2497 4622 2583 digni-

2664 2590 2800 2648 tate
2830 2583 3100 2650 laudare
3126 2583 3510 2668 Zuinylium,
3548 2583 3677 2646 nisi
3700 2580 3973 2649 diceret:
4012 2583 4333 2649 Maiorem
4355 2605 4622 2667 sperare

2662 2668 2865 2735 nefas.
2955 2668 3181 2750 Quum
3225 2668 3552 2735 cineribus
3567 2670 3628 2742 8)
3672 2675 3739 2733 et
3781 2668 4031 2735 umbris
4073 2668 4463 2736 maledicere
4516 2671 4620 2735 in-

2662 2755 3025 2820 humanum
3091 2754 3400 2833 habetur,
3463 2761 3606 2819 tum
3670 2774 3830 2819 vero
3895 2753 3977 2819 de
4037 2761 4226 2820 tanto
4282 2756 4427 2822 viro
4485 2776 4621 2821 non

2661 2839 3014 2907 honorifice
3057 2841 3305 2907 sentire
3362 2841 3638 2923 impium
3695 2846 3873 2906 certe
3927 2847 4119 2906 esset.
4207 2840 4464 2907 Verum
4519 2848 4625 2909 est

2661 2925 2897 3011 aliquis
2951 2925 3185 2992 modus
3243 2928 3311 2991 in
3370 2924 3730 3005 laudande,
3789 2946 3829 2991 a
3887 2945 4017 3010 quo
4061 2925 4172 2992 ille
4215 2926 4448 3010 procul
4482 2927 4616 2994 dis-

2660 3012 2871 3078 cessit.
2958 3012 3106 3097 Ego
3157 3019 3330 3078 certe
3388 3017 3645 3096 tantum
3703 3010 3889 3077 abest
3930 3011 4089 3096 quin
4132 3011 4230 3077 illi
4274 3014 4615 3095 assentiar,

2660 3104 2736 3162 ut
2789 3097 3069 3165 maiores
3124 3096 3366 3163 multos
3432 3117 3611 3163 nunc
3679 3097 3972 3176 videam,
4031 3096 4283 3182 aliquos
4336 3119 4616 3183 sperem,

2660 3203 2886 3250 omnes
2948 3183 3228 3268 cupiam.
3340 3181 3631 3264 Quaeso,
3696 3183 3788 3248 mi
3856 3183 4134 3264 Farelle,
4200 3184 4258 3250 si
4315 3184 4463 3268 quis
4520 3183 4619 3251 ita

3061 3269 3437 3350 extulisset,
3495 3288 3718 3334 nonne
3773 3269 4076 3353 Tigurini
4140 3270 4618 3352 quiritarentur

2660 3363 3058 3438 prostratum
3102 3374 3245 3421 esse
3291 3354 3701 3439 Zuinqlium?
3775 3353 4013 3433 Stulte,
4056 3355 4329 3439 inquies.
4403 3355 4615 3438 Quasi

2658 3460 2817 3506 vcro
2861 3441 2971 3524 qui
3013 3440 3286 3506 Luthero
3328 3442 3583 3521 favent,
3641 3459 3868 3506 omnes
3910 3442 4185 3524 sapiant.
4271 3439 4408 3508 Sed
4451 3443 4616 3509 haec

2658 3526 2780 3592 tibi
2819 3526 2889 3591 in
2934 3546 3162 3592 aurem
3206 3525 3397 3593 dicta.

2829 3610 3044 3678 Caroli
3106 3613 3370 3697 negotio
3442 3612 3636 3677 toties
3696 3610 4110 3678 retractando
4171 3633 4293 3698 ego
4357 3633 4613 3697 quoque

2860 3884 2920 3950 4)
2963 3883 3226 3939 Simlerus
3259 3885 3404 3940 hunc
3450 3884 3762 3940 Fato-aium
3812 3884 4079 3954 appellat,
4141 3901 4275 3941 saue
4318 3901 4416 3944 suo
4473 3889 4607 3941 iure.

2659 3952 2811 4009 Certe
2853 3969 2968 4008 uon
3017 3954 3436 4021 confundendus
3477 3969 3600 4010 cum
3644 3953 3851 4008 Ιιεοκὲσ
3902 3954 4080 4009 Iudae
4130 3961 4348 4025 nepote,
4397 3955 4613 4011 Ioanne

2659 4023 2930 4090 fabr-itio,
2966 4029 3098 4077 tuuc
3129 4022 3423 4078 admodum
3458 4024 3668 4090 iuvene,
3697 4030 3892 4089 postea
3933 4023 4134 4079 Curiae
4169 4026 4440 4079 ministra.

2859 4090 2919 4158 5)
2963 4090 3318 4147 Schenckium
3363 4089 3658 4146 Ubnensem
3692 4098 3864 4146 notat.

2859 4159 2919 4225 6)
2956 4169 3095 4216 certe
3127 4176 3240 4215 nau
3274 4162 3533 4225 maxima,
3570 4158 3730 4213 addit
3767 4158 4030 4215 simlerus
4063 4161 4126 4214 in
4159 4176 4284 4215 aar
4334 4162 4424 4215 'aa

2861 4227 2921 4294 ⁷)
2956 4228 3052 4282 Aa
3086 4228 3216 4284 haec
3248 4227 3586 4283 t'llustrauda
3618 4228 3758 4290 facit
3861 4267 3875 4280 .
3916 4227 4069 4283 Rud.
4111 4227 4280 4283 Gualt
4378 4231 4405 4282 ι’
4445 4229 4607 4285 Turi-

2655 4298 2833 4352 oensis
2864 4297 2942 4352 ad
2975 4296 3353 4366 Bullinqerum
3389 4297 3443 4352 d.
3481 4296 3653 4350 Laus.
3689 4244 3948 4352 126200.
3988 4294 4121 4350 1539
4190 4314 4318 4352 uam
4348 4299 4612 4366 praebent

2657 4366 2877 4421 Archiv.
2924 4364 3109 4420 strio.
3160 4365 3290 4420 olim
3326 4364 3542 4420 Kasion
3576 4365 3645 4418 B.
3819 4404 3833 4417 .
3883 4364 4017 4420 VII.
4054 4365 4121 4417 P.
4153 4314 4209 4419 ἦ.
4261 4383 4411 4422 nunc
4457 4368 4607 4423 Plut.

2669 4435 2766 4489 VI.
2804 4433 2905 4488 vol.
2943 4433 3046 4487 113
3074 4435 3119 4500 f.
3157 4433 3294 4488 1033
3327 4435 3426 4488 ubi
3456 4435 3600 4489 inter
3634 4433 3751 4488 alia
3944 4434 4222 4502 lequuntur.-
4291 4435 4393 4491 Est
4426 4436 4608 4490 Orbas

2655 4503 2744 4564 vir,
2773 4502 2965 4556 doctus
3000 4503 3220 4557 natione
3255 4503 3502 4569 Geldrus,
3540 4501 3680 4558 And.
3716 4501 4032 4555 zebedaeus
4067 4503 4301 4570 nomine,
4337 4505 4430 4573 qui
4465 4521 4609 4558 nunc

2655 4571 2809 4625 verbi
2863 4572 3170 4624 ministrum
3223 4573 3351 4654 agit.
3447 4572 3548 4637 Qui
3608 4585 3774 4639 quum
3823 4569 3972 4624 bisce
4018 4567 4211 4624 diebus
4257 4573 4313 4625 in
4367 4574 4608 4627 carmina

2693 4639 2922 4693 uaedam
2963 4656 3224 4709 germana
3268 4640 3549 4694 incidisset
3633 4638 3791 4691 uibus
3834 4638 4147 4710 Oapnionis,
4185 4639 4605 4711 Oecolampadii,

2649 4656 2886 4774 *flu-aemi,
2924 4708 3167 4773 Lutberi,
3203 4709 3458 4779 Zwinglii
3493 4709 3583 4761 lau
3623 4723 3684 4762 es
3718 4708 4138 4762 continebantur
4184 4709 4374 4763 eadem
4420 4711 4606 4764 latinis

2652 4777 2803 4830 hisce
2837 4777 3085 4830 versibus
3120 4778 3404 4847 expressit.
3446 4793 3582 4845 quos
3618 4792 3784 4844 quum
3818 4778 3958 4830 mire
4007 4778 4279 4847 elegantes
4325 4795 4606 4834 cernerem

2654 4845 2818 4906 etiam
2852 4845 2946 4899 illo
2982 4862 3090 4899 non
3127 4846 3300 4900 invito
3335 4846 3404 4899 ad
3440 4851 3496 4898 te
3539 4844 3836 4899 mittendos
3883 4846 4191 4900 existimavi
4228 4887 4603 4905 ........

3380 4980 3480 5035 DE
3513 4979 3881 5037 zwmemo

2958 5083 3220 5138 Maiorem
3256 5100 3479 5153 sperare
3514 5083 3692 5138 nefas:
3729 5085 3962 5139 fortasse
3998 5086 4293 5155 petendum

3060 5152 3141 5208 Ut
3174 5152 3307 5206 deut
3341 5153 3429 5206 vel
3462 5169 3630 5207 unum
3662 5154 3879 5208 saecula
3914 5161 4103 5209 nostra
4134 5171 4340 5226 parem.

2958 5221 3032 5275 Os
3064 5222 3299 5287 doctum,
3336 5227 3525 5292 pectus
3559 5221 3846 5289 sincerum,
3884 5240 3911 5277 s
3951 5224 4111 5278 iritus
4146 5241 4286 5290 acer,

3059 5289 3236 5343 Unius
3270 5291 3328 5344 in
3363 5289 3549 5345 landes
3584 5290 3876 5346 incubuere
3962 5292 4028 5347 ei.

2852 5356 2912 5426 8)
2950 5359 3285 5429 Δρορναρὴα
3318 5360 3457 5415 male
3488 5358 3714 5415 habeut.-
3748 5361 4074 5437 viventibus.
