5050 6167
618 403 740 466 515

1525 583 1679 655 454.

953 722 1424 792 OALVINUS
1472 719 2246 788 MELANOHTHONI.

795 898 1047 964 Literae
1089 897 1227 962 eius
1272 900 1498 977 quarto
1543 893 1793 959 tandem
1834 913 2044 959 mense
2087 892 2314 958 allatae
2369 891 2583 973 ipsum

615 985 801 1052 valde
818 988 1196 1063 recrearunt,
1235 980 1499 1063 optabile
1527 999 1669 1044 vero
1700 980 2130 1045 commercium
2160 979 2323 1043 inter
2343 978 2583 1043 amicos

621 1073 693 1137 in
734 1071 931 1137 altera
974 1071 1223 1135 demum
1265 1069 1398 1134 vita
1440 1066 1932 1149 exspectandum.
1978 1064 2068 1130 Et
2093 1064 2372 1130 Genevae
2414 1068 2469 1128 et
2509 1065 2581 1128 in

630 1156 980 1224 Germania
1000 1154 1196 1220 multa
1231 1155 1459 1232 tristia,
1503 1151 1719 1231 dubia,
1751 1150 2062 1232 periculis
2098 1155 2155 1216 et
2186 1150 2582 1233 impedimen-

622 1245 706 1308 tis
737 1243 951 1326 plena.

624 1413 874 1484 (Sylloge
921 1413 1061 1482 Epp.
1099 1429 1132 1464 a
1165 1410 1223 1464 P.
1262 1410 1567 1463 Burmanno
1614 1408 1763 1461 edita
1809 1409 1869 1461 Τ.
1907 1408 1977 1461 11.
2016 1424 2070 1476 p.
2106 1404 2236 1473 229,
2290 1407 2434 1460 1111ᾱο
2484 1407 2577 1460 de-

620 1483 839 1552 scripsit
873 1481 1083 1536 Simler.
1123 1480 1240 1533 Vol.
1270 1478 1353 1533 52.
1407 1479 1473 1532 Ι11
1510 1477 1671 1547 Corp.
1699 1477 1938 1531 Reform.
1965 1492 2072 1529 non
2109 1481 2303 1529 exstat.
2350 1476 2576 1546 Anglice

1151 1548 1351 1618 legitur
1385 1564 1472 1617 ap.
1508 1546 1686 1600 B-o.
1723 1548 1768 1601 1.
1805 1563 1858 1616 p.
1896 1544 2044 1610 349.)

792 1718 968 1784 Vide
1024 1738 1219 1802 quam
1278 1718 1465 1801 pigro
1530 1718 1746 1783 ventri
1802 1716 2027 1781 literas
2086 1725 2235 1781 tuas
2300 1715 2571 1783 dederis.

617 1807 752 1872 Eas
797 1805 974 1870 enim
1018 1805 1132 1870 vix
1186 1816 1417 1886 quarto
1470 1802 1731 1868 demum
1787 1823 2015 1868 mense
2071 1803 2234 1866 mihi
2293 1802 2578 1867 reddidit

618 1900 686 1958 et
728 1891 986 1975 quidem
1043 1889 1251 1955 multo
1310 1890 1543 1955 attritu
1608 1890 1740 1953 iam
1799 1888 2130 1971 disruptas
2190 1908 2265 1953 ac
2308 1888 2574 1955 laceras.

617 1978 762 2043 Hoc
805 1984 1027 2041 tamen
1073 1976 1289 2059 ipsum
1335 1974 1504 2057 quod
1552 1975 1658 2040 vel
1702 1996 1848 2040 sero
1893 1974 1976 2039 ad
2010 1995 2116 2040 me
2149 1974 2578 2058 pervenerint

612 2084 851 2148 magno
909 2064 973 2127 in
1032 2062 1214 2127 lucro
1270 2063 1477 2144 posui.
1563 2061 1736 2125 Nam
1802 2060 1961 2126 dum
2016 2081 2127 2125 eas
2195 2060 2324 2125 huo
2381 2068 2575 2144 atque

613 2149 770 2213 illuc
805 2150 1195 2224 circumfert,
1235 2148 1476 2211 mirum
1513 2146 1684 2230 quod
1723 2167 1858 2211 non
1893 2146 2129 2213 alicubi
2150 2146 2505 2229 reliquerit.
2525 2149 2571 2227 ¹)

611 2236 790 2319 Ergo
856 2243 1185 2315 utcunque
1249 2232 1389 2298 eius
1452 2233 1858 2317 negligentia
1930 2233 2284 2316 singularis
2349 2231 2575 2316 gaudii

612 2322 829 2386 fructu
873 2321 1171 2403 privatus
1218 2317 1297 2383 ad
1345 2327 1604 2402 tempus
1649 2319 1917 2397 fuerim,
1962 2318 2155 2384 facile
2197 2328 2415 2382 tamen
2460 2340 2574 2385 ve-

611 2407 791 2471 niam
832 2427 873 2470 a
913 2428 1018 2470 mc
1062 2406 1438 2488 impetravit
1480 2403 1592 2469 ubi
1638 2426 1747 2469 eas
1792 2405 2024 2488 recepi.
2082 2403 2352 2470 Utinam
2397 2426 2571 2483 ver0,

610 2493 781 2558 sicut
825 2491 1004 2567 dicis,
1051 2491 1314 2573 saepius
1359 2489 1562 2565 nobis,
1609 2491 1840 2556 saltem
1885 2510 2003 2573 per
2047 2489 2273 2555 literas
2295 2489 2572 2573 colloqui

611 2578 849 2643 liceret.
897 2577 1043 2642 'ribi
1085 2576 1346 2659 quidem
1384 2575 1547 2640 nihil
1586 2574 1739 2640 inde
1775 2574 2125 2654 accederet,
2163 2575 2327 2640 mihi
2352 2584 2575 2640 autem

609 2662 777 2728 nihil
820 2664 989 2728 foret
1032 2663 1102 2726 in
1151 2662 1271 2726 hoc
1315 2660 1563 2725 mundo
1608 2661 1959 2744 optabilius
2006 2683 2200 2744 quam
2244 2662 2312 2726 in
2358 2662 2575 2727 litera-

608 2771 755 2814 rum
783 2756 1050 2813 tuarum
1073 2749 1399 2814 suavitate
1424 2748 1848 2830 acquiescere.
1895 2746 2033 2812 Vix
2068 2746 2293 2813 credes
2329 2758 2576 2830 quanta

611 2836 714 2901 hic
772 2836 1190 2919 negotiorum
1257 2833 1428 2897 mole
1493 2854 1758 2917 premar
1825 2840 2023 2916 atque
2093 2853 2347 2918 urgear.
2436 2833 2573 2900 Sed

612 2925 783 2986 inter
815 2920 938 2986 has
962 2919 1304 3004 angustias
1329 2918 1496 2984 duae
1543 2941 1647 2985 res
1682 2927 1839 2984 011111
1873 2940 2039 3002 quae
2073 2940 2180 2984 me
2215 2919 2573 3002 plurimum

607 3007 1014 3073 excruciant:
1060 3004 1231 3089 quod
1271 3006 1435 3070 mihi
1480 3005 1814 3090 legitimus
1850 3026 2086 3089 operae
2109 3026 2292 3070 meae
2315 3005 2568 3072 fructus

608 3114 743 3159 non
787 3100 1059 3169 constat,
1102 3090 1338 3157 deinde
1381 3091 1550 3174 quod
1597 3091 1714 3158 abs
1749 3100 1817 3156 te
1853 3092 2203 3174 paucisque
2239 3091 2385 3156 aliis
2421 3099 2569 3156 tan-

607 3189 830 3262 topere
874 3178 1158 3256 dissitus,
1205 3177 1317 3242 illo
1357 3175 1527 3261 quod
1572 3198 1679 3242 me
1724 3176 2052 3259 imprimis
2085 3178 2316 3243 iuvare
2397 3186 2571 3243 osset

607 3264 1062 3331 consolationis
1126 3283 1367 3348 genere
1423 3262 1757 3329 destituor.
1845 3263 2098 3328 Verum
2163 3285 2337 3348 quan
2385 3284 2423 3328 o
2482 3285 2568 3328 ne

608 3352 731 3415 hoc
753 3349 1017 3433 quidem
1060 3350 1342 3432 optionis
1385 3356 1649 3414 nostrae
1694 3370 1837 3414 esse
1872 3350 2195 3429 convenit,
2241 3357 2321 3413 ut
2351 3349 2569 3415 locum

607 3435 733 3502 sibi
766 3436 1040 3518 quisque
1078 3434 1350 3500 arbitrio
1390 3455 1511 3499 suo
1548 3434 1672 3499 deli
1765 3442 1811 3513 t,
1849 3434 1963 3500 ubi
1999 3435 2244 3501 serviat
2279 3435 2566 3514 christo,

607 3525 676 3587 in
722 3541 802 3586 ea
847 3522 1032 3587 nobis
1089 3521 1367 3586 statione
1421 3541 1661 3585 manen
1711 3542 1824 3584 um
1890 3529 2019 3600 est,
2078 3541 2273 3604 quam
2333 3523 2568 3605 cuique

607 3616 904 3673 nostrum
950 3606 1322 3673 destinavit.
1368 3605 1516 3672 Hoc
1552 3605 1786 3671 saltem
1809 3607 1996 3673 nobis
2018 3607 2203 3672 nulla
2225 3608 2568 3692 regionum

606 3694 1054 3779 longinquitas
1119 3692 1382 3776 eripiet,
1447 3692 1607 3776 quin
1652 3691 1776 3759 1100
1820 3693 2308 3771 coniunctione,
2369 3715 2567 3777 quam

607 3779 912 3845 Christus
980 3779 1303 3863 sanguine
1366 3797 1487 3843 suo
1544 3786 1988 3844 consecratam
2032 3779 2267 3861 spiritu
2310 3800 2567 3863 quoque

609 3886 726 3931 suo
749 3866 818 3929 in
842 3864 1143 3931 cordibus
1163 3864 1411 3930 nostris
1443 3864 1680 3944 sanxit,
1726 3864 2031 3943 contenti,
2078 3862 2234 3929 dum
2278 3865 2567 3932 vivimus

609 3953 678 4016 in
722 3959 901 4017 terra
957 3952 1396 4016 sustineamur
1453 3949 1645 4015 beata
1700 3950 1815 4014 illa
1865 3969 2012 4033 spe,
2079 3949 2162 4015 ad
2204 3971 2399 4034 quam
2444 3971 2568 4016 nos

613 4038 839 4102 literae
884 4046 1034 4101 tuae
1078 4046 1416 4101 revocant:
1479 4037 1549 4100 in
1608 4035 1803 4102 coelis
1847 4058 1967 4102 nos
2011 4035 2208 4101 simul
2250 4045 2568 4120 perpetuo

613 4125 899 4189 victuros
917 4174 931 4199 ,
999 4121 1109 4187 ubi
1171 4143 1391 4188 amore
1470 4122 1882 4204 amicitiaque
1959 4129 2187 4187 nostra
2252 4123 2565 4189 fruemur.

609 4208 957 4274 anterum
982 4207 1150 4292 quod
1195 4209 1262 4272 in
1308 4206 1759 4273 lucubratione
1798 4229 1997 4290 quam
2040 4227 2253 4290 nuper
2294 4208 2489 4288 edidi,
2506 4210 2567 4285 ²)

609 4293 847 4360 abusus
892 4315 1038 4360 sum
1083 4303 1197 4359 tuo
1241 4294 1505 4358 nomine
1551 4292 1672 4359 hoc
1714 4293 1820 4359 vel
1868 4294 2075 4358 amori
2119 4315 2278 4379 erga
2318 4301 2385 4359 te
2421 4314 2569 4359 meo

611 4382 929 4464 ignoscas,
978 4380 1085 4445 vel
1131 4389 1282 4445 tuae
1326 4378 1723 4443 humanitati
1767 4378 2084 4446 concedas
2124 4390 2292 4463 peto.
2380 4379 2568 4445 Inter

609 4464 851 4530 multas
916 4467 1203 4531 rationes
1263 4463 1499 4547 quibus
1543 4485 1618 4529 eo
1664 4464 1984 4532 adductus
2027 4466 2141 4545 fui,
2209 4466 2370 4531 haec
2431 4485 2566 4530 non

606 4558 936 4634 postrema
964 4552 1089 4616 fuit
1108 4550 1278 4634 quod
1307 4548 1665 4616 Sadoletum
1689 4549 1960 4635 Piyhius
2003 4549 2145 4616 dele
2232 4558 2338 4616 rat
2379 4550 2567 4617 cuius

608 4637 873 4703 nomine
916 4657 1071 4702 suas
1115 4657 1325 4721 nugas
1369 4634 1757 4703 venditaret.
1804 4636 2057 4702 Verum
2096 4639 2118 4701 i
2169 4656 2244 4702 eo
2279 4636 2565 4703 subticui

608 4746 690 4790 ne
713 4722 876 4788 mihi
913 4722 997 4787 ad
1032 4721 1589 4804 comparationem
1632 4719 2026 4789 descendere
2069 4742 2334 4788 necesse
2376 4723 2563 4788 soret.

607 4810 837 4894 Neque
901 4818 1123 4873 tamen
1186 4808 1294 4874 hic
1356 4808 1555 4893 longa
1619 4809 2035 4875 excusatione
2113 4815 2294 4888 utar,
2360 4829 2561 4892 quum

609 4903 885 4962 testatus
927 4895 1164 4959 fuerim
1216 4914 1323 4959 me
1363 4894 1596 4961 fecisse
1636 4914 1803 4977 quae
1846 4894 2012 4959 mihi
2054 4915 2172 4977 per
2214 4903 2397 4959 tuam
2441 4895 2565 4959 1111-

605 4981 989 5047 manitatem
1011 4979 1681 5065 benevolentiamque,
1705 5001 1905 5064 quam
1925 4980 2093 5046 mihi
2116 4979 2347 5061 defers,
2369 4981 2566 5048 licere

605 5075 785 5134 certo
829 5066 1237 5133 confiderem.

641 5257 772 5316 454.
811 5257 869 5313 11
907 5255 1034 5310 Hoc
1066 5269 1274 5309 comma
1309 5268 1412 5307 om.
1447 5254 1683 5324 Anytus.

813 5324 847 5377 2
855 5336 872 5389 )
911 5324 1058 5379 Aac.
1097 5322 1374 5391 Ρὸςὴώιηι.
1410 5323 1537 5378 vide
1573 5325 1640 5378 N.
1675 5322 1796 5377 447.

2175 390 2703 460 EPISTOLAE
2748 392 2873 455 454
2886 426 2973 441 -
2985 393 3110 455 456

4511 396 4625 460 516

2859 580 2966 645 De
3008 578 3204 645 rebus
3245 577 3492 644 nostris
3530 578 3742 643 multa
3784 586 3944 644 sunt
3983 599 4150 662 quae
4183 580 4479 659 scribam,
4521 584 4630 651 sed

2687 666 2812 732 hoc
2854 666 3071 748 ipsum
3114 672 3215 732 est
3277 662 3450 748 quod
3505 686 3613 729 me
3675 674 3892 731 tacere
3935 666 4126 748 cogit,
4192 668 4344 749 quia
4383 667 4631 737 nullum

2686 753 2889 817 finem
2946 752 3336 818 invenirem.
3421 750 3683 816 Laboro
3738 748 3843 817 hic
3899 758 3966 815 et
4004 751 4247 835 fatigor
4287 754 4523 820 mirum
4564 758 4632 822 111

2686 838 2971 915 modum,
3038 838 3303 920 proficio
3369 836 3799 902 mediocriter.
3880 837 3981 901 Et
4031 844 4254 902 tamen
4318 841 4635 909 mirantur

2687 944 2915 989 omnes
2972 944 3078 988 me
3132 931 3389 988 tantum
3449 924 3764 1005 proficere
3823 923 4000 988 inter
4042 930 4138 988 tot
4175 924 4634 1008 impedimenta

2686 1030 2961 1092 quorum
3004 1030 3246 1093 magna
3289 1028 3442 1091 pars
3486 1016 3588 1073 est
3630 1007 3715 1072 ab
3759 1009 3918 1091 ipsis
3961 1009 4369 1090 ministris.⁸)
4455 1012 4632 1082 Hoec

2686 1104 2905 1160 tamen
2959 1095 3125 1159 mihi
3180 1114 3424 1178 magna
3486 1101 3585 1159 est
3635 1093 3931 1159 laborum
3976 1095 4248 1176 levati0‚
4295 1097 4465 1181 quod
4507 1122 4635 1166 non

2686 1189 2947 1246 tantum
3006 1182 3169 1247 haec
3243 1180 3545 1258 ecclesia,
3612 1179 3726 1246 sed
3793 1188 3934 1245 tota
4009 1202 4262 1265 quoque
4335 1185 4633 1252 vicinitas

2683 1267 2970 1333 fructum
2994 1266 3275 1349 aliquem
3299 1267 3500 1332 sentit
3520 1286 3705 1331 meae
3744 1268 4167 1349 praesentiae.
4238 1267 4429 1334 Adde
4469 1272 4636 1354 quod

2684 1352 2983 1418 nonnihil
3028 1353 3097 1417 in
3143 1352 3432 1418 Galliam
3476 1373 3682 1435 usque
3725 1360 3794 1416 et
3835 1353 3905 1417 in
3941 1352 4196 1418 Italiam
4233 1355 4634 1441 redundat.⁴)

2683 1437 2952 1504 Statum
2976 1448 3231 1504 vestrae
3255 1438 3652 1504 Germaniae
3697 1458 3832 1502 non
3876 1438 4020 1503 sine
4064 1440 4481 1508 acerbissimo
4525 1442 4637 1508 do·

2681 1523 2817 1590 lore
2857 1524 3065 1590 audio.
3124 1525 3187 1589 Ν
3190 1545 3264 1590 00
3306 1524 3555 1589 leviora
3597 1534 3755 1589 sunt
3797 1524 3973 1589 mala
4015 1546 4180 1607 quae
4203 1527 4402 1593 timeo
4488 1550 4635 1594 uam

2681 1632 2849 1693 quae
2871 1610 3080 1694 lugeO.
3127 1610 3301 1676 Nam
3345 1611 3400 1675 si
3446 1632 3678 1675 verum
3714 1620 3813 1676 cst
3835 1610 4006 1693 quod
4033 1616 4426 1692 narratur,⁶)
4444 1549 4636 1680 ql'ur·

2681 1716 2825 1761 cam
2869 1695 3223 1761 maioribus
3262 1716 3523 1761 rursum
3569 1696 3769 1779 copiis
3792 1696 4033 1761 bellum
4057 1699 4447 1779 instaurare,
4494 1702 4635 1783 quis

2680 1783 2966 1848 obstabit
2985 1783 3330 1865 quominus
3373 1782 3567 1866 longe
3612 1782 3866 1865 lateque
3910 1804 4027 1866 pro
4070 1782 4341 1850 libidine
4384 1807 4638 1870 grasse-

2681 1876 2808 1932 tur.
2864 1868 2949 1932 Et
2993 1870 3179 1951 quasi
3225 1889 3457 1950 parum
3504 1878 3678 1933 esset
3721 1870 4002 1951 turpiter
4048 1869 4298 1954 dilapso
4342 1873 4638 1938 exercitu

2679 1960 2778 2018 tot
2839 1954 3168 2036 impensas
3232 1955 3475 2019 frustra
3539 1954 3923 2037 profudisse,
3990 1963 4246 2021 tantum
4312 1959 4640 2041 accepisse

2680 2038 3030 2118 dedecoris,
3078 2048 3417 2122 praeterea
3462 2041 3888 2124 praecipuum
3934 2041 4182 2107 roboris
4226 2044 4460 2109 florem
4504 2045 4639 2127 pri·

2680 2146 2861 2190 mum
2929 2128 3236 2190 continua
3298 2134 3481 2208 peste
3545 2127 3834 2205 triennii,
3902 2126 4054 2191 dein
4120 2128 4244 2194 hac
4308 2138 4642 2212 postrema

2678 2212 2785 2276 lue
2829 2210 3206 2293 perdidisse,
3253 2233 3429 2275 1111110
3472 2212 3682 2277 11111110
3718 2213 3988 2297 gravius
4025 2213 4105 2278 ab
4140 2215 4475 2282 intestinis
4510 2215 4645 2281 dis·

2679 2296 2860 2363 sidiis
2905 2297 3257 2363 laboratur.
3304 2296 3597 2361 Necdum
3646 2307 3863 2364 tamen
3913 2308 4048 2363 tam
4083 2301 4321 2366 acriter
4357 2302 4640 2384 perculsi

2678 2384 2890 2448 nostri
2935 2384 3259 2466 principes
3304 2386 3775 2467 expergefiunt,
3815 2394 3890 2448 ut
3911 2384 4066 2450 dare
4089 2386 4343 2451 discant
4368 2388 4641 2453 Christo

2676 2469 2970 2553 gloriam.
3016 2470 3164 2534 Hoc
3207 2478 3427 2534 tamen
3472 2490 3577 2533 me
3601 2470 3900 2534 nonnihil
3924 2480 4193 2551 recreat,
4234 2473 4411 2555 quod
4456 2474 4645 2538 aiunt

2682 2555 3097 2621 Coloniensem
3140 2564 3207 2620 et
3250 2555 3410 2620 alios
3455 2556 3770 2636 quosdam
3814 2556 3897 2621 ad
3941 2559 4392 2641 repurgandae
4438 2558 4644 2625 eccle-

2677 2642 2808 2707 sias
2853 2643 3147 2706 animum
3192 2643 3360 2706 serio
3406 2641 3734 2708 adiecisse.
3756 2644 3813 2717 ⁶)
3871 2642 4098 2725 Neque
4142 2645 4317 2708 enim
4364 2665 4643 2728 parvam

2678 2728 3112 2793 accessionem
3176 2749 3319 2792 esse
3384 2727 3548 2792 duco
3613 2727 3784 2810 quod
3849 2728 4150 2810 episcopi,
4217 2751 4301 2794 ex
4356 2751 4644 2814 quorum

2677 2812 2905 2879 ordine
2970 2813 3193 2879 nullus
3261 2813 3475 2878 adhuc
3518 2835 3756 2878 nomen
3801 2812 4071 2880 Christo
4116 2814 4402 2895 dederit,
4465 2837 4645 2882 nunc

2676 2900 2933 2964 sublata
2977 2922 3175 2964 manu
3220 2900 3513 2982 profiteri
3557 2900 3638 2965 ab
3682 2899 3853 2964 idolo
3898 2920 4166 2965 romano
4203 2899 4647 2968 defectionem

2674 2985 3010 3069 incipiant.
3061 2987 3348 3051 Tantum
3391 3005 3567 3049 nunc
3611 2984 4105 3068 advigilandum
4150 2996 4219 3052 et
4252 2986 4645 3054 enitendum

2676 3080 2777 3137 est
2841 3072 3026 3137 nobis
3092 3078 3167 3136 111
3232 3091 3457 3136 eorum
3523 3092 3787 3136 cursum
3854 3092 4375 3153 promoveamus,
4426 3095 4515 3140 ne
4560 3094 4645 3139 ex

2676 3157 2947 3222 dimidio
2971 3156 3241 3223 Christo
3286 3157 3472 3240 peius
3515 3164 3885 3221 monstrum
3921 3166 4318 3224 renascatur.
4371 3160 4647 3225 Interea

2674 3264 2983 3309 romanus
3039 3244 3335 3326 pontifex
3390 3243 3522 3307 iam
3566 3242 3823 3308 concilii
3866 3243 4289 3309 simulacrum
4334 3245 4645 3311 'l'ridenti

2673 3338 2976 3408 ostentat,
3018 3336 3091 3394 ut
3134 3330 3355 3394 orbem
3401 3330 3889 3410 exspectatione
3923 3351 4314 3414 suspensum
4337 3331 4647 3416 aliquan-

2674 3415 2887 3479 tulum
2951 3415 3165 3481 adhuc
3232 3415 3515 3479 retineat
3572 3433 3648 3478 ac
3692 3424 3999 3479 moretur.
4088 3415 4221 3482 Sed
4268 3418 4464 3484 Deus
4510 3438 4648 3483 non

2672 3503 2958 3584 patietur
3024 3500 3269 3565 diutius
3334 3499 3456 3564 sibi
3513 3499 3717 3565 illudi.
3803 3499 4047 3579 Fallor,
4094 3502 4223 3567 nisi
4267 3502 4380 3569 1110
4427 3524 4648 3570 01111110

2672 3587 3030 3652 maximam
3071 3607 3294 3651 rerum
3337 3586 3826 3651 conversionem
3870 3588 4209 3670 parturiat,
4256 3610 4432 3672 quae
4457 3590 4647 3656 brevi

2672 3681 2983 3757 emergat.
3029 3670 3164 3738 Sed
3206 3672 3337 3736 iam
3380 3672 3575 3736 nimis
3617 3672 3842 3738 multa.
3888 3672 4057 3738 Vale
4092 3673 4317 3758 igitur,
4356 3676 4469 3740 vir
4507 3666 4646 3741 mo·

2673 3757 2774 3824 dis
2817 3759 3117 3823 omnibus
3161 3758 3574 3823 ornatissime
3617 3757 3907 3841 mihique
3953 3781 4209 3842 semper
4249 3760 4320 3824 in
4345 3762 4648 3827 Domino

2671 3844 2954 3910 colende.
3041 3844 3366 3908 Dominus
3412 3853 3475 3907 te
3520 3842 3632 3908 diu
3679 3851 3902 3909 servet
3942 3844 4332 3911 incolumem
4383 3848 4457 3912 in
4503 3847 4647 3932 glo·

2672 3932 2838 3996 riam
2905 3930 3185 3995 nominis
3250 3929 3354 3995 sui
3398 3938 3464 3994 et
3507 3930 3816 3996 ecclesiae
3873 3951 4030 3996 suae
4096 3930 4644 3999 aedificationem.

2672 4017 2884 4082 Miror
2940 4013 3098 4098 quid
3160 4015 3249 4080 sit
3314 4036 3550 4081 causae
3594 4037 3712 4081 cur
3756 4014 4005 4081 tamdiu
4048 4018 4404 4084 Danielem
4450 4028 4649 4084 tuum

2673 4102 2847 4167 domi
2885 4121 3305 4183 suppressum
3332 4110 3575 4167 teneas.
3597 4102 3650 4184 ⁷)
3696 4102 3925 4185 Neque
3965 4103 4139 4167 onim
4184 4125 4292 4168 me
4331 4103 4650 4170 lectionis

2672 4189 2810 4253 eius
2855 4187 3072 4269 fructu
3116 4187 3362 4270 privari
3387 4208 3592 4271 aequo
3622 4188 3841 4252 animo
3870 4188 4096 4270 patior.
4155 4190 4238 4254 D.
4270 4189 4650 4256 Martinam

2668 4281 3049 4339 reverenter
3092 4293 3239 4338 meo
3262 4275 3526 4339 nomine
3561 4275 3805 4340 salutes
3839 4294 4097 4357 quaes0.
4144 4274 4500 4343 Habemus
4538 4275 4650 4344 hic

2874 4494 3491 4565 fflDeqwibusiam
3558 4512 3672 4550 non
3740 4510 3910 4565 aeque
3975 4495 4262 4551 iudicabat
4330 4512 4407 4553 ac
4479 4498 4650 4554 initio

2667 4582 2720 4619 v.
2756 4563 3154 4631 Kampschulte
3202 4564 3254 4619 I.
3301 4564 3422 4618 484.
3464 4597 3527 4605 —
3576 4565 3771 4619 Etiam
3827 4566 3893 4619 in
3943 4565 4319 4633 promovenda
4378 4567 4649 4623 ecclcsiae

2668 4634 3082 4701 constitutione,
3131 4635 3195 4688 in
3237 4634 3446 4702 leyibus
3498 4634 3743 4701 ferendis
3788 4634 4022 4703 aliisque
4066 4635 4340 4689 simaibus
4391 4652 4546 4705 quae
4593 4638 4647 4692 ei

2666 4705 2904 4758 maxime
2957 4703 3113 4757 cordo·
3167 4709 3355 4771 eram,
3406 4704 3520 4758 iam
3562 4719 3675 4758 non
3720 4702 4057 4772 omniapro
4114 4704 4256 4759 votis
4301 4707 4651 4762 successim

2659 4777 2836 4843 ''aa‘'
2872 4840 2934 4895 4»
2978 4840 3119 4895 veae
3151 4840 3439 4910 epistolam
3480 4840 3810 4895 Vemmm
3845 4858 3899 4896 a.
3938 4841 3992 4897 a.
4028 4842 4063 4896 0
4097 4841 4187 4897 ια.
4229 4841 4369 4897 Dec.
4422 4842 4564 4900 1542
4598 4848 4651 4900 a

2668 4908 2971 4980 Kampsch.
3004 4927 3062 4975 p.
3097 4909 3216 4965 480.

2873 4979 2933 5041 5)
2973 4978 3052 5033 N.
3087 4978 3209 5045 445,
3245 4984 3355 5033 not.
3396 4979 3445 5035 1.

2874 5046 3059 5114 61011
3096 5047 3544 5103 Melanchthom‘s
3575 5047 3726 5101 Hist.
3763 5048 3830 5103 de
3864 5047 4046 5104 initiis
4078 5049 4298 5116 reform.
4335 5048 4544 5106 001011.
4582 5050 4649 5105 in

2668 5118 2789 5171 eius
2823 5117 3067 5172 consiliis
3099 5118 3295 5171 latinis
3330 5116 3399 5171 P.
3436 5117 3500 5185 1,
3549 5136 3603 5186 p.
3639 5117 3775 5185 535,
3824 5123 3876 5173 et
3920 5133 4042 5188 epp.
4080 5118 4389 5175 Suhen’et
4426 5119 4651 5175 Bucen·

2667 5202 2736 5241 m.
2782 5184 2881 5241 0oe
2938 5187 3070 5239 1542
3103 5186 3361 5255 smptus.

2875 5254 2934 5317 7)
2972 5254 3409 5310 Commentarius
3442 5254 3576 5309 Mel.
3611 5254 3676 5310 in
3710 5254 3863 5311 Dauo.

3908 5255 4120 5326 prodiit
4161 5256 4262 5312 1100
4304 5256 4438 5327 ὄρσο
4489 5273 4648 5315 amc

2675 5324 2997 5394 Vmber-aas
3030 5330 3082 5380 et
3114 5323 3363 5396 Lipsiae.
3944 5358 3946 5361 -
