5050 6167
631 403 759 469 595

637 591 976 674 ingentem
1013 635 1302 653 ......
1338 586 1589 653 sionem
1623 583 1936 651 adferent.
1982 583 2116 649 Nos
2150 581 2417 646 interim
2453 629 2468 644 .
2508 629 2523 643 .
2566 627 2580 641 .

639 724 658 741 .
696 724 712 740 .
751 725 767 740 .
806 725 821 739 .
864 673 1010 740 utili
1053 672 1349 738 doctrina
1388 671 1723 737 foveamus
1758 716 2143 736 .......
2190 664 2343 747 Qua
2386 664 2466 730 de
2509 685 2582 729 re

636 768 799 845 puto
841 768 908 825 te
961 778 1293 826 sermones
1333 777 1515 823 meos
1556 755 1800 822 multos
1800 801 2192 821 .......
2273 749 2469 832 Quod
2508 751 2583 815 in

637 853 828 930 parte
870 843 1325 927 disputationis
1372 842 1550 908 edita
1562 845 1619 918 ²)
1673 841 1877 907 refers
1930 839 2011 906 ad
2067 844 2405 922 peecatum
2461 856 2580 901 seu

635 932 942 998 morbum
976 930 1246 1014 originis
1279 925 1383 1006 τήν
1414 927 1762 1007 «fidenam,
1797 925 1963 991 mihi
2004 924 2232 1009 placet.
2279 922 2582 987 Alteram

638 1026 897 1102 partem
953 1020 1092 1099 περὶ
1133 1013 1386 1096 ἀνάγκης
1428 1034 1512 1079 ex
1554 1012 1814 1079 divinae
1862 1010 2224 1077 voluntatis
2261 1016 2582 1092 perpetua

639 1103 966 1171 sententia
1018 1100 1258 1166 nollem
1310 1099 1494 1165 addi:
1559 1100 1677 1163 τῶν
1718 1096 2117 1163 ἀτοπωτάτων
2158 1097 2286 1159 ἐστὶ
2343 1093 2578 1169 dicere,

635 1187 921 1253 Neronis
962 1188 1211 1270 flagitia
1251 1186 1613 1251 necessario
1653 1184 1823 1249 facta
1864 1203 2025 1248 esse.
2083 1179 2380 1247 Tandem
2423 1198 2581 1262 ergo

638 1272 1109 1443 &rumpamus
1149 1271 1296 1337 illas
1328 1270 1751 1353 quaestiones.
1822 1269 2011 1335 Bene
2043 1267 2207 1333 vale.
2287 1270 2362 1328 12
2400 1263 2575 1329 Iulii.

745 1379 936 1424 111188.
958 1361 987 1399 ⁸

1577 1490 1927 1574 Philippus
1970 1487 2378 1555 Melanthon.

809 1663 1106 1732 Salutem
1149 1671 1298 1748 opto
1335 1663 1420 1729 D.
1462 1661 1773 1728 Pharello.

1451 1992 1642 2000 ———-—÷
1669 1991 1805 2000 0—ae-

1526 2258 1682 2330 489.

627 2435 754 2501 LE
820 2419 1123 2501 SENAT
1185 2433 1313 2500 DE
1376 2429 1941 2498 NEUOHA'PEL
2008 2431 2070 2494 A
2114 2427 2232 2494 OE
2241 2426 2398 2494 nm
2442 2427 2569 2492 DE

1285 2546 1922 2619 stAsssoURG.

805 2724 1281 2790 Rmerc‘iments
1337 2740 1510 2803 pour
1561 2719 1840 2788 l’aoeuea
1876 2716 2005 2802 fait
2047 2718 2090 2784 ὰ
2136 2719 2331 2786 Farel
2371 2723 2429 2785 et
2466 2739 2568 2785 re-

699 2980 1063 3049 (Strasbourg,
1098 2977 1360 3033 Arohives
1394 2978 1464 3031 de
1498 2976 1552 3032 8.
1577 2976 1824 3031 Thomas.
1860 2975 2040 3031 Tiroir
2073 2973 2156 3032 22.
2204 2977 2390 3031 Liasse
2424 2975 2497 3043 1.)

624 3153 787 3221 Δια
825 3150 1258 3235 magnifiques
1298 3146 1523 3214 nobles
1650 3142 1994 3213 urveables
2035 3147 2250 3232 saiges
2290 3154 2359 3213 et
2401 3156 2569 3214 tre&

628 3245 953 3306 vertueux
993 3235 1333 3321 seigneurs
1374 3233 1476 3298 Le
1629 3233 1643 3247 ⁶
1682 3241 1783 3297 tre
1823 3232 2168 3317 bourgeois
2209 3240 2280 3298 et
2322 3233 2567 3299 oonseil

630 3323 714 3389 de
734 3320 1131 3406 Strasbourg
1146 3321 1332 3386 Nous
1370 3317 1761 3488 silgfflss.
1781 3323 1847 3384 et
1867 3318 2193 3385 honnorez
2229 3320 2568 3404 seigneurs

798 3611 862 3679 N
862 3619 1038 3678 ostre
1106 3610 1520 3677 ohrestienne
1573 3615 1640 3674 et
1694 3607 2077 3693 singulliere
2131 3608 2566 3675 Reoommen·

625 3698 848 3766 dation
888 3706 957 3763 et
998 3717 1072 3763 88
1112 3717 1242 3780 que
1295 3713 1593 3777 pouvons
1648 3715 1733 3759 en
1787 3693 2090 3760 honneur
2148 3702 2216 3759 et
2258 3693 2567 3760 dileetion

623 3802 792 3851 vous
821 3790 1055 3869 soyent
1093 3780 1354 3865 premis.
1397 3779 1834 3931 Magnifigues
1875 3780 2098 3845 nobles
2141 3778 2567 3863 pourveables

621 3867 908 3954 prudens
1041 3868 1054 3882 ⁶
1231 3873 1298 3931 et
1347 3865 1619 3932 diserets
1727 3864 2033 3949 eigneurs
2046 3916 2062 3943 ‚
2120 3864 2302 3932 Nous
2344 3885 2565 3931 sumes

619 3964 1018 4022 tresassurez
1095 3975 1133 4020 e
1174 3952 1240 4017 la
1272 3949 1594 4018 tresnoble
1617 3950 1767 4035 plus
1809 3970 1935 4033 que
1977 3958 2325 4016 vertueuse
2367 3952 2564 4016 assis-

623 4051 816 4108 tanee
850 4039 1120 4124 qu‘avez
1154 4038 1343 4104 faietz
1379 4045 1447 4102 et
1476 4037 1705 4102 faietes
1726 4035 2235 4120 journellement
2266 4058 2306 4101 a
2340 4043 2563 4101 nostre

619 4124 812 4194 fidele
843 4134 1111 4210 pasteur
1143 4124 1259 4189 Μ’.
1280 4122 1508 4188 (3111110.
1535 4121 1848 4188 thelus
1868 4128 2060 4205 quest
2077 4129 2564 4206 presentement

618 4234 706 4280 811
737 4220 956 4280 vostre
1007 4213 1151 4290 eite,
1208 4208 1458 4294 dequoy
1492 4206 2058 4292 tresgrandement
2111 4228 2275 4274 vous
2315 4227 2562 4272 remer-

621 4299 803 4366 oions
844 4304 912 4363 et
949 4317 1121 4363 vous
1164 4316 1251 4361 811
1292 4293 1575 4360 rendons
1597 4313 1825 4378 graues
1845 4299 1914 4359 et
1933 4292 2250 4378 lonanges
2283 4294 2561 4377 311111181-

617 4383 825 4462 telles,
868 4400 1034 4448 vous
1073 4379 1414 4464 supplians
1445 4377 1534 4464 dy
1568 4379 1912 4446 continuet
1953 4376 2035 4443 de
2071 4378 2224 4462 plus
2268 4398 2352 4443 en
2388 4376 2556 4460 plus.

790 4469 1278 4535 'l'resvertueux
1343 4465 1717 4549 Seigneurs,
1773 4464 1977 4548 jaooit
2030 4485 2156 4547 que
2200 4463 2333 4548 joel
2389 4463 2555 4527 Mre.

626 4554 985 4622 ammaum
1026 4553 1154 4619 soit
1193 4571 1331 4636 ung
1371 4571 1538 4635 vray
1578 4551 1881 4615 ministre
1924 4547 2005 4614 de
2047 4548 2362 4615 veritable
2405 4546 2556 4612 doe-

618 4640 794 4707 trine
832 4646 1103 4705 menant
1135 4639 1244 4704 vie
1277 4636 1755 4720 evangelioque,
1799 4634 1958 4700 dont
1989 4655 2110 4718 par
2143 4654 2247 4699 ses
2278 4651 2557 4700 oeuvres

616 4724 1066 4795 ohresfiennes
1107 4722 1166 4808 jl
1207 4732 1308 4789 est
1349 4742 1431 4786 en
1473 4720 1772 4805 exemple
1827 4738 1958 4785 aux
2012 4739 2286 4803 paovres
2337 4717 2557 4783 brebis

620 4811 704 4877 de
724 4816 950 4877 nostre
970 4806 1294 4894 Seigneur
1327 4814 1392 4871 et
1412 4825 1497 4871 en
1518 4806 1796 4871 118118111-
1818 4826 1949 4870 aux
1969 4804 2227 4889 iniques
2272 4812 2554 4882 (comme

609 4897 669 4982 51
709 4902 814 4962 est
853 4895 1377 4976 manifeste),
1419 4890 1518 4958 Or
1552 4891 1698 4974 puis
1740 4890 1873 4973 quil
1919 4897 2019 4956 est
2059 4910 2211 4956 sans
2252 4910 2445 4956 881188
2486 4896 2556 4954 et

824 5168 886 5308 33
915 5164 1660 5295 ..mmmm
1677 5164 2253 5292 1888881
2519 5238 2532 5251 -

613 5326 674 5365 ο.
710 5306 862 5364 1543.
1062 5301 1070 5307 ’
2283 5241 2555 5308 Μ

2177 388 2705 465 EPISTOLAE
2747 389 3082 452 488—491

4501 387 4625 451 596

2683 575 2906 640 raison
2970 593 3092 656 par
3159 596 3234 641 88
3284 574 3631 642 miser-able
3684 575 3762 642 P.
3813 574 4043 657 000·on
4099 580 4321 640 astans
4366 592 4409 637 a
4445 573 4628 639 Met·

2685 660 2823 743 quil
2867 680 2908 725 a
2949 660 3197 726 blasme
3253 682 3373 727 son
3421 661 3760 727 ministere
3801 660 4141 727 laoousant
4181 658 4479 725 dheresie
4524 657 4628 745 (88

2685 745 2821 828 quil
2855 748 3028 829 nest)
3073 755 3140 811 et
3179 766 3422 829 pouroe
3456 747 3593 829 quil
3627 754 3730 813 est
3764 747 3911 829 plus
3945 767 4073 829 que
4106 746 4324 828 requis
4358 752 4425 809 et
4462 753 4629 810 tres-

2684 832 3045 897 neoessaire
3099 832 3367 898 resistet
3419 852 3552 898 aux
3601 842 3859 899 astuees
3900 838 3968 898 et
4009 833 4277 896 finesses
4328 829 4629 895 malheu·

2684 937 2906 983 reuses
2962 917 3187 983 dudiot
3232 916 3458 1001 Garoly
3473 969 3489 996 ,
3546 939 3710 984 vous
3774 918 4110 1000 supplions
4167 926 4234 980 et
4275 936 4628 999 requerons

2682 1001 2802 1087 luy
2843 1023 2929 1067 en
2972 1022 3047 1067 88
3088 1003 3203 1087 luy
3260 1004 3545 1069 assister.
3633 1003 3767 1070 Oar
3808 1003 3872 1068 le
3915 1004 4066 1069 bien
4109 1022 4234 1085 que
4289 1001 4406 1086 luy
4450 1001 4627 1066 feren

2681 1086 2746 1152 le
2810 1098 3118 1170 reputons
3181 1097 3354 1154 estre
3415 1089 3569 1154 faitz
3634 1110 3675 1154 a
3736 1110 3858 1153 noz
3923 1109 4217 1154 mesmes.
4303 1087 4396 1152 Et
4457 1106 4627 1152 nous

2681 1193 2954 1255 pourrez
2974 1171 3386 1241 admonestor
3420 1176 3530 1259 (sy
3560 1184 3776 1240 vostre
3811 1173 4177 1257 seigneurie
4211 1171 4272 1237 le
4308 1179 4625 1255 permetz)

2683 1278 2768 1323 en
2802 1279 2976 1343 quoyr
3019 1260 3366 1342 pourrions
3423 1260 3689 1326 assister
3740 1279 3909 1343 pour
3963 1267 4186 1326 nostre
4229 1256 4327 1323 dit
4357 1267 4629 1342 pasteur

2682 1352 3114 1409 mesmement
3168 1367 3333 1428 pour
3385 1355 3559 1411 eeste
3612 1365 3803 1411 oause
3859 1365 4024 1427 pour
4064 1365 4236 1428 quoy
4280 1343 4467 1410 Vous
4508 1364 4625 1409 en-

2683 1449 2936 1513 voyons
2989 1437 3163 1496 eeste
3216 1437 3518 1514 presente
3560 1450 3685 1515 qne
3727 1450 3993 1496 eausera
4034 1430 4491 1496 lavanoement
4532 1428 4626 1494 du

2683 1516 2896 1581 sainct
2937 1515 3279 1600 evangille.
3340 1518 3402 1581 A
3445 1524 3589 1582 tant
3630 1537 3791 1582 vous
3835 1515 4053 1582 disens
4088 1536 4128 1579 a
4167 1515 4344 1580 Dieu
4388 1513 4627 1598 auquel

2680 1600 2907 1682 prions
2958 1621 3124 1666 vous
3179 1604 3430 1667 donner
3482 1602 3721 1667 lentier
3763 1600 3843 1666 de
3885 1621 4006 1667 τοι
4045 1601 4270 1667 nobles
4304 1610 4374 1665 et
4413 1599 4628 1667 81881-

2678 1685 2826 1751 18118
2869 1684 3095 1752 desirs.
3153 1688 3256 1752 De
3297 1696 3519 1754 nostre
3562 1686 3806 1754 oonseil
3848 1687 3949 1752 Le
3991 1688 4195 1771 xvjme
4228 1688 4385 1770 jour
4428 1684 4508 1752 de
4549 1705 4627 1751 88

2682 1777 2951 1853 present
2989 1790 3178 1856 moys
3221 1772 3302 1837 de
3344 1773 3593 1857 Iuyllet
3639 1778 3817 1838 1543.

3292 1943 3429 2010 Les
3469 1944 3904 2009 entierement
3958 1952 4107 2008 tous
4150 1950 4403 2009 vostres
4442 1948 4627 2025 prest

3291 2046 3332 2092 8
3378 2048 3540 2096 vous
3595 2029 3782 2114 fayre
3841 2029 4104 2112 plaisir-s
4167 2029 4263 2094 les
4326 2035 4625 2111 quatu-es

3289 2114 3741 2181 aministraulx
3803 2114 4192 2266 emetiseil
4269 2112 4351 2178 de
4413 2113 4479 2179 N
4480 2112 4624 2179 euf-

3444 2490 3852 2503 ———-

3574 2760 3726 2833 4⁹⁰.

2757 2931 2881 2997 LE
2926 2929 3574 3001 GOUVERNEUR
3618 2933 3745 3000 DE
3787 2930 4355 3000 NEUOHATEL
4401 2933 4532 3001 Au

3064 3037 3367 3119 SENAT
3407 3052 3536 3119 DE
3581 3051 4220 3121 STRASBOURG.

3428 3222 3638 3289 um
3678 3224 3846 3306 οιῄα.
3916 3266 3925 3276 .

2927 3393 3224 3461 (Archino
3258 3391 3328 3446 do
3363 3393 3729 3463 Stg‘l'homas.
3763 3394 3942 3449 ’1311811-
3974 3393 4059 3463 22,
4094 3395 4256 3449 liasse
4292 3394 4365 3463 1.)

2669 3591 2734 3656 A
2767 3590 3243 3675 Mag-nifioques
3274 3598 3345 3654 et
3377 3610 3496 3655 nez
3539 3589 4005 3657 treshonnorez
4040 3589 4399 3676 Seigneurs
4434 3592 4615 3660 Mes-

2668 3676 3011 3761 seigneurs
3052 3675 4036 3846 Lamantmeigggsettlzrgonseil
4094 3676 4175 3742 de
4230 3676 4297 3743 18
4341 3675 4489 3743 Oite
4530 3677 4615 3745 de

2837 3923 3314 4008 Magnifioques
3358 3932 3427 3988 et
3461 3922 3929 3989 treshonnorez
3982 3924 4339 4008 seigneurs.
4423 3925 4613 3994 Nous

2667 4030 2877 4075 avons
2941 4008 3230 4075 entendu
3298 4029 3423 4092 par
3489 4010 3558 4074 18
3607 4009 3992 4091 rescript-ion
4052 4008 4132 4073 de
4187 4010 4353 4075 Mre.
4401 4010 4608 4079 Guill.

2668 4095 2867 4160 Farel
2929 4101 3152 4160 nostre
3191 4101 3492 4177 pasteur‚
3545 4093 3925 4161 lassistanoe
3967 4114 4213 4177 quavez
4261 4095 4417 4160 faint
4460 4105 4613 4163 tant

2666 4200 2706 4246 a
2747 4201 2868 4246 8811
2909 4180 3246 4245 ministere
3282 4200 3532 4245 comme
3570 4199 3611 4243 a
3645 4200 3717 4245 sa
3751 4199 4094 4262 personne,
4140 4178 4300 4245 dont
4333 4181 4612 4266 grande-

2663 4272 2850 4330 ment
2892 4285 3053 4329 vous
3096 4265 3491 4331 remeroions
3532 4285 3697 4331 vous
3751 4265 3973 4348 priant
4013 4265 4095 4330 de
4135 4266 4286 4348 plus
4327 4287 4414 4331 en
4458 4268 4608 4353 plus

2664 4370 3062 4433 perseveret.
3146 4348 3281 4415 Car
3343 4360 3546 4433 quant
3600 4350 4071 4434 oongnoistriez
4134 4371 4260 4433 que
4317 4373 4609 4439 auryons

2662 4456 2932 4534 moyens
2973 4454 3142 4518 pour
3183 4436 3432 4502 soervir
3473 4455 3513 4499 a
3555 4436 4009 4502 lavansement
4047 4434 4127 4501 de
4169 4437 4499 4505 lhonneur
4540 4448 4607 4505 et

2660 4521 2866 4670 {lone
2903 4519 2984 4586 de
3018 4519 3193 4586 Dieu
3237 4530 3304 4586 et
3344 4541 3513 4605 pour
3553 4520 3619 4585 la
3651 4521 4108 4588 conservation
4142 4521 4231 4587 du
4268 4524 4607 4592 ministere

2706 4627 2743 4672 8
2784 4614 3007 4673 nostre
3049 4605 3149 4671 dit
3238 4612 3460 4671 asteur
3499 4625 3667 4688 pour
3703 4609 3891 4672 avoir
3933 4608 4285 4673 soertitude
4328 4609 4411 4675 de
4454 4608 4606 4678 doe-

2660 4692 2833 4757 trine
2875 4712 3037 4774 pure
3071 4699 3139 4756 et
3217 4712 3253 4756 e
3286 4691 3502 4757 bonne
3545 4692 4000 4757 conservation
4043 4714 4164 4758 noz
4205 4714 4373 4760 nous
4418 4695 4604 4764 voul-

2658 4778 2881 4842 drions
2925 4776 3103 4842 selon
3147 4785 3370 4842 nostre
3426 4776 3702 4860 pouvoir
3755 4778 4066 4861 emploier
4081 4828 4099 4858 ,
4150 4799 4319 4846 vous
4374 4782 4603 4865 prians

2657 4862 2740 4929 de
2782 4861 3038 4929 reoheff
3087 4863 3273 4929 avoir
3333 4869 3556 4927 nostre
3620 4861 3719 4926 dit
3777 4870 4045 4947 pasteur
4091 4886 4173 4929 en
4218 4866 4602 4950 singulliere

2656 4947 3279 5016 reoommandaeion.
3366 4946 3549 5013 Nous
3595 4948 3888 5014 ouffrans
3932 4971 4013 5014 en
4058 4950 4448 5018 semblables
4488 4973 4603 5020 eas

2655 5055 2739 5100 ou
2782 5034 2930 5118 plus
2961 5033 3221 5185 grands
3262 5033 3325 5098 le
3366 5052 3533 5099 vous
3569 5052 3811 5119 revoyr
3848 5040 3917 5100 et
3952 5035 4269 5119 gratiffier
4309 5057 4394 5102 en
4430 5059 4598 5105 nous

2654 5140 2957 5186 reeoman
3006 5142 3124 5186 ans
3201 5117 3657 5184 humblement
3734 5140 3772 5184 a
3848 5140 3969 5185 voz
4048 5121 4300 5186 bonnes
4370 5144 4599 5208 graues

2651 5207 2877 5290 priant
2898 5205 3089 5284 Dieu,
3124 5204 3599 5289 Magnifioques
3635 5214 3703 5271 et
3738 5206 4202 5272 treshonnorez
4236 5208 4596 5293 seigneurs,

2653 5313 2814 5359 vous
2857 5291 3107 5358 donner
3150 5288 3364 5356 bonne
3410 5299 3476 5356 et
3517 5292 3755 5376 longus
3798 5293 3921 5360 vie.
4003 5292 4270 5376 Esoript
4310 5316 4352 5360 8
4391 5295 4460 5360 N
4458 5296 4595 5361 euf-
