5050 6167
396 424 506 486 177

390 630 511 691 que
552 608 624 672 in
668 608 791 675 hoe
834 615 1013 675 totus
1055 618 1173 689 est,
1228 615 1308 674 ιιι
1348 630 1577 676 omnes
1620 610 1862 677 amicas
1905 611 2325 678 tractationes

434 691 733 758 mcidat.
823 692 957 760 Sed
1012 695 1135 760 hoe
1187 705 1429 778 postea.
1533 696 1775 762 Veneti
1829 718 2017 762 suum
2080 695 2327 762 habent

413 790 693 863 egatum‚
739 779 1153 863 splendidum
1198 781 1549 847 hominem.
1636 781 1891 865 Anqlus
1934 803 2090 848 vero
2132 803 2322 866 prae-

388 874 487 929 ter
524 864 927 931 ordinarium
965 887 1158 948 quem
1192 866 1435 933 habere
1468 866 1650 945 solet,
1712 868 2168 934 Vintoniensm
2200 869 2322 933 mi-

390 951 475 1014 sit
495 971 735 1034 magno
757 964 1093 1034 apparatu,
1130 952 1463 1018 hominem
1498 951 1582 1017 ad
1617 952 1937 1019 malitiam
1955 954 2150 1019 nimis
2172 975 2321 1019 acu-

390 1045 547 1100 tum.
617 1034 870 1102 Omitto
910 1036 1344 1121 Por-tuyallum
1385 1046 1455 1102 et
1496 1038 1797 1122 reliquos.
1865 1039 1928 1104 A
1972 1060 2126 1124 rege
2160 1059 2321 1122 quo-

387 1142 511 1203 que
556 1120 814 1186 Galliae
858 1130 959 1187 est
1003 1121 1267 1206 quidam
1326 1122 1539 1189 Velius
1563 1125 1646 1206 ¹⁰)
1704 1123 1896 1189 homo
1940 1122 2215 1189 stolidus
2255 1130 2323 1189 et

386 1206 813 1290 importunus.
926 1206 1146 1289 Quum
1205 1208 1544 1291 Principes
1610 1211 2015 1275 nominarem
2033 1262 2051 1290 ,
2118 1219 2321 1275 totam

387 1292 629 1358 faecem
674 1291 922 1358 ordinis
964 1293 1177 1377 pfafici
1222 1295 1527 1377 praeterii
1578 1304 1851 1378 excepto
1884 1316 2015 1360 uno
2059 1294 2322 1379 Momm·

386 1378 533 1443 tino·
625 1378 891 1444 Adsunt
946 1386 1166 1443 tamen
1225 1380 1507 1463 episcopi
1559 1380 1962 1463 frequentes,
2016 1381 2320 1464 Ratispo-

386 1463 633 1543 nensis,
680 1466 1122 1548 Augustanus,
1167 1463 1529 1546 Spirensis,
1575 1466 1969 1544 Bremensis,
2015 1465 2321 1532 88111001·-

470 1550 605 1614 0818
623 1601 639 1627 ,
697 1549 1113 1615 Brixinensis
1131 1600 1147 1629 ,
1206 1550 1749 1629 Wormaciensis,
1795 1552 2320 1636 Bambergensis,

464 1634 973 1714 eidelsemensis,
1000 1637 1083 1711 ¹¹)
1130 1646 1196 1701 et
1238 1636 1483 1718 aliquot
1525 1636 1653 1701 alii.
1725 1635 2043 1719 Superest
2084 1645 2160 1702 ut
2202 1636 2322 1702 tibi

383 1719 667 1785 scribam
724 1720 880 1804 quid
930 1721 1225 1785 futurum
1284 1722 1720 1805 suspicemur,
1788 1724 1840 1785 si
1908 1730 2128 1789 tamen
2188 1722 2322 1787 ullo

380 1803 577 1871 modo
620 1804 918 1871 divinare
961 1806 1131 1872 lieet.
1222 1806 1389 1871 Nam
1448 1827 1568 1891 ego
1624 1828 1759 1873 non
1804 1808 1960 1872 satis
2003 1817 2178 1873 certa
2220 1808 2322 1872 in-

383 1887 558 1957 dicia
599 1890 813 1969 video,
859 1912 945 1956 ex
989 1892 1221 1975 quibus
1266 1892 1437 1956 sumi
1480 1901 1726 1975 queant
1766 1890 2127 1975 probabiles
2170 1912 2323 1958 con-

379 1974 687 2042 iecturae.
797 1977 1185 2042 Nostrorum
1260 1978 1552 2042 omnium
1618 1978 1820 2042 animi
1901 1978 2326 2044 vehementer

383 2069 544 2126 sunt
607 2062 977 2128 exacerbati
1035 2061 1350 2128 adversus
1410 2062 1813 2128 Hemonam.
1914 2063 2087 2128 Nam
2143 2065 2323 2128 viru·

382 2146 767 2213 lent-issimis
800 2147 1037 2214 libellis
1072 2169 1182 2213 eos
1216 2146 1529 2230 proscidit
1562 2149 1758 2213 nimis
1803 2150 2124 2216 atrociter.
2190 2148 2324 2213 Ita-

383 2255 511 2317 que
544 2245 781 2318 rogant
805 2232 1168 2311 Caesarems
1194 2242 1271 2299 ut
1304 2255 1419 2317 pro
1454 2233 1925 2300 calumniatore
1960 2242 2321 2313 censeatur,

378 2320 436 2385 si
481 2328 886 2402 compertum
930 2318 1132 2383 fuerit
1172 2319 1391 2402 ipsum
1434 2318 2018 2404 impudentissimis
2057 2319 2323 2385 menda·

378 2406 499 2471 ciis
564 2427 791 2471 eorum
856 2405 1098 2470 famam
1163 2404 1498 2470 lacerasse.
1605 2404 1745 2471 Nec
1798 2403 1989 2471 video
2045 2405 2325 2487 qualiter

378 2490 560 2556 istud
609 2492 908 2574 componi
953 2500 1178 2574 queat,
1240 2491 1364 2555 nisi
1411 2490 1493 2556 ad
1536 2489 1842 2556 ordinum
1883 2491 2323 2574 cognitionem

378 2577 719 2642 referatur.
808 2575 955 2641 Iam
1013 2577 1187 2641 enim
1233 2576 1678 2660 Landyravius
1736 2576 2002 2661 negavit
2057 2574 2322 2642 Caesari

375 2682 446 2727 se
492 2683 839 2745 passurum
888 2670 962 2727 ut
996 2662 1435 2727 transactione
1480 2669 1594 2727 aut
1636 2659 1904 2727 arbitrio
1946 2671 2321 2727 controver-

377 2748 476 2813 sia
521 2747 684 2813 haec
727 2747 1011 2827 finiatur,
1056 2769 1141 2813 ne
1175 2745 1506 2813 Gaesarem
1548 2747 1809 2830 quidem
1853 2747 2071 2831 ipsum
2114 2746 2322 2814 voluit

373 2831 697 2898 arbitrum
739 2834 1042 2916 recipere.
1132 2833 1279 2899 Hoc
1311 2832 1851 2915 impedimentum
1893 2833 2164 2905 tametsi
2198 2834 2319 2897 mi-

374 2918 557 2983 nime
595 2917 860 2983 videtur
894 2918 976 2984 ad
1012 2938 1336 2984 summam
1371 2939 1586 2983 rerum
1623 2918 1977 3002 pertinere:
2014 2918 2319 3001 quoniam

380 3010 605 3069 tamen
648 3003 938 3070 turbabit
978 3004 1185 3083 initia,
1232 3002 1592 3070 verendum
1636 3009 1736 3069 est
1777 3011 1853 3068 ut
1894 3004 2179 3069 multum
2222 3004 2318 3068 of-

376 3089 576 3157 ficiat.
662 3089 808 3155 Iam
862 3090 1197 3175 negotium
1250 3089 1583 3173 religionis
1639 3089 1733 3156 sic
1775 3088 1990 3155 habet.
2083 3088 2319 3155 Cacsar

373 3175 533 3259 quia
568 3197 674 3241 res
709 3194 864 3241 suas
898 3176 1253 3260 plurimum
1286 3173 1635 3258 impeditas
1669 3176 1893 3252 cernit,
1936 3196 2065 3239 non
2109 3173 2317 3241 liben-

372 3268 477 3327 ter
524 3281 730 3326 novas
764 3260 886 3326 sibi
933 3261 1263 3327 molestias
1316 3259 1604 3327 accersit.
1693 3261 1910 3326 Timet
1948 3260 2317 3342 impressio-

370 3369 527 3413 nem
575 3346 936 3413 Turcieam.
1024 3347 1088 3411 A
1132 3366 1286 3430 rege
1330 3345 1586 3412 Galliae
1635 3353 1750 3411 aut
1791 3344 1988 3411 dubia
2030 3367 2158 3427 pax
2203 3355 2317 3410 aut

371 3434 589 3516 aperti
642 3431 799 3497 belli
853 3431 1233 3515 periculum.
1322 3429 1520 3512 Quan
1563 3452 1714 3496 uam
1771 3429 1851 3496 de
1894 3432 2108 3496 'Purea
2149 3431 2315 3496 varii

370 3537 675 3583 rumores
738 3516 1155 3601 dissipantur.
1252 3515 1479 3598 Quum
1606 3516 1956 3600 ungaricus
2008 3516 2119 3581 ille
2175 3536 2313 3581 mo-

370 3603 648 3682 nachus,
693 3602 806 3686 qui
846 3614 1100 3668 mortuo
1145 3603 1384 3668 Ioanne
1423 3622 1578 3686 rege
1620 3601 1849 3685 pupilli
1891 3601 2164 3666 tutelam
2209 3623 2313 3667 ar-

375 3689 614 3772 ripuit,
667 3708 861 3772 aegre
916 3686 1393 3755 Ferdinandum
1449 3688 1833 3767 sustineret,
1898 3686 2214 3752 auxilium
2274 3707 2315 3751 a

372 3775 596 3840 'ruma
636 3775 849 3857 petiit:
909 3773 1019 3840 ille
1073 3794 1207 3839 non
1260 3774 1387 3839 nisi
1444 3772 1717 3856 exiguas
1769 3772 1986 3855 copias
2029 3772 2315 3837 subsidio

371 3860 591 3937 misit,
668 3880 834 3942 quae
887 3859 1155 3924 Pestam
1224 3858 1616 3925 Fer-dinami
1679 3859 1908 3924 urbem
1972 3879 2315 3941 aggressae

371 3954 550 4012 sunt.
638 3944 815 4012 Urbs
866 3954 966 4009 est
1021 3944 1093 4008 in
1150 3945 1292 4029 ripa
1333 3944 1621 4010 Danubii
1666 3965 1703 4008 0
1747 3943 2012 4027 regione
2054 3943 2313 4008 Budas:

371 4030 454 4095 ad
505 4052 651 4096 eam
693 4029 1092 4096 obsidionem
1128 4029 1504 4095 solvendam
1538 4029 1726 4095 miles
1760 4028 2105 4113 colligitur.
2172 4029 2313 4093 Iam

373 4116 487 4181 alii
513 4117 797 4181 'furcam
844 4116 1056 4199 ipsum
1101 4113 1456 4180 adventare
1498 4115 1717 4180 ferunt
1757 4134 1993 4198 magno
2028 4114 2317 4179 exercitu

377 4212 447 4267 et
493 4210 840 4284 apparatu,
899 4200 1013 4265 alii
1070 4201 1242 4267 hune
1308 4202 1446 4266 eius
1502 4223 1541 4265 a
1591 4210 1887 4283 paratum
1931 4199 2147 4265 neseio
2191 4221 2316 4281 quo

375 4286 731 4352 domestico
771 4294 953 4351 motu
1011 4287 1211 4352 fuisse
1261 4286 1432 4352 inter
1568 4296 1748 4350 atum
1793 4293 2108 4350 asserunt.
2199 4285 2316 4349 Vi-

379 4370 681 4438 debimus
723 4380 944 4436 tamen
987 4370 1173 4436 brevi
1213 4371 1404 4453 quale
1442 4370 1608 4436 illud
1642 4373 1757 4435 sit:
1802 4392 1933 4435 non
1979 4372 2153 4436 enim
2198 4370 2316 4435 du·

373 4457 560 4523 bium
606 4457 730 4521 erit
772 4457 929 4540 quin
974 4455 1161 4522 valde
1207 4455 1381 4522 domi
1423 4458 1510 4523 sit
1550 4454 1919 4540 impeditus,
1975 4457 2031 4521 si
2072 4476 2113 4521 a
2153 4456 2315 4521 Wa-

376 4541 587 4609 lachis
631 4542 968 4608 abstineat.
1057 4542 1222 4608 Post
1275 4542 1701 4609 defectionem
1755 4562 1795 4606 a
1837 4541 1971 4607 suis
2014 4542 2315 4627 tyrannis

381 4626 453 4692 in
493 4628 638 4694 eius
692 4633 1116 4712 potestatem,
1172 4635 1246 4692 ut
1289 4627 1459 4694 nosti
1480 4679 1494 4706 ,
1552 4649 1622 4693 se
1680 4625 2103 4691 tradiderant.
2190 4627 2315 4692 Ille

382 4713 766 4779 Palatinum
810 4734 896 4779 ex
949 4735 1171 4779 eorum
1216 4715 1300 4779 sti
1464 4712 1892 4797 praefecerat,
1949 4711 2064 4777 sed
2107 4711 2315 4777 alum·

380 4820 547 4864 num
601 4818 824 4865 suum:
888 4799 1105 4866 nescio
1161 4800 1275 4883 qui
1441 4808 1579 4863 tum
1634 4799 1721 4862 sit
1738 4849 1753 4876 ,
1825 4805 1901 4862 ut
1969 4797 2110 4864 eius
2175 4819 2317 4864 sae-

382 4885 615 4950 vitiam
679 4885 935 4968 experti
1001 4894 1254 4951 tentare
1318 4892 1614 4950 extrema
1676 4883 2056 4963 maluerint,
2122 4904 2318 4965 quam

377 4971 500 5037 sub
544 4969 686 5036 eius
730 4970 1012 5036 dominio
1056 4990 1337 5036 manere.
1428 4969 1573 5035 Hae
1614 4968 1820 5054 igitur
1863 4969 2078 5034 hieme
2120 4967 2319 5035 truci-

378 5054 533 5122 dato
580 5055 886 5122 Palatino
948 5054 1259 5140 quidquid
1325 5057 1521 5122 etiam
1590 5057 1952 5122 'Parcarum
2013 5052 2186 5138 apud
2249 5074 2320 5120 se

591 5259 684 5325 10)
722 5259 825 5314 Du
864 5259 999 5315 Von'l.

588 5329 681 5393 11)
719 5328 862 5398 1090:
897 5327 1373 5384 Hildeshemensis.

591 5413 811 5471 Oalvim‘
839 5430 1021 5485 opera.
1105 5413 1216 5469 Vol.
1254 5413 1362 5468 XI.

2131 404 2285 489 1541
2338 423 2619 490 MART.

4240 434 4362 503 178

2426 612 2552 677 fuit
2585 612 3010 678 sustulerunt.
3077 613 3341 681 Novum
3375 616 3497 682 sibi
3521 617 3772 683 Ducem
3808 626 4130 697 crearunt,
4167 640 4362 702 quem

2425 696 2849 763 iureiurando
2894 698 3256 783 adegerunt
3310 700 3390 765 ad
3446 701 3915 785 promittendas
3959 725 4108 769 cum
4151 706 4364 771 'Purca

2427 790 2730 848 aeternas
2771 783 3167 850 inimicitias.
3256 785 3496 851 Arcem
3557 796 3956 869 occuparunt
4009 791 4364 857 munitissi-

2424 888 2632 945 mam,
2694 889 2888 950 quam
2946 870 3087 952 ipse
3150 871 3318 935 mira
3380 872 3708 937 eeleritate
3768 871 4223 940 aedificaverat
4277 875 4361 941 ad

2424 954 2592 1018 fines
2630 953 2960 1019 Poloniae.
3051 955 3243 1020 Hane
3289 956 3749 1022 contumeliam
3796 959 3850 1022 si
3897 979 4027 1024 non
4071 958 4361 1026 vindica-

2424 1039 2538 1116 bit,
2584 1040 2866 1105 sciemus
2900 1037 3054 1104 alibi
3090 1062 3230 1106 esse
3265 1053 3685 1125 occupatum:
3733 1052 3798 1107 et
3843 1044 4095 1108 utinam
4141 1046 4243 1123 sit,
4288 1053 4364 1110 ut

2424 1123 2583 1188 dum
2627 1124 2739 1188 1110
2783 1135 2972 1190 curat
3028 1146 3148 1189 sua
3199 1127 3478 1192 vulnera
3496 1179 3509 1201 ,
3565 1149 3681 1193 nos
3740 1130 3935 1210 spatii
3991 1129 4232 1213 aliquid
4259 1129 4362 1197 ¹ad

2423 1209 2820 1293 colligendas
2863 1220 3118 1276 mentes
3155 1231 3230 1276 ae
3264 1213 3438 1276 vires
3481 1213 3851 1279 habeamus.
3933 1214 4218 1281 Polonus
4261 1215 4361 1281 vi-

2423 1296 2608 1360 cinos
2652 1316 2803 1360 suos
2845 1295 3205 1361 Walachos
3261 1306 3480 1379 posset
3534 1300 3777 1381 optime
3834 1298 4173 1376 adiuvare,
4232 1301 4362 1365 nisi

2424 1381 2688 1446 Tartari
2750 1381 2889 1446 eius
2954 1402 3156 1465 regno
3227 1383 3486 1447 molesti
3549 1393 3798 1449 essent:
3865 1385 3979 1466 qui
4043 1385 4361 1468 superiori

2423 1464 2660 1551 hyeme
2699 1487 2973 1550 magnas
3011 1465 3286 1550 praedas
3328 1469 3547 1534 subita
3580 1469 3947 1535 incursione
3982 1469 4358 1555 abegerunt,

2423 1561 2491 1617 et
2548 1551 2857 1616 videntur
2912 1551 3080 1618 velle
3146 1573 3416 1636 pergere
3475 1554 3764 1619 ulterius.
3867 1553 4199 1638 Quidquid
4253 1558 4358 1637 sit,

2426 1636 2671 1703 Caesar
2704 1638 3127 1721 compositam
3165 1638 3405 1704 habere
3442 1638 3867 1705 Germaniam
3913 1641 4109 1724 cupit,
4155 1641 4360 1710 donee

2426 1722 2507 1788 ab
2543 1722 2672 1787 illis
2711 1744 2781 1788 se
2817 1723 3308 1789 difficultatibus
3342 1725 3743 1807 explicuerit,
3790 1746 3907 1791 nee
3942 1726 4109 1792 ullos
4142 1736 4360 1794 motus

2426 1808 2550 1874 hoc
2593 1818 2884 1893 tempore
2928 1808 3265 1887 excitabit,
3324 1811 3453 1874 nisi
3496 1832 3738 1894 magna
3781 1810 4062 1876 hostium
4107 1822 4360 1878 nostro·

2426 1914 2576 1957 rum
2617 1894 3116 1977 importunitate
3156 1895 3401 1961 invitus
3454 1896 3523 1959 in
3580 1897 3862 1979 aliquam
3906 1898 4361 1963 necessitatem

2512 1980 2866 2045 rtrahatur.
2947 1980 3172 2046 Nostri
3218 1980 3415 2046 semel
3451 1979 3849 2046 audientiam
3893 1981 4017 2047 sibi
4060 1984 4203 2048 fieri
4246 2003 4360 2049 vo-

2452 2073 2603 2128 unt:
2662 2064 2895 2131 deinde
2936 2067 3090 2148 quia
3134 2065 3382 2131 nullam
3423 2065 3623 2131 fidam
3667 2074 3781 2132 aut
3823 2066 4199 2132 diuturnam
4243 2088 4361 2150 pa-

2427 2168 2568 2214 cem
2611 2150 2748 2215 fore
2790 2162 3087 2234 sperant,
3145 2151 3273 2216 nisi
3315 2152 3666 2217 constituta
3717 2151 4054 2234 religionis
4096 2174 4361 2219 concor-

2425 2233 2563 2312 dia,
2619 2243 2686 2301 οι
2743 2234 3033 2301 eeclesiis
3087 2237 3155 2301 in
3211 2236 3503 2301 ordinem
3548 2236 3858 2313 reductis,
3919 2236 4244 2322 urgebunt
4287 2247 4362 2305 ut

2424 2318 2595 2386 hanc
2657 2321 2974 2386 actionem
3042 2319 3325 2387 Ordines
3390 2322 3558 2386 serio
3622 2322 3991 2405 suscipiant.
4094 2324 4360 2407 Alioqui

2425 2404 2594 2469 nihil
2641 2407 2851 2489 magis
2892 2408 3165 2490 eupiunt
3206 2428 3398 2489 quam
3443 2428 3669 2473 omnes
3712 2407 4143 2473 dissensiones
4184 2410 4360 2492 paci-

2423 2491 2620 2555 ficare
2654 2491 2794 2556 sine
2828 2491 3135 2569 tumultu,
3182 2512 3302 2558 nee
3344 2491 3589 2558 bellum
3624 2492 3813 2558 aliter
3849 2492 4119 2558 horrent
4160 2514 4362 2577 quam

2425 2586 2670 2641 certam
2715 2577 2964 2658 patriae
2998 2598 3153 2642 suae
3195 2577 3568 2660 perniciem.
3653 2578 3886 2660 Itaque
3928 2577 4137 2660 quoad
4180 2590 4361 2662 pote·

2425 2669 2583 2726 runt
2646 2681 2716 2726 se
2781 2682 2822 2725 a
2899 2661 3294 2726 turbulentis
3358 2663 3644 2729 consiliis
3710 2663 4138 2730 alienissimos
4216 2684 4360 2731 esse

2426 2746 2789 2812 ostendent.
2875 2747 3166 2813 Alterius
3217 2749 3424 2830 partis
3481 2749 3610 2813 tria
3665 2757 3820 2812 sunt
3862 2767 4134 2832 genera:
4201 2758 4360 2814 sunt

2423 2832 2600 2897 enim
2636 2833 2742 2914 qui
2763 2832 3104 2898 classicum
3127 2841 3388 2908 canunt,
3425 2853 3500 2897 ae
3533 2833 3753 2916 palam
3790 2833 4137 2909 insaniunt,
4180 2833 4355 2917 quod

2420 2938 2557 2982 non
2599 2918 2806 2999 primo
2850 2916 2954 2982 die
3002 2918 3410 3000 impetamur.
3495 2918 3714 2984 Huius
3757 2918 3982 2984 classis
4025 2919 4351 3001 principes

2422 3016 2580 3069 sunt
2623 3001 3057 3086 Μοριιηίίηαε,
3113 3002 3390 3083 Bavari,
3439 3002 3939 3069 Brunsvieensis
3982 3003 4354 3085 HemichuS,

2418 3096 2486 3154 οι
2524 3088 2665 3155 0108
2706 3087 2910 3153 frater
2957 3089 3295 3171 episcopus
3336 3085 3717 3154 Bremensis.
3805 3089 3939 3154 Alii
3990 3089 4145 3173 quia
4198 3109 4351 3156 con-

2415 3173 2661 3239 sultum
2695 3173 2946 3256 patriae
2987 3172 3238 3252 volunt,
3284 3173 3469 3239 euius
3506 3173 3847 3239 interitum
3888 3175 3998 3240 vel
4041 3175 4351 3260 gravissi-

2415 3279 2594 3324 mam
2646 3259 3086 3326 calamitatem
3149 3279 3225 3325 ae
3279 3259 3711 3326 vastationem
3768 3280 3808 3324 a
3861 3260 4033 3327 bello
4098 3260 4351 3345 prospi-

2416 3345 2618 3424 ciunt,
2662 3342 2791 3411 hue
2833 3346 3175 3412 conferunt
3206 3345 3429 3410 omnia
3469 3364 3589 3410 sua
3629 3344 3860 3425 studia,
3897 3352 3974 3410 ιιι
4013 3347 4158 3412 8100
4197 3346 4352 3413 reli-

2416 3430 2632 3515 gionis
2686 3431 3148 3497 constitutione
3213 3429 3678 3513 qualiscunque
3733 3449 3866 3512 pax
3921 3431 4052 3496 fiat.
4140 3432 4352 3498 Tertii

2415 3515 2817 3582 tolerabilem
2851 3515 3132 3599 aliquam
3173 3522 3239 3581 et
3273 3514 3602 3581 doctrinae
3636 3520 3704 3580 et
3738 3514 4113 3598 disciplinae
4147 3518 4350 3583 eccle-

2414 3603 2711 3667 siastieae
2752 3602 3214 3667 correctionem
3249 3600 3527 3666 libenter
3561 3598 4005 3665 admitterent:
4042 3601 4156 3667 sed
4191 3623 4350 3686 quo-

2415 3687 2594 3752 niam
2636 3686 2738 3752 vel
2785 3685 3076 3752 nondum
3131 3705 3412 3768 eousque
3468 3687 3792 3770 progressi
3837 3695 4025 3763 sunt,
4080 3694 4156 3751 ut
4196 3708 4348 3753 cau-

2414 3793 2554 3837 sam
2600 3773 2863 3855 penitus
2895 3771 3224 3857 cognitam
3259 3771 3558 3847 habeant,
3604 3771 3709 3836 vel
3753 3778 3911 3835 sunt
3945 3771 4161 3836 animo
4195 3771 4350 3837 sub-

2417 3859 2741 3934 missiore,
2795 3878 2988 3941 quam
3041 3866 3117 3921 ut
3171 3856 3312 3921 eius
3356 3855 3605 3922 consilii
3648 3862 3907 3922 autores
3947 3878 4017 3921 80
4059 3857 4351 3940 profiteri

2418 3941 2718 4022 audeant,
2764 3943 2858 4007 ita
2896 3964 2969 4009 se
3012 3950 3252 4026 gerunt
3308 3950 3383 4006 ut
3436 3940 3784 4005 videantur
3837 3941 4003 4006 nihil
4060 3942 4186 4007 nisi
4231 3964 4351 4026 pu-

2416 4029 2648 4093 blicam
2695 4027 3233 4110 tranquillitatem
3276 4046 3602 4109 quaerere.
3683 4025 3765 4090 In
3809 4046 3886 4091 00
3927 4025 4153 4092 ordine
4197 4035 4354 4093 sunt

2423 4113 2806 4180 Coloniensi&
2849 4122 2916 4179 et
2957 4113 3386 4195 Auyustanus‚
3430 4133 3511 4176 ex
3553 4132 3752 4196 grege
3796 4111 4208 4178 sacerdotali:
4268 4135 4352 4178 ex

2418 4197 2832 4282 Principibus
2889 4198 3078 4264 ambo
3121 4199 3353 4263 fratres
3402 4197 3709 4277 Palatini,
3774 4196 3926 4262 Otho
3969 4218 4194 4263 eorum
4239 4218 4354 4263 00-

2419 4306 2565 4369 pos,
2621 4293 2688 4349 et
2736 4285 3009 4349 fortasse
3063 4283 3223 4348 Dux
3282 4282 3606 4349 clivensis.
3706 4280 3839 4363 Qui
3896 4283 4162 4347 turbare
4215 4304 4355 4349 mo-

2418 4370 2687 4449 liuntur,
2724 4370 2874 4452 quia
2908 4369 3245 4452 pauciores
3280 4376 3435 4435 sunt
3468 4389 3756 4444 numero,
3794 4376 3861 4432 et
3893 4389 4118 4433 omnes
4151 4367 4356 4435 bonos

2418 4454 2543 4523 sibi
2575 4456 3009 4521 reclamantes
3043 4452 3307 4533 habent,
3344 4454 3458 4519 vix
3494 4460 3972 4535 consequentur
4008 4453 4178 4535 quod
4201 4473 4353 4537 cap-

2418 4549 2578 4606 tant.
2667 4539 2924 4606 Deinde
2972 4537 3267 4605 Caesaris
3311 4540 3586 4614 animus,
3642 4548 3719 4603 ut
3762 4537 3917 4614 dixi,
3964 4539 4228 4604 omnino
4272 4539 4356 4605 ad

2416 4647 2645 4712 pacem
2708 4626 3011 4704 inclinat,
3079 4625 3137 4692 si
3188 4625 3428 4709 poterit
3479 4622 3800 4702 obtinere,
3866 4634 3944 4689 ut
3999 4625 4239 4690 reiecto
4280 4625 4355 4689 in

2420 4710 2601 4778 aliud
2643 4721 2899 4796 tempus
2939 4710 3271 4795 religionis
3316 4708 3562 4788 stadie,
3617 4709 3740 4775 hoc
3792 4709 4012 4775 nervis
4053 4708 4355 4775 omnibus

2419 4795 2793 4865 contendet:
2841 4795 2956 4862 sed
2999 4797 3205 4861 nostri
3248 4817 3381 4862 non
3422 4794 3612 4862 facile
3655 4796 4084 4877 acquiescent,
4129 4802 4195 4859 et
4236 4794 4354 4859 ha-

2419 4881 2667 4949 bebunt
2721 4882 2928 4949 socios
2982 4883 3054 4947 in
3108 4879 3466 4966 flagitanda
3514 4879 3820 4947 eeclesiae
3875 4880 4352 4946 reformatione.

2422 4967 2554 5047 Sic,
2592 4969 2852 5033 tametsi
2888 4969 3147 5051 exigua,
3184 4967 3502 5033 nonnulla
3536 4976 3756 5031 tamen
3792 4988 3939 5050 spes
3974 4973 4074 5031 est
4107 4964 4355 5048 aliquid

2421 5052 2677 5138 agendi.
2785 5053 3021 5137 Legati
3085 5053 3420 5119 Pontificis
3494 5073 3611 5135 pro
3676 5050 3925 5116 solenni
3990 5072 4106 5115 suo
4170 5071 4355 5115 more

2421 5140 2676 5205 fortiter
2739 5137 3198 5217 adversantur,
3266 5159 3349 5203 ne
3413 5136 3879 5204 descendamus
3943 5136 4009 5199 in
4067 5134 4356 5218 aliquam

2422 5226 2772 5292 actionem:
2818 5231 3036 5291 aetum
3080 5226 3257 5289 enim
3301 5223 3381 5289 de
3425 5244 3625 5308 regno
3669 5243 3783 5288 suo
3823 5227 4076 5304 putant,
4120 5221 4174 5285 si
4219 5221 4357 5287 ulla

2424 5312 2504 5377 de
2547 5310 2864 5396 religione
2909 5310 3318 5395 disceptatio,
3376 5311 3433 5376 si
3487 5308 3873 5376 consultatio
3928 5305 4006 5371 de
4050 5306 4356 5375 ecelesiae
