5050 6167
380 421 453 483 33
2131 419 2294 482 1540
2338 416 2646 484 APRIL.

374 604 672 674 Sedanae
727 612 1004 671 exustus
1061 604 1200 670 fuit.
1304 605 1488 670 Haec
1545 606 1770 671 omnia
1813 603 2102 672 Domino
2145 626 2324 672 com-

374 693 695 759 mittenda
726 702 913 770 sunt,
970 707 1167 774 quem
1221 689 1537 757 debemus
1589 693 1840 774 precari
1898 713 1983 757 ne
2036 692 2326 775 patiatur

374 778 658 845 Galliam
680 779 1001 862 sanguine
1041 777 1492 842 innocentium
1529 779 1968 861 conspurcari‚
2014 778 2131 843 sed
2172 798 2325 861 pro-

372 865 571 949 pitius
607 861 723 929 det
763 873 840 927 ut
893 864 1118 947 agnita
1170 864 1453 928 veritate
1508 863 1732 929 foveat
1788 884 1957 947 quae
2013 871 2170 929 sunt
2226 865 2322 929 fo-

371 949 599 1016 venda.
687 948 964 1015 Dudum
1020 949 1348 1014 misissem
1407 948 1631 1014 literas
1691 948 2119 1031 Chri-stopho&
2171 969 2321 1014 cum

370 1035 447 1101 iis
490 1056 658 1118 quae
700 1054 838 1099 una
880 1035 1088 1111 misit,
1145 1034 1258 1099 sed
1315 1034 1592 1100 verebar
1643 1057 1728 1099 ne
1788 1056 1923 1099 non
1966 1035 2320 1101 redderen-

370 1129 505 1186 tur:
563 1129 903 1203 praeterea
958 1120 1101 1203 ipse
1156 1120 1331 1185 ferre
1371 1119 1809 1187 decreveram.
1897 1119 2153 1186 Verum
2196 1121 2320 1186 hos

368 1215 630 1284 nactus,
695 1207 857 1289 ipsis
920 1204 1185 1272 credidi.
1311 1207 1411 1271 Tu
1477 1208 1534 1270 si
1600 1208 1934 1289 exceperis
2001 1207 2315 1290 significa.

364 1292 604 1361 Plures
649 1290 800 1356 dedi
854 1291 936 1357 ad
998 1301 1063 1356 te
1118 1292 1377 1368 literas,
1441 1292 1555 1357 sed
1598 1294 1671 1357 in
1715 1294 1845 1357 tuis
1889 1313 2020 1357 non
2064 1290 2317 1359 indicas

366 1398 449 1443 an
474 1379 830 1462 exceperis.
893 1377 1146 1442 Vin-etus
1178 1398 1435 1460 quoque
1469 1379 1701 1443 referri
1719 1387 2004 1460 cuperet,
2051 1389 2126 1442 ut
2162 1398 2318 1443 suae

364 1465 611 1530 fuerint
661 1475 974 1546 exceptae
1033 1486 1074 1528 a
1133 1461 1446 1544 Capitone.
1546 1464 1841 1529 Iacobum
1894 1464 2317 1546 cupiebamus

363 1548 493 1616 huc
536 1561 914 1615 evocatum:
977 1560 1047 1613 at
1100 1559 1440 1631 postquam
1485 1552 1737 1616 occasio
1781 1570 1923 1615 sese
1968 1550 2077 1614 isti
2120 1550 2317 1614 offert

363 1634 612 1701 diutius
657 1636 804 1700 istic
839 1634 1098 1719 agendi,
1144 1655 1379 1700 vereor
1421 1657 1502 1700 ne
1548 1646 1849 1700 nostrum
1894 1634 2117 1700 audiat
2159 1656 2315 1701 con-

363 1722 605 1786 silium.
709 1720 982 1786 Invocet
1038 1719 1404 1785 Dominum
1460 1728 1536 1786 ιιι
1600 1720 1770 1803 quod
1834 1721 2155 1802 optimum
2214 1727 2317 1786 est

362 1815 654 1891 peragat.
745 1806 1010 1888 caspar,
1058 1815 1131 1869 ut
1171 1805 1301 1870 iam
1342 1805 1773 1886 subindicavi,
1818 1805 1901 1871 ad
1951 1806 2314 1872 russanum

362 1904 458 1958 est
507 1892 826 1975 impulsus
870 1913 987 1975 per
1032 1913 1151 1955 nos
1185 1891 1567 1957 concedere:
1614 1892 1983 1975 praefectus
2025 1898 2126 1956 cst
2159 1890 2313 1956 ludo

359 1978 671 2044 literario.
782 1978 934 2043 Non
1008 1998 1274 2060 prorsus
1339 1979 1508 2042 male
1574 1978 1944 2043 consultum
2007 1987 2107 2042 est
2168 1978 2310 2060 ipsi.

361 2063 582 2131 Comes
625 2085 755 2129 non
813 2063 1162 2129 infeliciter
1216 2064 1434 2147 pergit
1475 2064 1624 2128 iam.
1717 2064 1912 2129 Esset
1955 2061 2311 2128 admonen-

358 2149 483 2216 dus
532 2149 774 2216 Comes
824 2149 1200 2227 Guilelmus,
1261 2157 1338 2213 ut
1380 2150 1451 2213 in
1498 2149 1740 2214 dit-ione
1783 2169 1979 2233 quam
2025 2150 2312 2214 vicinam

356 2237 561 2302 habet
597 2235 1177 2319 Monbelgardensi
1210 2246 1470 2300 curaret
1512 2235 1983 2300 adnunciatum
2026 2255 2312 2319 evange-

353 2323 538 2388 lium.
650 2321 799 2387 Hac
871 2322 981 2386 via
1043 2320 1558 2405 Burgundiones
1754 2330 1903 2387 sent
1979 2319 2308 2386 lucrifieri.

352 2408 725 2475 Laborabis
769 2407 842 2471 in
886 2408 1010 2472 hoc
1051 2428 1275 2490 opere:
1334 2427 1489 2471 nam
1532 2427 1616 2472 au
1663 2407 1724 2471 io
1766 2406 1966 2471 nullis
2012 2425 2309 2471 rasorum

355 2494 559 2559 minis
603 2503 673 2558 et
714 2491 1099 2558 fulminibus
1139 2491 1425 2557 abarceri
1471 2512 1661 2575 posse
1712 2491 1796 2556 ab
1839 2492 2067 2557 auditu
2108 2513 2309 2557 evan-

434 2580 544 2657 lii,
603 2580 763 2662 quin
820 2580 1154 2644 confluant
1211 2576 1497 2642 audituri
1552 2578 1667 2643 ubi
1711 2577 2151 2643 adnunciatur
2192 2597 2311 2661 per

398 2667 676 2731 'tionem
735 2663 1014 2731 Comitis
1077 2664 1349 2747 Georyii.
1464 2662 1614 2744 Quo
1680 2664 1903 2728 minus
1966 2664 2312 2728 fructificat

354 2750 814 2835 evangelium,
868 2771 946 2815 eo
1001 2749 1214 2833 magis
1266 2749 1792 2815 contendendum
1843 2761 1945 2815 est
1997 2756 2074 2814 ut
2112 2749 2311 2814 latius

354 2847 778 2921 propagetur,
827 2844 902 2901 ut
944 2835 1212 2900 tandem
1253 2846 1498 2900 terram
1542 2836 1780 2900 bonam
1822 2836 2109 2900 fructum
2152 2834 2309 2899 affe·

352 2935 617 2989 rentem
660 2921 900 2989 alicubi
942 2942 1085 2987 esse
1120 2921 1481 2987 audiamus.
1543 2921 1708 2986 Tam
1748 2921 1945 3004 plena
1986 2930 2143 2986 sunt
2176 2919 2308 3002 spi-

354 3009 459 3073 nis
503 3008 733 3073 omnia
790 3016 863 3073 ut
916 3027 1140 3073 semen
1197 3008 1442 3089 passim
1499 3008 1852 3073 suffocetur
1906 3008 2126 3090 sicque
2169 3006 2310 3072 sine

355 3095 581 3160 fructu
625 3092 835 3160 cadat.
928 3093 1332 3175 Gapunctdue
1374 3091 1702 3159 laboravit
1752 3093 2020 3159 defluxu
2062 3092 2134 3157 in
2177 3091 2310 3174 spi-

355 3202 521 3245 nam
575 3179 781 3245 dorsi:
849 3179 1144 3246 nondum
1203 3179 1474 3244 sanitati
1537 3178 1732 3263 plene
1784 3188 1888 3244 est
1948 3180 2307 3244 restitutus.

356 3267 501 3331 Alii
548 3285 776 3331 omnes
819 3266 981 3332 satis
1003 3272 1179 3332 recte
1210 3266 1456 3331 valent.
1548 3264 1827 3330 Miehael
1865 3286 2078 3331 novus
2122 3271 2309 3347 pater

356 3350 647 3418 familias
692 3373 826 3417 non
869 3372 1101 3435 parum
1153 3363 1469 3436 gravatur
1523 3350 1877 3416 domestico
1919 3370 2141 3415 onere:
2216 3349 2309 3414 sic

360 3446 631 3504 exercet
687 3458 843 3502 eum
884 3437 1228 3503 Dominus.
1321 3435 1659 3504 cordatius
1710 3436 1998 3520 optimus
2056 3443 2155 3500 est
2195 3433 2308 3501 do-

356 3545 515 3590 mus
558 3533 840 3602 curator,
901 3531 978 3588 ut
1017 3524 1206 3589 nosti.
1294 3521 1497 3588 Valet
1549 3535 1617 3590 et
1664 3523 1884 3608 pergit
1935 3541 2057 3588 suo
2111 3540 2307 3585 more.

361 3606 547 3676 Sunt
580 3610 693 3692 qui
728 3609 1022 3692 cupiunt,
1058 3608 1506 3692 Burdegalam
1536 3617 1811 3693 repetat,
1856 3628 2037 3690 spem
2072 3605 2311 3672 facien-

358 3703 459 3762 tes
506 3715 789 3780 regnum
833 3694 1085 3760 Christi
1128 3694 1262 3761 illic
1304 3695 1401 3759 eri
1447 3693 1620 3760 endi.
1694 3694 1925 3760 Floret
1964 3692 2313 3777 collegium

357 3781 430 3845 in
475 3781 710 3859 literis,
754 3781 1139 3845 mussitatur
1180 3780 1378 3863 aliqui
1472 3779 1554 3846 de
1597 3781 1865 3865 pietate:
1912 3780 2034 3845 hoc
2077 3785 2314 3863 putant

359 3865 620 3950 grande
664 3865 928 3949 aliquid.
1019 3865 1241 3948 Rufus
1296 3875 1678 3950 praeceptor
1732 3886 1917 3931 meus
1961 3865 2172 3930 fertur
2211 3864 2313 3928 in-

361 3963 595 4018 tentus
629 3973 773 4017 esse
808 3949 1007 4017 verbo
1042 3950 1517 4030 adnunciando,
1554 3950 2003 4035 eleemosynis,
2041 3970 2116 4016 ac
2153 3948 2315 4015 edu-

358 4037 596 4103 candis
639 4037 884 4121 aliquot
939 4039 1010 4102 in
1055 4036 1277 4102 literis.
1366 4037 1569 4102 Faxit
1612 4036 1919 4102 Christus
1976 4046 2051 4102 ut
2093 4044 2315 4100 sancte

358 4135 619 4207 pergat.
726 4122 1098 4189 Vama
1132 4123 1298 4187 mire
1333 4122 1825 4188 commendatur
1867 4122 1949 4187 ob
1992 4123 2315 4204 interpre-

358 4211 687 4274 tationem
728 4208 925 4274 Pauli
968 4209 1190 4293 iugem
1209 4259 1225 4287 ,
1284 4229 1361 4275 ac
1413 4208 1602 4292 iuges
1659 4209 2019 4275 conciones.
2105 4208 2207 4272 'l'u
2251 4214 2319 4271 et

358 4295 474 4360 alii
524 4315 687 4377 quos
745 4295 1017 4376 potestis
1073 4314 1265 4359 nosse
1318 4294 1387 4358 in
1442 4315 1637 4378 opere
1697 4294 1967 4359 Domini
2024 4312 2314 4376 pergere,

360 4379 581 4446 literis
625 4401 735 4445 eos
779 4379 1026 4446 debetis
1070 4380 1422 4446 sollicitare
1462 4391 1538 4445 ut
1571 4380 1952 4463 diligentius
1985 4386 2055 4444 et
2088 4376 2317 4460 purius

359 4476 669 4551 pergant.
760 4463 1068 4530 Christus
1107 4464 1298 4531 Iesus
1355 4485 1581 4531 omnes
1624 4486 1781 4530 suae
1824 4465 2071 4549 gloriae
2114 4473 2190 4528 ut
2231 4484 2317 4527 ex

360 4553 592 4617 animo
635 4552 1002 4617 serviamus
1043 4551 1255 4617 faciat.
1334 4550 1441 4616 De
1465 4550 1742 4617 Genava
1783 4550 1954 4615 nihil
1996 4548 2160 4614 certi
2203 4569 2318 4613 au-

360 4635 495 4702 dio.
589 4637 916 4719 Cuperem
950 4637 1316 4703 admonitos
1355 4657 1580 4702 omnes
1621 4646 1887 4719 peccata
1929 4656 2049 4701 sua
2082 4654 2320 4718 agnos-

361 4731 618 4802 cerent,
666 4723 1024 4788 Dominum
1067 4731 1202 4788 toto
1244 4730 1504 4805 pectore
1539 4722 1940 4800 invocarent,
1986 4728 2053 4786 et
2086 4720 2158 4785 in
2182 4718 2319 4785 Do-

362 4809 555 4875 mino
614 4809 1058 4874 convenirent.
1161 4809 1257 4872 At
1319 4808 1444 4874 scis
1500 4827 1696 4890 quam
1759 4828 1994 4890 parum
2057 4806 2168 4889 pia
2232 4805 2323 4871 sit

363 4895 686 4961 Lutetiae
721 4892 814 4979 (⁴2)
861 4895 1012 4960 unic
1051 4893 1290 4959 rubrae
1334 4913 1409 4958 ac
1451 4893 1685 4957 viridis
1728 4893 2044 4972 factionis,
2083 4894 2152 4957 in
2198 4890 2321 4957 hoc

366 5002 517 5047 sese
560 4991 639 5045 ut
678 4988 1008 5058 tueantur,
1063 5000 1295 5044 rursus
1334 4979 1510 5044 inter
1552 4999 1622 5044 se
1666 4979 2103 5044 conflicturae.
2193 4978 2320 5042 Ta-

366 5087 530 5132 men
572 5065 643 5131 id
685 5065 883 5131 Pauli
928 5114 943 5130 .
990 5117 1006 5132 .
1052 5086 1169 5148 per
1212 5115 1226 5129 .
1274 5114 1289 5130 .
1337 5113 1353 5129 .
1396 5065 1633 5141 ionem,
1656 5067 1715 5142 ⁸)
1758 5063 1954 5129 modo
1997 5085 2130 5147 pax
2168 5084 2322 5128 con-

584 5339 647 5404 3)
681 5354 839 5396 voces
870 5338 1108 5393 mmm
1140 5336 1357 5392 dubiae.
1420 5409 1425 5412 Ἦ

595 5425 814 5481 caco-'m
844 5442 1033 5495 opem.
1123 5424 1233 5478 νοι.
1273 5424 1382 5477 xz.

4303 430 4396 495 34

2428 613 2636 672 staret
2676 606 2854 674 inter
2895 630 3023 686 eos,
3059 609 3224 675 mihi
3269 619 3441 676 esset
3482 611 3732 677 solatio,
3822 612 3959 679 Sed
3994 635 4197 699 quum
4231 638 4398 702 pec-

2426 699 2575 759 cata
2616 713 2737 760 nec
2782 706 3247 779 agnoscuntur,
3293 717 3413 762 nec
3457 697 3820 780 displicent,
3868 701 4056 767 Deus
4095 723 4231 768 non
4277 705 4390 768 in—

2429 785 2719 857 vocatur,
2765 782 2983 846 nescio
3028 782 3182 864 quid
3227 802 3490 866 sperare
3535 783 3824 849 debeam.
3912 786 4249 869 Propitius
4285 790 4381 854 sit

2424 865 2728 931 omnibus
2792 866 3091 932 coelestis
3153 879 3359 951 pater.
3461 868 3630 934 Vale
3696 889 3772 935 ac
3824 868 4187 938 Dominum
4255 895 4378 957 pro

2425 949 2613 1014 nobis
2658 971 2942 1034 precare.
3034 950 3267 1018 Saluta
3311 974 3568 1031 omnes,
3630 953 4004 1037 Capitonem,
4050 957 4378 1025 But-erum

2422 1036 2480 1099 si
2514 1034 2801 1112 redierit,
2845 1037 3211 1118 Sim-mium,
3250 1038 3612 1121 Bedrotum,
3660 1040 4018 1120 Claudium,
4058 1041 4376 1125 Iacobum,

2424 1140 2507 1184 ne
2564 1123 2836 1187 fratrem
2889 1131 3082 1188 tuum
3136 1133 3560 1207 praeteream.
3665 1125 3879 1191 Valde
3935 1128 4147 1210 placet
4201 1129 4376 1213 quod

2422 1206 2777 1289 Tigurinos
2820 1208 3028 1274 literis
3073 1212 3411 1277 convenis:
3471 1231 3702 1296 perge,
3758 1233 4014 1296 quaeso.
4120 1213 4375 1282 Omnes

2421 1292 2683 1357 salvum
2726 1303 2791 1358 te
2834 1315 2977 1359 esse
3021 1296 3311 1378 cupiunt.
3374 1296 3704 1376 Neocomi,
3760 1301 3852 1362 16.
3893 1300 4144 1382 Aprilis
4186 1306 4371 1367 1540.

2609 1378 2855 1446 Viridis
2900 1378 3139 1445 nebulo
3195 1381 3673 1465 perditissimus
3729 1384 3896 1449 mire
3949 1385 4225 1451 offendit
4266 1408 4374 1453 ec-

2418 1463 2685 1529 clesiam
2726 1477 2792 1530 et
2833 1467 3275 1532 ministerium
3320 1467 3725 1551 pessumdat:
3783 1478 4009 1535 tamen
4051 1472 4147 1536 ita
4184 1473 4374 1537 novit

2418 1571 2562 1615 sese
2606 1551 2944 1617 insinnare
2989 1561 3064 1616 ut
3104 1552 3455 1618 Ooneenum
3498 1565 3564 1620 et
3589 1554 3986 1622 Richardum
4027 1564 4214 1642 regat
4247 1578 4370 1640 pro

2416 1645 2601 1700 nutu.
2676 1636 2865 1702 Haec
2909 1635 3275 1718 Godrefinus
3313 1638 3690 1720 capum-uzo.
3759 1639 3979 1722 Quam
4024 1652 4185 1708 sunt
4228 1643 4372 1726 ple-

2415 1722 2604 1803 rique
2694 1732 2989 1788 amantes
3071 1723 3453 1807 pulponnm.
3591 1727 3918 1793 Dominus
3997 1728 4369 1812 prospiciat.

2418 1806 2614 1871 Certe
2672 1807 2984 1891 indignus
3037 1820 3140 1875 est
3194 1812 3307 1892 qui
3367 1832 3645 1894 usquam
3710 1821 3882 1896 agat.
3982 1814 4092 1878 Pii
4157 1814 4370 1898 negli-

2417 1901 2686 1974 guntur.
2776 1892 2911 1958 Sed
2955 1894 3111 1977 quid
3155 1902 3295 1961 tam
3338 1897 3548 1962 multa
3590 1897 3823 1979 quibus
3869 1898 4055 1964 obrui
4099 1908 4183 1964 te.
4262 1899 4367 1966 Ne

2416 1976 2511 2042 sic
2553 1977 2813 2060 quidem
2840 1978 3057 2044 Deum
3101 1981 3479 2047 invocamus
3522 1990 3597 2046 ιιι
3639 1982 3810 2049 adsit
3844 2006 4003 2050 suae
4038 1984 4372 2052 ecclesiae.

2417 2060 2612 2143 Quod
2655 2065 2820 2128 faxit
2862 2086 2985 2130 sua
3026 2066 3283 2150 ingenti
3327 2068 3637 2146 bonitate,
3684 2077 3760 2133 ut
3803 2080 3869 2134 et
3910 2070 4120 2135 faciet.

3675 2205 3979 2273 Farellus
4025 2217 4195 2274 tuus.

3322 2662 3466 2731 216.

2943 2816 3416 2886 OALVINUS
3464 2819 3834 2889 VIRE'I'O.

2412 2985 2987 3140 mCommendat
3039 2989 3195 3055 duos
3250 2991 3501 3056 iuvenes
3550 2993 3621 3056 in
3677 2992 4026 3058 Helvetium
4067 2992 4336 3074 proficis

2413 3246 2525 3313 (Ex
2578 3250 2789 3317 autogr.
2834 3247 2976 3300 Bibl.
3024 3245 3228 3300 Genev.
3278 3246 3409 3301 Ood.
3458 3245 3582 3313 106,
3637 3248 3730 3302 fol.
3775 3247 3860 3303 38.
3942 3250 4143 3304 Exstat
4192 3266 4360 3306 mauu

2409 3315 2694 3370 Ionvillaei
2727 3316 2902 3369 deseri
2944 3322 3001 3369 ta
3035 3315 3166 3369 ibid.
3204 3314 3333 3369 Ood.
3375 3315 3513 3369 111³.
3561 3317 3653 3371 fol.
3680 3316 3748 3371 36
3784 3334 3834 3371 v.
3905 3318 4236 3389 Apographa
4269 3336 4359 3373 re·

2412 3386 2656 3439 centiora
2690 3384 2858 3439 habes
2892 3386 2913 3438 i
2954 3384 3024 3437 id.
3063 3384 3194 3438 God.
3216 3383 3331 3449 111,
3368 3385 3461 3440 fol.
3495 3384 3579 3440 32.
3635 3387 3858 3440 Archiv.
3876 3388 4042 3442 Bern.
4063 3389 4206 3458 Epp.
4227 3388 4355 3443 Vn.

2434 3463 2445 3474 ’
2987 3470 3041 3523 p.
3075 3452 3180 3507 846
3213 3460 3271 3507 et
3305 3453 3501 3508 Simler
3537 3456 3643 3509 vol.
3679 3453 3792 3522 48.)

2414 3639 2689 3725 Optimo
2721 3642 2911 3708 fratri
2946 3663 3093 3708 meo
3115 3643 3314 3709 Petro
3334 3643 3587 3723 Vireto,
3625 3645 4124 3712 Lausannensis
4162 3646 4374 3712 eccle-

3038 3730 3172 3794 siae
3210 3730 3508 3795 ministro
3553 3728 3748 3795 fideli.

2589 3864 2828 3930 Gratia
2880 3863 3152 3930 Domini
3208 3874 3441 3931 tecum.
3544 3865 3721 3948 Quia
3786 3866 3856 3930 hi
3916 3866 4044 3931 duo
4100 3867 4372 3933 invenes

2418 3950 2611 4016 valde
2652 3950 3065 4015 familiariter
3108 3963 3174 4014 et
3217 3952 3424 4016 amice
3469 3953 3786 4018 vixerunt
3826 3972 4101 4030 mecum,
4161 3954 4371 4019 maior

2417 4037 2637 4115 etiam,
2683 4038 2794 4118 qui
2840 4045 3063 4100 notam
3099 4037 3272 4120 gerit
3304 4038 3372 4101 in
3411 4038 3617 4116 ocule,
3663 4038 4208 4115 coniunctissime,
4253 4059 4373 4103 no·

2418 4121 2512 4187 lui
2558 4122 2937 4205 permittere
2977 4128 3057 4184 ut
3095 4121 3323 4186 urbem
3360 4133 3648 4188 vestram
3685 4124 4121 4206 praeterirent
4167 4131 4233 4188 te
4267 4124 4374 4187 in-

2418 4207 2699 4274 salutato
2718 4259 2733 4285 ,
2786 4208 3027 4291 partim
3086 4215 3160 4271 ut
3201 4216 3267 4271 te
3310 4208 3630 4286 viderent,
3687 4230 3762 4274 ac
3807 4209 3862 4272 si
3907 4209 4002 4273 ita
4044 4209 4213 4273 ferat
4254 4228 4371 4292 op-

2419 4294 2794 4378 portunitas
2838 4292 3130 4357 taedium
3187 4293 3302 4356 fati
3350 4294 3762 4376 ationemque
3806 4315 3889 4357 ex
3933 4294 4170 4358 itinere
4213 4314 4370 4360 con-

2422 4385 2705 4444 tractam
2765 4377 3085 4460 colloquio
3138 4386 3251 4443 tuo
3331 4387 3629 4458 evarent,
3692 4379 3934 4462 partim
3990 4388 4067 4443 ut
4120 4400 4230 4445 eos
4289 4377 4371 4445 de

2422 4472 2603 4530 statu
2647 4473 2868 4529 nostro
2909 4484 3134 4546 posses
3191 4465 3598 4548 interrogare
3616 4515 3632 4543 ,
3689 4486 3765 4531 ac
3818 4461 4014 4530 rebus
4068 4465 4374 4530 omnibus

2424 4570 2591 4633 quae
2633 4549 2743 4615 hic
2784 4557 3091 4634 aguntur.
3151 4549 3323 4614 Nam
3363 4551 3526 4614 nihil
3562 4557 3665 4615 est
3700 4548 3877 4633 quod
3911 4571 4046 4614 non
4082 4556 4371 4629 teneant,

2423 4645 2492 4701 et
2535 4656 2670 4700 non
2713 4634 3169 4700 detrectabunt
3201 4637 3319 4701 tibi
3355 4634 3618 4713 referre,
3663 4634 3983 4718 siquidem
4028 4656 4146 4718 per
4187 4656 4372 4701 occa—

2423 4723 2673 4787 sionem
2716 4721 2970 4786 itineris
3012 4720 3245 4786 licebit.
3333 4720 3416 4785 Id
3460 4721 3743 4803 excipio,
3803 4722 3953 4804 quia
3990 4743 4123 4786 non
4167 4720 4370 4786 liben-

2424 4817 2528 4873 ter
2572 4828 2734 4891 quos
2779 4807 2956 4871 nacti
3010 4812 3194 4892 sunt·
3223 4807 3492 4871 comites
3550 4806 3856 4890 deserent
3907 4815 4173 4890 propter
4230 4806 4368 4871 via-

2424 4915 2574 4959 rum
2618 4892 3120 4958 difficultatem.'
3181 4891 3529 4958 Caeterum
3574 4891 3748 4975 quod
3779 4891 3979 4957 *nihil
4022 4893 4135 4958 abs
4178 4899 4244 4955 te
4286 4890 4371 4955 li-

2424 4987 2719 5045 terarum
2761 4978 2891 5044 reci
2939 4977 3019 5058 io,
3070 4985 3139 5043 et
3179 4977 3342 5043 mihi
3389 4978 3855 5061 permolestum
3898 4984 4000 5043 est
4039 4985 4108 5043 et
4148 4984 4374 5042 nostra

2427 5064 2720 5131 amicitia
2771 5064 2877 5130 val
2926 5083 2964 5128 c
3023 5063 3331 5129 alienum.
3417 5062 3705 5130 Proinde
3762 5062 3915 5129 vide
3967 5069 4046 5127 ut
4100 5060 4376 5142 posthac

2429 5151 2519 5216 si‘s
2564 5151 2689 5216 hac
2732 5151 2805 5214 in
2847 5159 3033 5233 parte
3076 5149 3423 5216 officiosior
3466 5150 3687 5229 solite,
3732 5149 3858 5214 nisi
3899 5148 4001 5213 vis
4044 5146 4211 5210 mihi
4253 5168 4390 5214 ex·-

2430 5236 2802 5320 postulandi
2845 5241 3135 5310 causam*
3161 5233 3337 5322 dare.
3429 5235 3664 5302 Saluta
3712 5233 3876 5298 mihi
3916 5231 4376 5299 amantissime

2430 5322 2716 5407 collegas
2757 5330 2907 5387 tuos
2955 5317 3249 5388 comitem
3292 5330 3362 5386 et
3407 5321 3725 5398 Iacobum,
3788 5318 4160 5400 Cornelium,
4208 5317 4392 5386 Gon—
