5050 6167
687 415 814 477 4⁷9
2227 401 2752 472 EPISTOLAE
2796 406 2915 467 441
2932 407 3138 469 —443
4556 408 4680 470 480

681 628 2629 654 -——-———--——————-————

854 683 1044 766 Quae
1097 688 1172 747 tu
1229 681 1437 747 obiter
1492 681 1821 746 annotasti
1865 680 1945 746 de
1987 679 2177 744 Italis
2219 678 2371 757 illis,
2416 699 2495 744 ea
2537 679 2632 744 sic

680 772 957 838 habent:
1011 768 1218 832 Venit
1269 768 1342 831 in
1384 768 1687 850 Augusto
1731 787 1814 831 ex
1856 765 2053 830 Italia
2096 765 2419 847 Capucini
2457 763 2630 829 ordi-

680 857 787 923 nis
830 856 906 936 (ii
952 853 1369 921 desciverunt
1411 873 1450 917 a
1482 853 1941 918 Francisoanis
1976 872 2091 917 seu
2135 851 2214 916 ab
2252 849 2631 916 Observan-

680 942 854 1008 tibus
896 952 1125 1006 autore
1146 938 1549 1005 Bernardino
1573 938 1621 1023 ¹)
1645 935 1929 1003 Senensi
1962 936 2047 1001 ad
2090 937 2414 1002 austerius
2458 937 2632 1002 vitae

680 1028 918 1115 genus)
973 1024 1334 1091 monachus
1390 1023 1559 1089 vasti
1613 1023 1899 1106 corporis
1955 1022 2394 1105 HieronymuS‚
2415 1023 2474 1104 ²)
2518 1043 2628 1087 cu-

679 1113 854 1182 culla
924 1119 991 1176 et
1053 1110 1470 1177 monstrifera
1534 1117 1717 1174 veste
1782 1107 1995 1173 adhuc
2058 1116 2297 1186 tectus,
2364 1108 2632 1190 cupiens

649 1199 961 1281 'colloqui
1002 1216 1257 1262 mecum
1295 1194 1375 1260 de
1410 1194 1700 1260 articulis
1738 1193 2074 1277 religionis
2109 1201 2390 1258 nostrae.
2457 1193 2632 1258 Nam

682 1285 937 1350 dicebat
970 1304 1039 1348 se
1073 1282 1277 1347 libros
1312 1300 1490 1345 meos
1524 1280 1592 1344 in
1614 1279 1810 1344 Italia
1845 1278 2131 1362 adeoque
2174 1281 2243 1343 in
2283 1279 2425 1361 ipsa
2467 1279 2632 1344 urbe

680 1369 956 1452 Neapoli
991 1368 1246 1451 legisse,
1293 1387 1470 1431 nunc
1502 1373 1726 1430 autem
1768 1365 2272 1447 persequutione
2307 1365 2632 1447 pontificis

679 1456 943 1540 pulsum
983 1453 1069 1517 ad
1089 1474 1194 1517 me
1228 1451 1615 1535 confugisse,
1657 1448 2031 1515 conferendi
2065 1450 2146 1514 (16
2165 1449 2393 1515 multis
2415 1470 2628 1515 causa.

681 1540 928 1624 Recepi
972 1558 1093 1622 ego
1137 1537 1468 1603 hominem
1513 1543 1581 1601 et
1623 1535 1844 1601 audivi
1881 1536 2326 1619 disputantem
2371 1556 2633 1601 summa

729 1624 1033 1692 atientia:
1109 1621 1413 1706 respondi
1475 1621 1634 1687 item
1700 1631 2021 1704 quantum
2084 1621 2250 1686 mihi
2314 1621 2633 1687 concessit

680 1649 954 1778 bomini
1008 1710 1238 1792 gratia.
1328 1707 1508 1788 Quid
1574 1707 1842 1773 multis?
1917 1706 2355 1790 Deprehendo
2408 1707 2632 1772 virum

681 1818 828 1864 esse
892 1796 1051 1862 satis
1110 1794 1372 1860 doctum
1431 1801 1499 1858 et
1560 1792 2057 1876 integerrimum
2123 1793 2301 1858 alias.
2406 1792 2633 1873 Quum

680 1884 901 1966 itaque
959 1901 1079 1964 per
1133 1900 1424 1945 mensem
1479 1879 1614 1943 fere
1667 1879 1976 1944 aluissem
2031 1880 2364 1956 miserum,
2424 1877 2633 1943 literis

684 1966 1212 2037 commendatum
1266 1973 1335 2030 et
1386 1965 1621 2030 viatico
1675 1965 2069 2030 instructum
2138 1965 2292 2029 misi
2342 1962 2633 2042 Curiam,

681 2056 739 2121 si
783 2054 946 2119 forte
987 2051 1274 2116 hominis
1330 2050 1584 2115 italicae
1639 2050 1906 2134 linguae
1950 2051 2142 2134 periti
2186 2050 2419 2134 aliquis
2462 2050 2635 2114 foret

680 2140 754 2204 in
795 2137 1157 2203 ministerio
1199 2135 1579 2220 evangelico
1622 2157 1800 2202 usus.
1894 2135 2141 2202 Verum
2186 2158 2321 2201 non
2377 2134 2635 2200 invenit

678 2225 899 2291 locum
942 2220 1353 2290 commodum
1396 2221 1672 2303 ideoque
1716 2221 1925 2287 rediit.
2013 2221 2276 2287 Interea
2319 2219 2475 2285 dum
2517 2220 2632 2286 ille

680 2310 883 2388 abest,
945 2309 1127 2375 venit
1180 2306 1391 2390 primo
1450 2305 1693 2374 Coelius
1746 2306 2011 2389 quidam
2062 2307 2395 2384 Secunda-9,
2425 2309 2483 2381 ⁸)
2532 2306 2634 2371 vir

679 2394 925 2460 latinae
967 2405 1033 2460 et
1073 2413 1345 2477 graecae
1387 2393 1654 2476 linguae
1696 2391 2125 2471 doctissimus,
2172 2402 2238 2457 et
2279 2393 2347 2456 in
2392 2393 2632 2474 pietate

680 2502 756 2547 ac
820 2481 1001 2546 omni
1063 2479 1405 2544 literarum
1470 2499 1710 2562 genere
1783 2479 2229 2561 peritissimus.
2352 2476 2634 2559 Quaerit

681 2587 901 2632 annon
960 2565 1384 2647 Hieronymus
1438 2563 1702 2646 quidam
1759 2563 1841 2629 ad
1899 2584 2006 2628 me
2071 2563 2329 2628 venerit
2382 2571 2448 2629 et
2504 2585 2630 2646 quo

680 2651 960 2718 abierit?
1064 2650 1343 2733 Expone
1401 2650 1622 2731 itaque
1679 2649 1742 2713 ei
1799 2648 1972 2733 quod
2029 2648 2364 2715 acciderat.
2468 2650 2631 2714 Mox

677 2738 981 2822 intelligo
1024 2743 1092 2801 et
1133 2734 1311 2801 1111116
1355 2735 1620 2817 pulsum
1656 2754 1799 2800 esse
1833 2735 2032 2800 Italia
2065 2757 2140 2801 ac
2178 2734 2399 2800 sedem
2434 2755 2629 2817 quae-

679 2846 826 2890 rere
883 2823 1096 2888 aliam.
1202 2818 1462 2886 Suadeo
1529 2821 1748 2903 itaque
1811 2829 1887 2886 ut
1940 2822 2231 2886 Bernam
2298 2821 2626 2887 concedat.

680 2907 1102 2991 Obsequitur,
1164 2927 1238 2971 ac
1292 2906 1501 2970 literis
1520 2904 1578 2991 ⁴)
1636 2906 2005 2990 viaticoque
2061 2906 2426 2973 instructus
2481 2915 2631 2989 post

679 2996 930 3079 aliquot
987 2992 1128 3058 dies
1182 2992 1478 3056 Bernam
1541 2992 1693 3057 abit.
1804 2992 2353 3058 Commendaram
2410 2993 2630 3075 ipsum

679 3081 933 3147 consuli
977 3087 1046 3143 et
1080 3078 1496 3160 optimatibus
1532 3077 1921 3159 quibusdam
1954 3079 2421 3155 Bernensibus‚
2470 3099 2628 3161 quo-

678 3189 829 3232 rum
872 3184 1071 3247 opera
1112 3164 1359 3229 factum
1404 3171 1477 3226 ut
1516 3183 1672 3227 mox
1723 3162 1982 3229 66110166
2025 3164 2220 3229 fuerit
2262 3165 2631 3248 praefectus

678 3248 1175 3327 Lausannensi,
1248 3250 1321 3312 in
1385 3269 1512 3332 qua
1576 3248 1973 3332 theologiam
2037 3249 2233 3316 simul
2297 3259 2365 3316 et
2427 3251 2632 3315 bonas

677 3337 904 3401 literas
968 3335 1373 3417 profiteatur.
1482 3333 1547 3397 N
1549 3355 1656 3398 am
1723 3335 1934 3401 Ticini
1998 3336 2285 3418 primum
2310 3388 2326 3414 ,
2394 3333 2631 3400 deinde

677 3421 1000 3497 Venetiis,
1044 3418 1404 3484 Mediolani
1448 3420 1606 3483 item
1650 3427 1717 3485 et
1759 3430 2085 3502 postremo
2119 3422 2342 3488 Lucae
2385 3423 2459 3486 in
2492 3420 2631 3485 Ita·

677 3507 771 3571 lia
812 3507 1019 3571 bonas
1062 3512 1130 3569 et
1215 3504 1314 3568 ias
1355 3504 1581 3570 literas
1640 3506 1959 3572 hactenus
2000 3507 2258 3591 publice
2301 3508 2629 3591 professus

677 3601 798 3658 est.
917 3590 1102 3656 Haec
1214 3611 1326 3655 um
1389 3591 1578 3670 fiunt,
1645 3591 1830 3657 adest
1871 3600 1963 3658 *et
2024 3595 2108 3659 D.
2177 3592 2632 3658 Ber-nardinus

678 3676 997 3744 Senensis
1016 3727 1033 3755 ,
1104 3675 1211 3740 vir
1273 3676 1554 3761 insignis
1620 3679 2052 3745 sanctimonia
2114 3686 2182 3744 et
2242 3677 2626 3754 eruditione,

677 3760 1095 3829 venerandus
1160 3783 1364 3827 senex
1418 3769 1485 3827 et
1547 3785 1771 3841 canus,
1837 3785 2144 3847 procerae
2210 3773 2499 3830 staturae
2564 3772 2631 3829 et

677 3850 914 3913 miram
950 3868 1107 3930 prae
1141 3869 1213 3912 se
1247 3847 1464 3914 ferens
1499 3851 1925 3916 maiestatem.
1999 3850 2421 3916 Instruxerat
2449 3850 2629 3916 hunc

713 4227 843 4286 441.
885 4226 940 4293 1)
977 4223 1092 4278 Hic
1125 4228 1278 4277 errat
1311 4222 1400 4278 vir
1433 4240 1695 4278 summus.
1757 4199 2171 4293 Capucz‘ssnormn
2194 4225 2440 4278 ordinem
2462 4213 2626 4278 insti-

676 4296 787 4350 anit
821 4293 1145 4348 Matthaeus
1189 4293 1365 4346 Bassi
1413 4308 1458 4346 c.
1508 4293 1661 4372 15976,
1712 4295 1789 4348 ad
1834 4309 1970 4373 quos
2022 4293 2268 4348 Ochinus
2312 4294 2529 4347 demwn
2572 4310 2625 4373 ᾳ.

679 4363 815 4444 1ξ134
848 4362 1113 4442 ,tranum
1172 4377 1434 4439 manum
1479 4361 1695 4417 ordtm’s
1733 4363 2085 4431 praestdium
2132 4368 2184 4417 et
2230 4363 2394 4416 decus
2444 4368 2497 4417 et
2544 4363 2627 4416 bts

676 4448 942 4554 manag)
956 4429 1474 4579 yspwmmeraltfqilmffiss
1436 4435 1488 4484 et
1518 4430 1728 4567 ἐρὸἒὲρίε
1767 4460 1950 4579 falsas
1997 4505 2049 4553 et
2086 4505 2218 4568 post
2261 4515 2383 4552 eum
2428 4498 2622 4553 Pasta-

677 4569 884 4623 lozzius
919 4569 1244 4634 (Buaaner.
1282 4567 1408 4632 259)
1442 4567 1661 4633 fasciam
1699 4568 2049 4638 Capuanum
2083 4583 2206 4622 oum
2241 4569 2363 4622 albo
2401 4567 2622 4649 Carme-

673 4637 1054 4776 1111..
1093 4636 2264 4774 ΜΜΜὛΜααοἭᾞΜΨ
2286 4637 2625 4785 aasz.

674 4776 843 4830 multo
880 4775 1069 4856 ‘serius
1113 4791 1195 4854 m·
1219 4775 1528 4855 Heluetium
1575 4782 1737 4830 vemt.
1804 4776 2000 4856 ‘Hanc
2048 4791 2176 4830 vero
2220 4775 2625 4857 Haeronymam

677 4846 1025 4914 Capuanum
1059 4843 1195 4897 alibz
1228 4845 1447 4898 obmum
1491 4861 1608 4899 non
1640 4845 1954 4911 habmmus,
2001 4861 2133 4898 nam
2179 4844 2407 4898 mandem
2448 4845 2626 4911 fmsse

672 4930 744 4969 ac
777 4913 857 4968 H.
895 4912 1227 4967 Marianum
1277 4913 1744 4969 Mediolmaemem
1780 4916 1869 4982 (ae
1905 4930 2011 4983 quo
2047 4931 2098 4967 v.
2141 4914 2388 4968 Tremel
2415 4914 2505 4968 II.
2534 4914 2623 4982 77)
2675 4891 2679 4976 1

672 4984 832 5038 nobis
863 4999 982 5038 non
1056 4982 1426 5036 ersuademus.

881 5053 941 5112 3)
1075 5050 1085 5062 ‘
1121 5067 1174 5104 m
1208 5051 1298 5104 hic
1317 5051 1588 5105 Noeta-um
1605 5053 1867 5106 memoria
1887 5051 2143 5119 fefellisse
2159 5052 2396 5107 videtur.
2452 5051 2625 5106 Curio
2674 5075 2679 5134 Ι

674 5122 822 5175 enim
855 5123 971 5175 iam
1003 5120 1178 5174 melio
1213 5135 1393 5174 mense
1411 5122 1505 5174 Aa
1689 5122 1882 5176 Tin-ici
1907 5123 2096 5188 fuerat
2132 5122 2238 5180 (N.
2258 5121 2379 5189 415,
2408 5127 2522 5174 not.
2543 5121 2623 5181 3).

880 5190 941 5248 4)
978 5190 1054 5244 ad
1105 5190 1191 5243 Io.
1243 5189 1460 5243 Francae
1563 5190 1869 5258 aeqelinum
1916 5191 2187 5245 consident
2238 5196 2289 5245 et
2333 5191 2626 5246 Halkrum

674 5258 1084 5314 theanum-ium
1120 5258 1394 5322 (Schmidt
1426 5259 1539 5314 ZS.
1573 5261 1616 5326 t.
1652 5260 1777 5313 hist.
1821 5260 1997 5314 Theoi.
2041 5260 2212 5324 1860.)

881 5329 940 5394 5)
984 5327 1139 5396 Quae
1169 5328 1406 5384 illustris
1436 5328 1659 5395 samaia
1691 5329 1960 5384 Ochinwm
1992 5330 2234 5384 mammo
2266 5329 2460 5395 favore
2486 5343 2623 5397 pro·

2734 589 3039 673 princeps
3098 592 3424 657 Ascanius
3480 590 3563 656 de
3633 590 3939 657 Columna
3954 594 4015 675 ⁵)
4081 592 4297 676 equis,
4359 593 4683 659 ministris

2735 684 2802 740 et
2846 676 3098 741 viatico,
3186 677 3442 742 Mansit
3484 676 3658 760 apud
3702 699 3823 743 nos
3864 700 3983 761 per
4024 678 4313 758 biduum,
4364 679 4446 745 de
4489 679 4684 746 rebus

2735 761 3072 843 religionis
3092 763 3431 828 nobiscum
3452 764 3875 845 colloquutus.
3932 765 4179 832 Brevia
4209 768 4394 833 nobis
4428 776 4683 851 aposto·

2734 846 2860 912 lica
2923 847 3259 930 complura
3323 848 3704 930 exhibebat,
3772 872 3937 934 quae
4002 872 4042 916 a
4104 854 4408 936 pontifice
4472 853 4683 920 Paulo

2735 941 3094 1015 acceperat,
3137 933 3403 999 iubente
3445 935 3632 999 illum
3680 937 3893 1021 primo
3936 938 4388 1019 Ianuensibus,
4449 939 4685 1007 deinde

2733 1017 3160 1098 Florentinis,
3227 1019 3382 1085 inde
3438 1021 3712 1087 Venetis
3775 1023 4168 1106 praedicare.
4276 1025 4404 1091 Ubi
4462 1035 4684 1091 autem

2734 1105 3046 1169 sensisset
3098 1106 3316 1187 ipsum
3376 1105 3720 1172 Christum
3772 1108 4180 1191 praedicare,
4239 1111 4441 1176 misso
4494 1112 4686 1177 brevi

2736 1189 3087 1272 apostolico
3153 1191 3434 1256 Romam
3498 1193 3718 1275 ipsum
3784 1205 4036 1260 evocat:
4105 1196 4241 1261 abit
4307 1198 4411 1261 vir
4473 1198 4681 1276 fortis,

2735 1273 2851 1340 sed
2892 1275 3267 1341 Florentiae
3324 1278 3708 1361 prohibetur
3765 1287 3833 1346 et
3884 1282 3953 1345 in
4020 1281 4450 1348 Germaniam
4503 1283 4684 1349 able-

2735 1370 2929 1445 gatur
2994 1383 3034 1425 a
3093 1363 3249 1445 piis,
3316 1364 3812 1447 perhibentibus
3872 1367 4125 1432 Romae
4189 1378 4491 1450 paratum
4556 1370 4687 1452 ipsi

2734 1456 2988 1513 certum
3034 1449 3329 1514 exitium.
3419 1449 3604 1515 Abiit
3658 1472 3813 1535 ergo
3859 1450 4200 1518 Genevam
4245 1452 4532 1533 tandem,
4590 1455 4686 1522 ibi

2736 1534 2871 1599 suis
2915 1536 3283 1617 sumptibus
3330 1535 3640 1612 victurus,
3700 1547 3969 1621 propter
4014 1537 4249 1603 Italiae
4305 1541 4683 1607 confinium.

2734 1618 2944 1684 Curat
2984 1628 3208 1685 autem
3252 1619 3571 1702 plurimos
3606 1623 3770 1705 11116)
3814 1644 4149 1689 sermones
4192 1624 4411 1691 italica
4452 1626 4687 1710 lingua

2733 1705 3010 1787 scriptos
3053 1706 3341 1789 imprimi
3385 1716 3451 1771 et
3493 1707 3645 1773 inde
3690 1711 4119 1791 transportari
4162 1710 4236 1774 in
4278 1710 4564 1790 Italiam,
4606 1720 4686 1777 ut

2734 1812 2853 1875 per
2890 1791 3135 1875 scripta
3177 1790 3451 1857 audiant
3490 1794 3601 1876 qui
3644 1815 3865 1859 coram
3915 1811 3981 1860 et
4022 1796 4182 1860 viva
4222 1818 4380 1861 voce
4423 1799 4683 1864 concio-

2733 1884 3005 1941 nantem
3073 1876 3298 1942 audire
3363 1900 3495 1943 non
3560 1889 3851 1962 possunt.
3972 1881 4196 1947 Habet
4262 1892 4483 1947 autem
4549 1905 4686 1949 non

2732 1962 3062 2027 immerito
3107 1964 3467 2028 maximam
3512 1965 3684 2048 apud
3729 1965 3932 2031 Italos
3976 1987 4202 2033 omnes
4243 1970 4683 2050 autoritatem,

2734 2048 2866 2113 imo
2929 2049 3147 2131 ipsum
3210 2071 3410 2132 prope
3475 2072 3593 2133 pro
3660 2051 3810 2117 divo
3865 2052 4344 2119 exosculantur.
4456 2055 4686 2122 Habes

2735 2134 2841 2199 hic
2921 2134 3146 2199 decem
3224 2136 3362 2200 eius
3427 2157 3759 2203 sermones
3823 2137 4136 2204 Genevae
4198 2139 4553 2222 impressos
4619 2150 4688 2207 et

2735 2219 3178 2303 superioribus
3222 2219 3449 2287 diebus
3494 2222 3576 2288 ad
3619 2243 3741 2288 nos
3784 2245 3902 2305 per
3942 2224 4162 2305 ipsum
4211 2225 4463 2304 missos,
4521 2247 4687 2309 quos

2735 2304 2850 2369 tibi
2895 2307 3504 2389 interpretabuntur
3556 2310 3664 2391 qui
3732 2309 3903 2391 apud
3959 2317 4027 2375 te
4079 2319 4237 2375 sunt
4286 2320 4687 2380 mercatores

2733 2391 2989 2456 italicae
3032 2392 3301 2476 linguae
3344 2395 3555 2475 periti.
3644 2395 3807 2460 Post
3846 2415 4139 2461 mensem
4196 2397 4368 2462 redit
4419 2419 4456 2462 e
4498 2399 4685 2464 Lau-

2736 2499 2945 2543 sanna
2992 2477 3254 2557 Coelius,
3309 2478 3576 2544 Italiam
3629 2479 3845 2545 denuo
3900 2481 4337 2565 ingressurus,
4394 2492 4471 2548 ut
4528 2483 4689 2551 inde

2734 2573 2918 2629 curet
2958 2564 3032 2628 in
3072 2564 3500 2629 Germaniam
3534 2569 3970 2649 transportari
4007 2588 4274 2633 uxorem
4315 2589 4389 2634 ac
4424 2568 4688 2636 liberos.

2735 2649 2904 2717 Orat
2937 2650 3217 2733 principi
3255 2651 3533 2716 scribam
3572 2651 3934 2730 Ferrariae,
3973 2673 4139 2734 quae
4174 2654 4479 2719 Ludovici
4508 2656 4691 2740 regis

2732 2736 3054 2801 Franciae
3099 2736 3237 2800 filia
3271 2743 3386 2802 est.
3477 2736 3819 2821 Obsequor
3863 2760 3938 2804 ac
3979 2738 4277 2804 inhortor
4319 2741 4690 2824 principem

2733 2821 2817 2886 ad
2852 2822 3184 2905 pietatem,
3230 2831 3297 2887 et
3340 2829 3415 2886 ut
3452 2822 3675 2907 pulsos
3716 2832 3984 2907 propter
4018 2823 4355 2891 Christum
4396 2827 4689 2910 benigne

2733 2910 2964 2974 foveat.
3056 2905 3246 2972 Addo
3289 2929 3548 2987 munus,
3593 2912 4091 2976 commentarios
4141 2932 4320 2977 111606
4376 2913 4447 2976 111
4505 2914 4689 2978 Mat·

2732 2993 3020 3073 thaeum,
3075 2993 3308 3075 quibus
3363 2995 3642 3078 acceptis
3701 2995 4065 3079 accingitur
4120 2998 4340 3062 itineri
4394 3017 4469 3063 66
4524 2999 4686 3064 61111.

2734 3080 2871 3143 Vix
2913 3078 3024 3143 ille
3069 3080 3333 3156 abierat,
3357 3081 3412 3161 ⁷)
3461 3101 3544 3145 en
3587 3080 3771 3146 venit
3816 3081 4044 3147 Petrus
4086 3082 4356 3166 Martm,
4402 3092 4691 3167 quatuor

2733 3166 3064 3242 advectus,
3112 3163 3284 3248 quod
3328 3164 3457 3232 dici
3499 3167 3678 3246 solet,
3720 3168 3921 3250 equis,
3981 3167 4211 3252 pulsus
4250 3179 4318 3234 et
4357 3171 4499 3252 ipse
4540 3169 4689 3235 Ita·

2734 3251 2840 3316 lia.
2929 3250 3091 3315 Fuit
3132 3252 3190 3316 is
3233 3253 3643 3335 praepositus
3695 3252 3920 3319 Lucae
3975 3263 4043 3319 et
4098 3254 4319 3321 Abbas
4371 3256 4691 3339 Neapoli-

2733 3344 2962 3415 tanus,
3006 3335 3256 3401 ordinis
3299 3337 3372 3401 ni
3414 3337 3604 3403 fallor
3646 3338 4336 3407 Praemonstratensis.
4423 3342 4692 3408 Habuit

2734 3423 2981 3489 socium
3024 3423 3279 3488 itineris
3325 3421 3601 3489 Paulam
3615 3424 3677 3507 3)
3720 3425 4064 3507 quendam,
4121 3426 4338 3491 virum
4385 3426 4690 3494 doctissi-

2734 3529 2948 3574 mum:
3004 3508 3145 3591 ipse
3200 3530 3357 3573 vero
3417 3509 3643 3575 doctus
3701 3519 3802 3575 est
3855 3510 4058 3578 latine
4102 3534 4333 3597 graece
4376 3512 4691 3581 hebraice

2733 3603 2800 3659 et
2841 3593 3256 3660 mediocriter
3297 3594 3645 3675 chaldaice,
3698 3598 3801 3662 vir
3858 3597 4189 3664 humanus
4247 3599 4557 3683 eloquens
4621 3607 4693 3666 61

2733 3680 2896 3763 111116.
2997 3678 3345 3745 Consultat
3410 3688 3479 3745 et
3540 3681 3648 3746 hic
3711 3702 3842 3765 quo
3907 3705 4056 3750 cum
4120 3684 4311 3751 sociis
4377 3684 4688 3752 divertat.

2733 3766 2961 3831 Placet
3014 3765 3307 3845 Basilea,
3367 3766 3423 3831 si
3474 3767 3641 3832 forte
3693 3767 3871 3834 locus
3928 3770 4026 3835 illi
4083 3771 4274 3836 detur
4330 3771 4692 3854 profitendi

2731 3852 3003 3934 publice.
3092 3851 3277 3917 Haec
3332 3873 3459 3934 quo
3512 3854 3754 3919 rectius
3806 3855 4136 3941 intelligas
4191 3856 4397 3923 adieci
4436 3857 4691 3940 episto·

2733 3938 2862 4002 lam
2908 3937 3048 4002 eius
3091 3959 3131 4001 a
3173 3937 3441 4003 Basilea
3484 3939 3567 4004 ad
3605 3962 3712 4005 me
3769 3943 4081 4025 scriptam
4124 3962 4320 4025 quam
4363 3944 4689 4011 remittes.

2732 4023 2802 4089 Is
2845 4044 3023 4088 nunc
3065 4024 3584 4107 Argentoratum
3651 4034 3755 4091 est
3796 4039 4067 4094 vocatus
4128 4037 4196 4092 et
4257 4028 4411 4093 data
4467 4038 4570 4094 est
4624 4031 4691 4096 ei

2732 4107 3150 4192 praelegendi
3194 4108 3452 4192 publice
3509 4111 3774 4178 functio.
3863 4112 4155 4180 Bucco-us
4195 4135 4355 4181 vero
4397 4116 4498 4179 20.
4545 4115 4613 4179 Ν
4614 4137 4690 4182 o-

2731 4196 3017 4260 vembris
3053 4195 3291 4260 ascitus
3335 4216 3375 4260 a
3413 4195 3785 4265 Coloniensi
3827 4200 4124 4283 6111660110
4166 4199 4328 4278 abiit
4368 4201 4688 4266 reforma-

2731 4289 2921 4346 turus
2979 4281 3143 4346 forte
3187 4282 3596 4364 episcopatus
3653 4284 3831 4351 illius
3883 4286 4132 4370 aliquot
4182 4286 4402 4365 urbes,
4464 4284 4689 4352 Osna·

2730 4366 2967 4444 bruck,
3036 4365 3416 4432 Paderborn
3473 4377 3592 4435 616.
3682 4367 3848 4435 Sero
3901 4382 4120 4436 autem
4179 4372 4374 4436 rediit
4434 4369 4689 4440 Coelius

2730 4474 2815 4517 ex
2858 4451 3072 4529 Italia,
3120 4451 3454 4518 advehens
3498 4475 3718 4521 secum
3762 4477 4035 4521 uxorem
4080 4466 4149 4522 et
4188 4457 4446 4537 liberos,
4513 4460 4689 4524 mira

2730 4536 2809 4603 de
2847 4539 3346 4621 persequutione
3390 4541 3717 4622 pontificis
3759 4544 4067 4609 referens.
4133 4544 4383 4610 Attulit
4424 4565 4685 4629 quoque

2730 4919 2963 4983 sequuta
2996 4918 3132 4967 erat.
3207 4913 3288 4979 C'f.
3326 4913 3546 4968 MUrie
3580 4933 3631 4980 p.
3671 4915 3786 4970 109.
3830 4917 3942 4970 160.
4013 4920 4323 4974 Ascanium
4360 4922 4515 4976 illum
4550 4928 4685 4978 sumt

2731 4984 2829 5053 qui
2863 4982 3095 5036 eundem
3130 4981 3319 5036 dwamt
3352 4997 3421 5036 ao
3456 4983 3794 5039 cardinalem
3832 5002 3987 5054 quem
4024 4988 4240 5043 Paulus
4273 4991 4400 5046 III.
4420 4992 4685 5048 Venetias

2730 5068 2787 5106 sc
2820 5053 3065 5175 recipere
3099 5052 3287 5121 comit,
3324 5051 3513 5106 Iulias
3546 5053 3627 5107 II
3625 5054 3677 5107 1.
3714 5053 3949 5111 Romam
3974 5059 4268 5112 revocavit.

2977 5129 2993 5186 )
3030 5121 3145 5174 loco
3180 5126 3363 5174 tamen
3395 5137 3510 5175 non
3540 5122 3804 5178 indicato.

2936 5190 2996 5254 7)
3035 5189 3301 5257 Schmidt,
3347 5189 3611 5260 Vermiyli
3638 5209 3697 5261 p.
3734 5193 3801 5247 47
3850 5193 3912 5248 id
3949 5194 4226 5263 postridie
4266 5196 4477 5263 factum
4524 5198 4679 5267 dicit,

2728 5264 2859 5314 teste
2890 5265 3075 5314 tamen
3115 5273 3229 5312 non
3260 5258 3447 5314 allato.

2934 5328 2993 5390 8)
3034 5327 3342 5382 Lao-isium.
