5050 6167
408 437 527 498 469

407 622 625 690 omnia
664 620 908 687 habere
949 620 1180 704 putet?
1270 619 1446 703 Quia
1499 643 1631 688 non
1683 622 2076 688 dominatur.
2168 626 2263 689 At
2304 625 2362 690 si

537 728 607 773 es
649 728 758 773 me
799 707 890 773 sit
929 706 1215 790 eligendi
1259 716 1562 790 potestas,
1622 729 1709 773 ne
1748 708 2055 774 infimum
2097 710 2361 792 quidem

433 814 620 859 ocum
661 793 763 858 illi
805 792 1081 858 daturus
1123 794 1268 859 sim.
1358 794 1585 876 Nuper
1640 796 1775 860 suis
1832 795 2363 860 musitationibus

410 881 714 945 effecerat
752 885 832 944 ut
872 878 1003 943 duo
1046 885 1163 944 aut
1203 888 1339 946 tres
1370 888 1737 962 praetorem
1778 901 1850 945 se
1891 881 2176 946 facturos
2209 902 2361 964 pro-

409 965 751 1031 mitterent
797 985 1113 1029 socerum.
1202 962 1354 1046 Quo
1419 986 1526 1030 res
1568 965 1982 1048 procederet,
2047 967 2364 1051 vulgabat

408 1071 739 1117 rumorem
781 1051 968 1133 quasi
1020 1048 1102 1114 de
1157 1071 1229 1115 re
1282 1052 1412 1116 iam
1458 1053 1768 1116 confecta.
1856 1051 2061 1134 Atqui
2104 1052 2174 1117 in
2216 1050 2361 1117 Du-

409 1137 617 1203 centis
673 1144 810 1201 tres
865 1137 1133 1200 fuerunt
1189 1135 1537 1215 duntaxat,
1597 1159 1682 1201 ex
1724 1138 1959 1220 quibus
2005 1139 2146 1220 ipse
2188 1159 2362 1203 unus

409 1230 568 1299 erat,
611 1223 724 1305 qui
768 1242 920 1286 eum
962 1222 1385 1286 nominarint.
1477 1223 1560 1286 In
1617 1222 1806 1305 plebe
1864 1223 2118 1288 nullum
2164 1223 2245 1288 de
2287 1244 2363 1288 eo

408 1308 703 1374 verbum.
792 1307 1034 1373 Postea
1089 1306 1169 1372 de
1226 1309 1522 1375 novitate
1580 1309 1915 1373 electionis
1971 1317 2365 1391 conquestus

408 1403 529 1460 est.
618 1392 891 1476 Aliquid
944 1394 1119 1458 enim
1176 1414 1263 1458 ex
1316 1394 1529 1459 veteri
1580 1395 1715 1458 ritu
1758 1403 2087 1459 mutatum
2131 1396 2362 1472 fuerat,

408 1478 527 1545 sed
570 1486 725 1544 ante
778 1478 925 1562 lege
967 1478 1381 1562 promulgata
1422 1487 1491 1545 et
1540 1489 1820 1563 recepta.
1910 1478 2086 1560 Quid
2126 1478 2370 1562 plura‘I.

406 1565 629 1630 Homo
668 1572 771 1629 est
822 1564 1257 1643 turbulentus,
1313 1573 1390 1630 ιιι
1442 1565 1637 1644 nosti,
1696 1565 1800 1630 cui
1843 1585 2094 1630 morem
2134 1585 2364 1649 gerere

407 1650 542 1716 nisi
579 1650 804 1714 omnia
835 1648 1161 1714 turbando
1196 1671 1532 1733 nequeam.
1600 1650 1822 1715 Alium
1848 1650 2052 1735 igitur
2073 1658 2360 1735 quaerat.

581 1736 770 1801 Beue
791 1733 844 1820 ⁷)
888 1734 1055 1808 vale,
1109 1735 1311 1800 stater
1353 1736 1706 1816 carissime,
1764 1757 1917 1802 cum
1960 1746 2076 1801 tua
2115 1737 2367 1802 familia

410 1831 478 1888 et
537 1821 873 1887 fratribus.
958 1822 1181 1886 Nostri
1238 1829 1305 1886 te
1358 1822 1679 1902 salutant,
1738 1823 2124 1905 praesertim
2175 1823 2363 1887 Geni-

406 1909 669 1987 stonius,
733 1907 842 1971 cui
905 1913 1062 1971 nata
1119 1915 1264 1971 erat
1327 1907 1604 1990 septimo
1656 1928 1882 1973 mense
1940 1908 2144 1974 filiola
2198 1930 2366 1991 quae

407 1994 611 2059 tertio
666 1990 771 2057 die
813 1992 1125 2076 migravit
1166 1991 1251 2057 ad
1293 1993 1672 2058 Dominum.
1763 1994 2103 2077 Puerpera
2145 1996 2365 2079 gravi-

404 2086 512 2145 ter
569 2077 923 2158 laboravit‚
987 2077 1104 2143 sed
1160 2099 1339 2144 nunc
1394 2080 1604 2144 evasit
1656 2080 2015 2163 periculum
2075 2088 2144 2144 et
2206 2081 2367 2146 satis

407 2164 717 2231 alacriter
759 2185 829 2231 se
872 2163 1087 2231 habet.
1170 2163 1357 2230 Uxor
1398 2184 1546 2229 mea
1587 2172 1656 2230 te
1697 2165 2060 2247 plurimum
2102 2166 2363 2232 salutat.

406 2249 739 2422 Domimg?
780 2271 1008 2316 omnes
1067 2270 1178 2315 vos
1221 2259 1581 2316 conservet
1670 2251 1838 2317 Vale
1880 2251 2141 2317 iterum.
2230 2253 2366 2319 Ge-

406 2358 637 2404 nevae.

1327 2473 1609 2539 Ioannes
1652 2474 1978 2542 Calvinus
2020 2485 2194 2544 tuus.

1322 3104 1472 3176 437.

910 3240 1392 3309 SULZERUS
1439 3242 1875 3310 GALVINO.

595 3411 1041 3495 QuaeBemae
1065 3415 1390 3498 prooeimis
1423 3414 1737 3480 mansibus
1767 3419 1907 3481 ada
1935 3417 2128 3499 fuere,
2164 3416 2370 3498 quoad

406 3500 857 3566 ministrorum
1334 3502 1344 3513 '
1485 3504 1543 3566 et
1584 3507 1869 3584 excusem,
1930 3503 2134 3585 quoad
2174 3505 2371 3589 mapi-

406 3590 688 3652 stratum
721 3586 1033 3668 vituperat
1072 3592 1129 3653 a
1160 3587 1460 3670 deplorat.

730 3757 843 3824 (Ex
878 3758 1214 3842 qntogmpho
1249 3758 1381 3814 Ood.
1417 3758 1622 3814 Gener.
1662 3757 1780 3826 112,
1816 3758 1906 3813 fol.
1942 3758 2054 3825 96.)

408 3962 584 4029 Viro
628 3962 1005 4030 doctissimo
1059 3965 1463 4047 pientissimo
1506 3965 1591 4029 D.
1637 3964 1875 4030 Ioanni
1919 3964 2195 4031 Calvino
2238 3966 2372 4032 Ge-

409 4049 733 4118 nevensis
775 4049 1084 4116 ecclesiae
1117 4052 1399 4151 antistiti
1433 4051 1835 4135 praeceptori
1881 4058 1947 4114 et
1986 4051 2192 4117 amico
2236 4052 2371 4117 sin-

1136 4156 1471 4201 conselmo
1515 4158 1651 4202 suc.

589 4269 661 4338 S.
708 4271 938 4338 Serius
979 4272 1328 4354 postremis
1369 4272 1501 4338 illis
1543 4273 1720 4338 tuis¹
1805 4271 2183 4356 respondeo,
2224 4279 2370 4337 tum

404 4357 590 4442 quod
623 4359 880 4424 interea
918 4358 1038 4424 vix
1075 4378 1364 4441 unquam
1396 4359 1592 4424 firma
1623 4359 1718 4423 mi
1772 4359 1784 4372 ‘
1812 4357 2120 4425 valetudo
2155 4358 2370 4437 fuerit,

404 4465 587 4545 quae
619 4442 912 4594 drqffirtqt
938 4444 1199 4594 pffiirtg,
1214 4443 1480 4593 *partim
1517 4443 1793 4596 pituiltae
1829 4443 2370 4594 {⁰⁵5¹}35035bq3

403 4551 537 4681 ῗῖιῗε
567 4550 987 4682 Ἒᾱοηῖιιῖθ
1007 4549 1328 4680 ιοᾱᾱὲιῗπ
1351 4551 1466 4682 gi„
1489 4551 1790 4682 ⁰2¹3.ssAEss
1852 4550 2209 4698 &baffio
2230 4551 2372 4680 Ἓξ

402 4702 744 4768 Dominus
801 4722 938 4767 non
990 4723 1123 4767 uno
1167 4701 1536 4776 afflictionis
1578 4722 1836 4786 genere.
1924 4701 2102 4766 Eum
2143 4722 2373 4784 precor

403 4796 487 4852 ut
530 4796 759 4872 parcat
800 4795 866 4853 et
908 4787 1191 4872 gratiam
1234 4787 1571 4872 largiatur,
1615 4787 1729 4871 qui
1773 4787 1952 4853 solus
1983 4786 2174 4853 novit
2207 4786 2369 4853 haec

627 5080 685 5146 7)
723 5080 822 5162 Εω
871 5077 979 5133 hac
1029 5078 1432 5160 subscriptione
1488 5079 1643 5133 Besa
1703 5076 1842 5133 duos
1900 5081 2119 5131 tantm
2174 5091 2367 5132 verm

401 5156 684 5286 MW'S)
720 5219 917 5273 Mense
945 5154 1297 5273 ‘ztvwembn
1319 5215 1457 5272 1542
1509 5220 1760 5285 veram
1800 5215 2065 5284 eoo-aptam
2108 5227 2224 5268 esse
2271 5212 2362 5268 de-

403 5292 728 5343 nomm
760 5302 903 5356 quae
935 5285 1004 5341 de
1038 5286 1279 5342 &mone
1311 5286 1494 5354 refert.

442 5356 586 5417 4³7.
626 5359 678 5422 l)
714 5354 1028 5425 deperditis.

1960 439 2124 500 1542
2165 433 2865 504 Nov.-DEOEMB.

4290 446 4425 509 4⁷0

2463 644 2691 690 amara
2732 625 3034 690 uberiore
3074 624 3535 692 consolationis
3579 645 3736 692 suae
3778 626 4124 694 dulcedine
4169 639 4423 714 tempe-

2463 729 2630 776 rare.
2705 708 2901 789 Quod
2944 710 3360 793 potissimum
3403 711 3474 775 in
3511 713 3761 778 actione
3795 722 4025 780 nostra
4067 714 4417 796 desideras,

2464 802 2696 861 contra
2776 793 3131 876 δημαγωγὸν
3207 805 3499 862 nostram
3577 797 3811 883 synodi
3888 800 4418 883 postulationem,

2464 901 2749 964 agnosco
2793 883 3087 946 animum
3130 883 3649 966 sententiamque
3703 891 3905 963 tuam,
3962 906 4093 968 qua
4133 888 4420 954 meritis-

2464 968 2631 1032 simo
2672 965 3140 1034 ecclesiasticas
3175 970 3648 1034 controversias
3691 968 3775 1034 ad
3819 970 4183 1054 legitimum
4218 973 4421 1039 etiam

2463 1052 2755 1117 tribunal
2811 1053 3027 1118 vocari
3089 1053 3267 1132 velis,
3334 1074 3681 1137 coramque
3739 1055 4012 1139 synodis
4069 1056 4280 1123 decidi
4336 1058 4420 1124 de

2465 1139 2683 1204 causis
2736 1137 3104 1221 religionis,
3161 1149 3238 1203 ut
3297 1159 3573 1222 quarum
3630 1141 3761 1204 iam
3815 1140 3970 1206 inde
4026 1163 4066 1206 a
4107 1151 4421 1210 nascente

2466 1219 2740 1289 ecclesia
2790 1244 3051 1305 semper
3113 1224 3314 1289 fuerit
3365 1233 3779 1291 sacrosancta
3842 1227 4017 1291 inter
4079 1227 4421 1295 credentes

2466 1311 2798 1374 autoritas.
2888 1311 3108 1392 Atque
3159 1331 3239 1374 ea
3295 1317 3554 1375 tantum
3612 1308 3795 1375 abest
3851 1319 3926 1376 ut
3978 1333 4018 1376 a
4071 1314 4258 1380 nobis
4312 1314 4425 1382 vel

2467 1401 2689 1477 spreta
2733 1394 2838 1460 vel
2880 1395 3179 1478 neglecta
3220 1395 3327 1474 sit,
3382 1403 3459 1461 ut
3500 1396 3630 1462 iam
3675 1395 3829 1461 inde
3873 1398 3998 1464 sub
4042 1399 4420 1483 tragoediae

2467 1479 2666 1544 huius
2718 1481 2979 1545 initium
3022 1480 3192 1545 nihil
3235 1481 3423 1546 nobis
3476 1483 3744 1565 gravius
3787 1482 4208 1565 acerbiusque
4251 1486 4421 1553 acci-

2468 1564 2642 1630 derit
2681 1586 2878 1648 quam
2921 1566 3092 1649 quod
3137 1587 3256 1632 ceu
3302 1567 3553 1632 obtorto
3590 1566 3753 1633 collo
3795 1566 3880 1632 ad
3924 1567 4421 1653 disceptandum

2468 1669 2686 1717 coram
2760 1651 2937 1717 civili
3020 1660 3280 1717 tantum
3358 1652 3573 1718 iudice
3650 1653 4197 1736 pertraheremur.
4286 1656 4422 1723 Ubi

2469 1757 2676 1819 quum
2715 1757 2838 1802 nos
2880 1738 3169 1819 primum
3210 1757 3293 1802 ex
3347 1739 3707 1820 scripturae
3760 1740 4125 1818 autoritate,
4183 1749 4260 1806 ιιι
4300 1762 4424 1824 par

2469 1830 2658 1900 esset,
2717 1822 2889 1888 iusto
2932 1822 3041 1888 vel
3084 1831 3599 1909 symmystarum
3643 1833 4017 1890 nostrorum
4060 1835 4269 1906 coetu,
4314 1827 4421 1894 vel

2469 1915 2846 1973 exterorum
2889 1916 2958 1974 et
3015 1909 3387 1974 antistitum
3429 1918 3761 1974 conventu
3803 1931 4228 1992 responsuros
4270 1932 4422 1993 pro-

2469 1993 2829 2071 fiteremur,
2889 2001 2963 2058 ut
3004 1993 3409 2060 deliberandi
3451 1995 3687 2061 saltem
3731 2016 3883 2060 cum
3924 1997 4007 2060 iis
4047 1997 4427 2063 facultatem

2470 2079 2738 2144 concedi
2760 2079 3259 2161 postularemus,
3295 2079 3456 2146 adeo
3492 2102 3624 2145 non
3659 2080 4079 2159 obtinuimus,
4116 2091 4189 2147 ut
4225 2083 4426 2148 etiam

2469 2165 2540 2229 in
2584 2165 3017 2246 suspicionem
3060 2167 3374 2247 pertracti
3403 2166 3610 2231 simus
3642 2186 3882 2248 pravae
3913 2167 4255 2232 cuiusdam
4293 2175 4426 2234 ter-

2471 2250 2933 2333 giversationis
2952 2259 3021 2316 et
3038 2250 3345 2317 factiosae
3366 2251 3836 2334 propemodum
3857 2252 4132 2319 rationis
4154 2253 4425 2337 agendi:

2471 2336 2758 2401 maxime
2823 2355 3027 2419 quum
3090 2336 3202 2403 ille
3269 2348 3405 2404 tam
3460 2358 3530 2404 se
3587 2334 3671 2401 ad
3727 2336 4179 2420 explicandam
4237 2358 4427 2404 suam

2471 2431 2763 2486 mentem
2819 2441 3040 2486 coram
3099 2422 3259 2504 ipsis
3315 2430 3695 2507 promptum
3740 2431 4164 2506 paratumque
4208 2433 4425 2489 osten-

2471 2506 2660 2585 derit,
2702 2506 3005 2589 ipsosque
3049 2505 3365 2573 diacosios
3410 2507 3494 2573 ad
3538 2507 3975 2574 definiendum
4021 2510 4427 2575 constituen-

2473 2590 2759 2675 dumque
2800 2601 3085 2676 urgeret,
3141 2593 3441 2659 mirando
3487 2601 3652 2671 astu,
3709 2615 3875 2676 quae
3918 2594 4000 2659 ad
4047 2594 4430 2679 disputatio-

2472 2679 2576 2743 nis
2630 2677 2889 2744 habitae
2940 2678 3074 2743 iam
3128 2678 3385 2761 pridem
3440 2677 3959 2745 incolumitatem
4003 2682 4428 2762 pertinerent,

2471 2770 2550 2829 ιιι
2581 2763 2770 2830 facile
2802 2765 2937 2829 iam
2969 2771 3187 2830 tamen
3223 2771 3365 2830 tum
3400 2765 3915 2848 perspiceremus
3950 2765 4429 2832 infructuosum

2472 2855 2615 2914 tum
2681 2849 2763 2915 de
2827 2850 3286 2932 provocatione
3346 2858 3654 2916 conatum
3716 2851 3871 2916 fore.
3902 2852 3961 2934 ²)
4063 2851 4299 2935 Itaque
4360 2857 4433 2917 et

2472 2934 2790 3016 capienda
2830 2955 2911 3002 ea
2952 2935 3227 3001 consilia
3278 2944 3469 3000 erant
3518 2955 3686 3018 quae
3729 2956 3890 3017 sors,
3947 2958 4069 3003 ceu
4111 2937 4185 3001 in
4229 2957 4432 3003 arena

2472 3019 2897 3101 luctantibus,
2941 3020 3273 3101 offerebat,
3316 3041 3483 3104 quae
3525 3021 3620 3088 sic
3654 3029 3875 3086 tamen
3910 3021 4284 3088 moderatus
4329 3029 4434 3089 est

2471 3104 2796 3190 choragus
2840 3106 3036 3172 huius
3077 3106 3353 3186 fabulae,
3400 3115 3478 3173 ut
3520 3107 3577 3173 si
3618 3128 3750 3172 non
3795 3107 4056 3189 qualem
4089 3107 4431 3189 vellemus,

2473 3189 2711 3256 saltem
2773 3193 3076 3275 opinione
3127 3191 3465 3258 meliorem
3530 3193 3988 3275 catastrophen
4046 3192 4429 3261 viderimus.

2471 3275 2556 3342 In
2595 3278 2847 3343 ratione
2882 3277 3156 3343 docendi
3195 3277 3371 3361 quod
3402 3299 3632 3344 mones
3665 3278 3954 3344 studiose
3986 3273 4430 3361 observamus,

2472 3385 2558 3428 ne
2593 3363 2749 3446 quid
2784 3384 2868 3428 ex
2903 3363 3237 3446 pontificia
3271 3363 3750 3429 abominatione
3783 3364 4077 3430 redolere
4108 3363 4432 3446 videatur,

2474 3469 2748 3532 eamque
2790 3457 2870 3514 ut
2912 3447 3098 3514 decet
3149 3470 3408 3532 semper
3450 3450 3645 3514 etiam
3692 3448 4113 3516 detestamur.
4202 3451 4433 3533 Neque

2473 3534 2807 3614 formulas,
2872 3536 2966 3601 sic
3031 3554 3137 3598 me
3203 3533 3514 3602 Christus
3579 3542 3774 3612 amet,
3843 3536 4105 3618 piarum
4171 3536 4433 3601 aurium

2474 3620 2828 3686 offensivas
2882 3619 3050 3685 ullas
3106 3641 3401 3703 unquam
3442 3619 3843 3699 induximus,
3903 3621 4031 3685 nisi
4076 3621 4430 3687 offensivae

2477 3713 2633 3771 sunt
2670 3704 2904 3788 quibus
2947 3712 3016 3769 et
3058 3705 3383 3789 scriptura
3425 3709 3653 3782 utitur,
3712 3706 3983 3788 sineque
4028 3707 4263 3789 quibus
4306 3708 4432 3771 mi-

2475 3790 2735 3856 nisterii
2777 3791 2946 3856 ratio
2990 3798 3058 3855 et
3100 3792 3327 3874 nequit
3370 3792 3671 3875 cognosci
3715 3791 3894 3868 satis,
3952 3804 4066 3856 aut
4109 3791 4239 3856 nisi
4286 3798 4433 3856 tum

2477 3876 2788 3942 censendi
2852 3897 3077 3942 sumus
3155 3876 3373 3942 nescio
3452 3897 3647 3960 quem
3716 3876 3821 3941 vel
3887 3877 4254 3959 papismum
4323 3875 4430 3943 vel

2475 3961 2938 4027 lutherismum
2966 3964 3022 4038 ³)
3088 3961 3349 4041 inferre,
3413 3982 3614 4045 quum
3671 3962 3960 4045 primum
4007 4010 4341 4027 ......
4370 3965 4398 4003 ⁴

2476 4048 2635 4130 quid
2669 4049 2736 4112 in
2771 4068 2973 4114 coena
2994 4046 3303 4112 Christus
3339 4057 3535 4130 atque
3565 4045 3888 4130 baptismo
3909 4055 4197 4131 praestet
4231 4046 4430 4112 donet

2475 4133 2783 4200 exhibeat
2825 4152 2975 4198 cum
3030 4131 3345 4216 symbolis
3399 4152 3645 4215 perque
3688 4152 3946 4197 sacrum
3989 4133 4429 4198 ministerium

2474 4218 3130 4285 animadvertendum
3164 4239 3524 4298 monemus,
3567 4238 3685 4284 ceu
3723 4219 3924 4283 totius
3968 4238 4190 4283 sacrae
4228 4218 4428 4283 actio-

2474 4305 2579 4370 nis
2621 4304 2848 4382 basim,
2892 4325 3090 4387 quam
3134 4324 3212 4368 ea
3255 4302 3491 4369 deinde
3535 4324 3701 4387 quae
3744 4325 3863 4386 per
3898 4323 4019 4368 nos
4056 4305 4230 4368 fiunt
4270 4323 4427 4369 con-

2473 4397 2857 4473 sequuntur,
2913 4398 3031 4455 etc.
3119 4389 3292 4454 Item
3335 4410 3538 4472 quum
3582 4388 3662 4454 de
3720 4389 4075 4467 vocatione,
4143 4387 4427 4454 clavium

2475 4497 2622 4552 usu,
2681 4477 3021 4558 utriusque
3077 4475 3422 4557 potestatis
3465 4474 3840 4541 discrimine
3882 4474 4283 4551 disserimus,
4341 4475 4427 4540 iis

2473 4561 2787 4625 nimirum
2831 4560 3162 4643 religionis
3205 4561 3527 4643 capitibus
3567 4579 3732 4643 quae
3774 4567 4000 4625 tenere
4042 4562 4111 4624 in
4154 4559 4428 4626 ecclesia

2474 4647 2916 4712 necessarium
2953 4655 3072 4724 est,
3107 4666 3400 4729 quaeque
3433 4646 3627 4729 plane
3668 4644 3829 4709 ferri
3863 4653 4184 4729 poterant,
4226 4646 4427 4710 etiam

2474 4753 2514 4797 a
2558 4730 2915 4815 quamlibet
2955 4732 3199 4796 teneris
3238 4731 3523 4810 auribus,
3568 4731 3697 4795 nisi
3740 4731 3873 4794 iam
3918 4730 4168 4814 pridem
4205 4740 4428 4795 noster

2470 4817 2584 4883 ille
2609 4819 2665 4896 ὃ)
2718 4817 2870 4900 plus
2913 4838 3109 4902 quam
3159 4817 3427 4901 tragicis
3469 4815 3818 4883 calumniis
3861 4824 4203 4901 gravasset
4246 4835 4427 4882 com·—

2474 5010 2882 5017 -—-——--..—-

2675 5140 2732 5207 2)
2768 5141 2862 5195 sie.

2678 5211 2736 5274 3)
2777 5208 2858 5275 Cf.
2896 5209 2976 5263 N.
3010 5208 3134 5276 424,
3169 5214 3282 5263 not.
3317 5208 3384 5273 8,·
3420 5206 3836 5276 Hwndeshaqen
3862 5225 3923 5276 p.
3961 5207 4079 5261 168.

2674 5280 2737 5415 ἒς
2772 5277 2977 5332 mida
3009 5277 3330 5332 vocabam
3592 5278 3844 5332 discissa.

3903 5430 4003 5485 30*
