5050 6167
677 440 805 506 489
2228 425 2754 493 EPISTOLAE
2798 429 2918 488 421
2932 461 3002 472 -
3013 427 3137 488 423
4558 425 4684 487 440

680 625 991 711 poenitet.
1077 622 1253 688 Nam
1293 625 1373 685 ut
1414 625 1488 683 tu
1503 669 1520 697 ,
1582 617 1740 683 dum
1784 636 2011 681 eorum
2052 615 2511 694 temeritatem,
2556 634 2631 681 ac

681 709 1141 779 confidentiam
1196 705 1493 772 deridere
1537 703 1669 782 vis,
1724 701 1894 769 soles
1951 699 2165 768 dicere
2219 722 2447 767 omnes
2490 721 2633 766 esse

684 796 1047 880 magistros,
1095 793 1188 859 sic
1232 792 1402 857 serio
1446 808 1734 855 asserere
1761 786 1969 852 audeo
2014 788 2344 852 neminem
2370 807 2512 853 esse
2549 807 2633 851 ex

681 882 815 948 illis
856 882 1099 948 bonum
1125 875 1515 960 discipulum
1536 876 1608 940 in
1643 874 1766 939 hac
1793 883 1994 956 parte.
2064 871 2140 939 Si
2174 873 2472 952 mentior,
2520 878 2637 937 aut

683 989 848 1046 erro,
894 986 1106 1031 unum
1149 962 1316 1028 mihi
1357 960 1628 1026 nomina
1684 959 1794 1043 qui
1849 958 2049 1042 probe
2092 959 2267 1041 loqui
2311 958 2392 1023 de
2435 978 2637 1023 coena

681 1053 906 1137 possit.
994 1048 1130 1116 Sed
1172 1050 1306 1114 iam
1349 1045 1546 1112 nimis
1601 1045 1825 1110 multa.
1915 1042 2068 1110 Scio
2123 1045 2301 1109 enim
2358 1065 2478 1108 nos
2521 1051 2638 1107 aut

682 1137 869 1217 nihil,
915 1144 1030 1203 aut
1070 1154 1424 1219 perparum
1459 1130 1820 1198 dissentire.
1889 1128 2025 1196 Sed
2059 1130 2328 1195 voluisti
2367 1129 2636 1210 malum,

684 1224 856 1308 quod
911 1231 984 1288 tu
1036 1222 1176 1305 ipse
1231 1217 1565 1304 agnoscis,
1632 1216 2047 1281 extenuando
2110 1214 2323 1280 solatii
2392 1214 2636 1297 aliquid

683 1308 849 1375 mihi
892 1307 1067 1383 dare,
1112 1328 1196 1371 ne
1237 1326 1344 1369 me
1387 1310 1649 1387 praeter
1688 1300 1960 1366 modum
2003 1301 2342 1385 affligeret.

854 1392 1232 1474 Literae²¹)
1286 1389 1535 1455 Farelli
1593 1395 1661 1453 et
1727 1388 1948 1452 fratris
2004 1387 2136 1451 iam
2192 1386 2356 1451 mihi
2401 1385 2637 1450 allatae

683 1488 874 1545 erant
916 1487 1067 1543 ante
1113 1477 1248 1542 dies
1292 1483 1583 1558 quatuor.
1652 1472 1977 1539 Putabam
2015 1481 2235 1537 autem
2272 1470 2354 1537 ad
2391 1482 2455 1536 te
2489 1492 2636 1554 per-

682 1566 963 1643 venisse,
999 1563 1305 1646 quoniam
1330 1582 1440 1626 eas
1463 1558 1780 1625 retulerat
1805 1557 2033 1623 Petrus
2054 1557 2524 1624 Cossoniensis.
2545 1556 2635 1642 22)

684 1651 881 1716 Nunc
924 1647 1075 1715 audi
1123 1647 1479 1713 Sebastiam
1496 1647 1587 1728 23)
1646 1643 1857 1710 nostri
1911 1643 2169 1709 delitias
2218 1664 2383 1726 quae
2438 1642 2635 1708 bilem

684 1736 824 1815 tibi,
870 1734 1064 1801 simul
1110 1753 1186 1798 ac
1242 1734 1450 1798 risum
1505 1739 1830 1796 moveant.
1878 1793 1884 1798 ,
1930 1729 2192 1794 Nudius
2250 1728 2489 1794 tertius
2552 1726 2636 1793 ad

684 1843 792 1886 me
834 1822 1043 1885 venit:
1100 1818 1291 1902 petiit
1346 1838 1431 1882 an
1484 1836 1623 1881 non
1678 1814 1845 1879 mihi
1889 1814 2174 1896 placeret
2227 1835 2416 1880 suam
2459 1812 2638 1880 Novi

685 1904 1089 1972 Testamenti
1143 1902 1638 1969 translationem
1695 1899 1815 1965 edi.
1905 1900 2243 1984 Respondi
2300 1922 2463 1984 opus
2516 1899 2637 1964 ha-

684 1993 839 2058 bere
873 1989 1098 2055 multis
1133 1987 1660 2056 correctionibus.
1730 1985 2015 2052 Causam
2038 1986 2310 2070 rogavit.
2359 1984 2639 2070 Ostendi

686 2100 770 2142 ex
824 2076 1047 2160 paucis
1100 2074 1234 2140 illis
1289 2072 1637 2156 capitibus,
1707 2092 1874 2154 quae
1939 2071 2105 2136 mihi
2169 2072 2241 2135 in
2306 2072 2637 2155 specimen

683 2161 1071 2245 iampridem
1115 2160 1400 2225 dederat.
1503 2157 1813 2240 Excepit,
1874 2177 1943 2222 se
2003 2158 2202 2222 fuisse
2245 2157 2319 2220 in
2368 2156 2649 2239 reliquis

685 2247 1182 2330 diligentiorem.
1293 2244 1550 2309 Deinde
1627 2243 1870 2308 iterum
1935 2245 2193 2326 rogavit
2255 2240 2410 2325 quid
2473 2240 2638 2305 mihi

683 2333 985 2415 placeret.
1095 2329 1434 2414 Respondi
1495 2351 1601 2394 me
1667 2328 1844 2393 nolle
1900 2326 2218 2411 impedire
2285 2328 2637 2409 quominus

681 2419 1197 2500 imprimeretur:
1262 2422 1565 2500 paratum
1620 2421 1840 2479 tamen
1899 2434 2040 2478 esse
2097 2413 2180 2478 ad
2246 2413 2443 2478 fidem
2507 2412 2636 2477 sol-

683 2503 965 2570 vendam
1027 2523 1226 2585 quam
1285 2499 1592 2567 dederam
1636 2499 1877 2564 Ioanni
1929 2499 2229 2576 GirardO,
2252 2502 2343 2582 ²⁴)
2400 2518 2638 2581 nempe

683 2598 759 2654 ut
801 2588 1193 2671 inspicerem
1213 2638 1228 2665 ,
1287 2606 1363 2651 ac
1405 2584 1796 2669 corrigerem
1851 2585 1910 2650 si
1964 2583 2122 2666 quid
2176 2582 2637 2668 corrigendum

682 2677 864 2740 foret.
969 2672 1327 2740 Recusavit
1382 2671 1553 2736 hanc
1594 2670 2063 2735 conditionem:
2119 2668 2358 2734 obtulit
2414 2679 2636 2734 tamen

681 2780 752 2826 se
796 2767 1185 2836 venturum,
1247 2777 1323 2821 ac
1373 2755 1538 2821 mihi
1594 2755 1912 2821 lecturum
1933 2806 1948 2834 ,
2006 2756 2063 2820 si
2115 2763 2362 2821 certam
2407 2754 2638 2819 horam

682 2844 1110 2910 condicerem.
1199 2842 1457 2927 Negavi
1514 2862 1619 2906 me
1676 2840 1797 2907 hoc
1841 2842 2197 2921 facturum,
2257 2841 2314 2906 si
2372 2849 2636 2906 centum

681 2937 1023 2996 coronatos
1067 2928 1283 3006 daret,
1343 2936 1415 2992 ut
1469 2947 1574 2991 me
1630 2926 1713 2992 ad
1771 2934 1984 2993 certas
2041 2927 2238 2991 horas
2279 2924 2641 3009 adstringe-

679 3036 843 3092 rem,
892 3013 1127 3082 deinde
1162 3021 1238 3079 ut
1276 3013 1602 3097 litigarem
1637 3011 1973 3078 interdum
2009 3012 2171 3077 duas
2205 3012 2400 3077 horas
2440 3032 2639 3094 super

682 3122 814 3166 uno
859 3099 1149 3166 verbulo.
1217 3097 1331 3165 Sic
1373 3120 1413 3163 a
1456 3120 1561 3164 me
1606 3096 1920 3175 discessit,
1966 3098 2196 3176 tristis,
2242 3104 2318 3162 ut
2361 3118 2635 3181 appare·

683 3186 810 3252 bat.
902 3187 992 3250 Et
1036 3193 1259 3250 tamen
1315 3193 1393 3249 ut
1445 3184 1612 3250 scias
1671 3205 1869 3266 quam
1903 3181 2114 3249 fidelis
2157 3183 2246 3248 sit
2286 3184 2634 3266 interpres,

683 3271 843 3336 dum
877 3270 1087 3335 multa
1121 3270 1269 3337 vult
1299 3290 1561 3347 novare,
1606 3269 1888 3351 plurima
1921 3269 2227 3352 corrupit.
2295 3269 2636 3333 Proferam

679 3358 900 3422 locum
942 3377 1169 3420 unum.
1258 3355 1391 3421 Ubi
1448 3353 1760 3419 habetur:
1825 3354 2129 3436 L'esperit
2179 3355 2255 3419 de
2289 3353 2479 3432 Dieu,
2525 3354 2639 3435 qui

681 3441 884 3506 habite
927 3462 1003 3506 en
1035 3461 1211 3521 noue,
1255 3440 1570 3506 mutavit:
1616 3439 1800 3505 hante
1842 3461 1918 3504 en
1951 3459 2125 3520 noue,
2170 3461 2372 3523 quum
2414 3440 2639 3504 hanter

686 3547 816 3591 non
852 3525 1167 3602 habitare,
1205 3525 1319 3592 sed
1352 3526 1763 3607 frequentare
1787 3525 2000 3591 Gallis
2035 3524 2377 3609 significet.
2445 3524 2638 3591 Unus

686 3611 796 3676 ille
831 3619 968 3676 tam
992 3611 1261 3695 puerilis
1282 3611 1504 3695 lapsus
1526 3619 1748 3694 posset
1781 3611 1950 3678 libro
1972 3611 2313 3676 infamiam
2350 3611 2633 3675 inurere.

686 3697 832 3781 Ego
876 3706 1101 3762 tamen
1140 3697 1304 3763 tales
1361 3697 1642 3780 ineptias
1701 3698 1940 3764 tacitus
1987 3696 2244 3763 devoro.
2333 3695 2502 3761 Vale
2546 3696 2639 3759 mi

684 3784 903 3848 frater.
992 3781 1321 3848 Dominus
1386 3792 1451 3848 te
1515 3804 1773 3864 semper
1830 3789 2175 3848 conservet
2236 3802 2309 3848 ac
2376 3781 2633 3865 dirigat.

685 3867 923 3933 Saluta
957 3889 1183 3934 omnes
1227 3870 1491 3934 fratres:
1549 3869 1784 3951 quibus
1828 3878 2051 3933 tamen
2094 3888 2228 3932 non
2272 3866 2638 3932 communi-

681 3954 858 4019 cabis
903 3953 1142 4019 omnia.
1233 3954 1548 4020 Genevae
1594 3958 1651 4018 3.
1699 3952 1884 4020 eidus
1921 3951 2252 4037 Septemb;
2297 3956 2478 4017 1542.

1748 4091 1881 4156 Ioa.
1925 4089 2246 4156 Calvinus
2289 4096 2462 4154 tuus.

743 4363 755 4376 .
858 4295 955 4362 21)
991 4295 1144 4349 Hinc
1185 4294 1383 4363 incipit
1427 4296 1604 4350 versio
1650 4296 1885 4364 anylica.
1957 4294 2173 4349 Fan-elli
2215 4294 2403 4348 literae
2451 4294 2638 4362 deper-

692 4363 958 4494 d‘m‘ae)
1003 4430 1233 4501 Siquid
1264 4432 1507 4486 viamus
1543 4431 1743 4485 Petrus
1788 4431 1877 4486 mc
1922 4432 2076 4485 verba·
2114 4431 2364 4484 minister
2410 4434 2533 4484 erat
2576 4430 2638 4483 in

691 4498 894 4567 Oppido
934 4499 1205 4555 Cossonex
1239 4502 1380 4554 inter
1419 4500 1779 4555 Ebu-oduntem
1798 4499 2230 4553 etLausannam
2247 4500 2367 4553 aito.
2420 4498 2642 4554 Bennoi
2693 4513 2703 4531 L

691 4568 877 4622 habet.-
912 4568 973 4622 P.
1011 4569 1287 4638 Cossonay
1325 4568 1564 4634 (Hermj.
1602 4569 1644 4622 Ι
1652 4569 1709 4622 V.
1747 4567 1814 4621 92
1853 4568 1919 4621 Ρ.
1963 4569 2266 4637 Masuyer).

863 4635 959 4696 23)
1004 4637 1360 4690 Castellt‘onis.
1438 4636 1610 4691 Cuius
1655 4637 1846 4691 Biblia
1891 4637 2093 4705 qallica
2140 4638 2352 4690 demum
2397 4652 2448 4690 a.
2499 4635 2638 4689 1555

686 4705 1030 4786 prodierunt,
1068 4706 1433 4773 quadriennio
1457 4711 1590 4788 post
1622 4705 1910 4759 editionem
1946 4706 2189 4787 latinafn.
2251 4704 2363 4758 Illa
2385 4721 2474 4774 ap.
2495 4707 2637 4760 Her·

689 4774 2636 4912 ”wistri2¹³“310132205m33'32522wmataxam...

1467 5153 1692 5161 .-..—-—

3634 660 3784 732 422.

3234 797 3715 867 SULZERUS
3761 797 4194 866 CALVINO.

2913 971 3214 1038 Far-ellus
3244 971 3511 1054 feliciter
3547 973 3633 1036 ad
3666 971 3976 1037 Meteon-ses
4008 972 4294 1052 pervenit
4334 973 4440 1039 cui
4470 973 4689 1055 fausta

2741 1060 2953 1123 omnia
2996 1062 3412 1139 apprecantur
3453 1058 3663 1124 amici.
3744 1058 3927 1122 Nova
3960 1055 4177 1122 bellica
4221 1063 4277 1121 et
4305 1058 4572 1138 politica
4613 1079 4689 1124 av

2746 1144 3003 1223 Tarda,
3051 1144 3290 1218 Gallia,
3336 1142 3679 1221 Flandria,
3724 1142 4129 1210 ecclesiastica
4172 1162 4251 1207 ex
4292 1146 4487 1209 dome.

2981 1314 3095 1379 (Ex
3127 1314 3465 1383 autographo
3501 1313 3639 1367 Bibl.
3678 1313 3880 1368 Geuev.
3917 1312 4045 1368 Cod.
4083 1312 4200 1384 112,
4235 1315 4324 1370 fol.
4365 1314 4472 1382 95.)

2739 1503 3004 1569 Eximio
3046 1502 3300 1569 Christi
3353 1522 3542 1568 servo
3586 1499 3874 1567 Domino
3928 1504 4163 1569 Ioanni
4211 1503 4487 1570 Calvino
4549 1504 4689 1571 viro

3098 1586 3467 1655 doctissimo
3512 1590 3718 1654 amico
3763 1598 3830 1653 et
3872 1598 4144 1672 patrono
4189 1609 4326 1655 suc.

2913 1725 3114 1794 Salve
3158 1726 3251 1790 mi
3295 1725 3574 1791 Calvine
3608 1727 3826 1791 frater.
3896 1726 4158 1792 Literas
4205 1726 4395 1791 hodie
4439 1727 4689 1810 accepi·

2742 1833 2888 1877 mus
2924 1833 2964 1876 a
2997 1810 3429 1877 confratribus
3464 1812 3706 1877 nostris
3740 1811 3962 1877 classis
3985 1813 4451 1878 Neocomensis
4486 1815 4689 1895 scrip-

2740 1908 2843 1964 tas
2912 1897 2992 1963 ad
3051 1920 3121 1964 se
3174 1919 3213 1961 a
3268 1897 3522 1963 Farello
3579 1906 3836 1976 nostre,
3904 1919 4039 1963 non
4105 1897 4423 1981 singulari
4486 1899 4690 1964 animi

2743 1983 3110 2067 voluptate,
3166 1983 3405 2066 quippe
3449 1983 3684 2066 quibus
3737 2003 4120 2066 prosperum
4164 1984 4293 2048 iter
4334 1984 4433 2048 illi
4476 1984 4692 2051 Metus

2743 2069 3094 2153 contigisse
3157 2069 3611 2152 cognovimus,
3680 2070 3991 2134 nimirum
4044 2070 4306 2152 optimis
4364 2070 4689 2153 auspiciis,

2743 2175 2910 2239 quae
2964 2156 3047 2220 D.
3107 2154 3188 2219 ad
3245 2156 3347 2219 sui
3416 2154 3700 2220 nominis
3754 2156 4115 2238 profectum
4181 2155 4431 2238 potenti
4486 2177 4688 2222 manu

2740 2241 2997 2324 diriget.
3085 2239 3309 2306 Nihilo
3355 2261 3508 2305 vero
3552 2242 3772 2305 minus
3816 2240 4164 2306 oblectavit
4207 2242 4693 2324 συμφραγμόνων

2740 2334 3116 2392 sanctorum
3159 2325 3700 2408 cordatorumque
3744 2335 3971 2391 sancta
4014 2330 4368 2408 συμβουλία,
4412 2348 4692 2410 quorum

2738 2434 2936 2495 opera
2978 2421 3171 2494 atque
3214 2411 3515 2494 precibus
3559 2419 3810 2477 certum
3844 2422 3944 2476 est
3986 2413 4343 2495 plurimum
4388 2413 4693 2479 adiutum

2737 2500 2822 2562 iri
2866 2498 3045 2563 hunc
3087 2497 3323 2562 fortem
3369 2503 3666 2562 nostrum
3708 2497 4186 2580 infractumque
4225 2497 4475 2564 Christi
4515 2499 4693 2563 mili-

2740 2595 2892 2660 tem,
2936 2584 3010 2647 in
3054 2590 3191 2648 tam
3235 2580 3436 2647 arduo
3478 2584 3860 2664 praesertim
3906 2604 4115 2666 opere.
4204 2582 4317 2651 Sic
4353 2586 4531 2649 enim
4574 2606 4693 2649 ne-

2740 2670 3094 2735 cessarium
3130 2677 3232 2734 est
3273 2676 3348 2732 ut
3380 2668 3707 2733 communi
3744 2670 4336 2751 circumspectione,
4381 2693 4501 2736 ceu
4537 2691 4693 2735 ocu-

2741 2756 2821 2820 lis
2865 2753 3355 2837 undiquaquam
3399 2753 3690 2832 intentis,
3735 2775 3840 2819 res
3886 2763 4107 2819 tantae
4149 2765 4567 2841 peragantur,
4624 2763 4695 2821 et

2740 2861 2889 2905 cum
2933 2840 3165 2922 primis
3208 2840 3482 2904 coeleste
3523 2838 3879 2905 advocetur
3912 2840 4326 2922 praesidium.
4417 2841 4695 2907 Certum

2741 2926 2915 2990 enim
2974 2934 3076 2991 est
3133 2933 3569 2991 veteratorem
3629 2923 3947 2990 Satanam
4006 2927 4308 2991 omnibus
4366 2927 4694 2993 machinis

2741 3010 3158 3089 adnisurum,
3217 3020 3290 3074 ut
3331 3011 3440 3075 vel
3484 3031 3760 3094 surgens
3804 3011 4120 3093 impediat
4174 3011 4540 3078 aedificium
4583 3012 4695 3081 vel

2740 3098 2871 3161 iam
2915 3103 3324 3162 exstructum
3380 3096 3668 3174 deiiciat,
3724 3097 4011 3162 maxime
4064 3119 4263 3180 quum
4306 3107 4493 3164 tanta
4536 3120 4694 3183 sup-

2739 3189 2920 3266 petat
2971 3182 3557 3249 instrumentorum
3613 3189 3808 3265 atque
3865 3183 4220 3249 satellitum
4268 3185 4468 3267 copia.
4555 3186 4694 3249 Ve-

2739 3288 2890 3332 rum
2935 3268 3029 3333 sic
3069 3277 3144 3333 ut
3188 3268 3402 3351 coepit
3444 3269 3666 3350 agenti
3711 3289 3920 3351 neque
3961 3289 4081 3352 ope
4117 3290 4326 3352 neque
4370 3270 4695 3354 sapientia

2742 3374 2861 3419 sua
2925 3353 3132 3419 deerit
3194 3353 3490 3419 coelestis
3549 3354 3974 3432 architectus,
4036 3357 4455 3439 perficietque
4518 3354 4696 3439 quod

2740 3439 3247 3505 misericorditer
3310 3440 3538 3522 coepit.
3651 3438 3763 3505 Sic
3817 3441 4057 3505 etenim
4114 3449 4182 3505 et
4236 3441 4316 3506 de
4370 3442 4699 3508 catholica

2742 3524 3160 3590 ecclesiarum
3227 3532 3557 3590 structura
3614 3535 3809 3608 atque
3862 3527 4275 3593 restitutione
4339 3526 4695 3611 persuade-

2740 3632 2888 3675 mus
2931 3611 3133 3689 nobis,
3179 3610 3534 3693 quamlibet
3574 3610 3803 3694 iniqua
3843 3633 4066 3676 rerum
4113 3612 4291 3690 facie,
4335 3615 4473 3679 fore
4516 3612 4697 3680 scili·

2742 3704 2846 3762 cet
2879 3704 2955 3760 ut
2998 3696 3342 3762 convulsas
3386 3704 3572 3761 sanet
3626 3704 3694 3761 et
3733 3695 4153 3781 redintegret.
4242 3698 4470 3781 Neque
4513 3699 4697 3766 enim

2742 3789 2846 3847 est
2889 3780 3266 3847 abbreviata
3301 3801 3532 3847 manus
3579 3782 3883 3862 Domini,
3940 3805 4024 3848 ne
4068 3805 4150 3848 ue
4203 3784 4273 3848 in
4318 3791 4528 3849 totum
4579 3783 4694 3851 ab-

2741 3867 2895 3932 iecit
2936 3868 3187 3933 viscera
3228 3867 3709 3934 misericordiae
3751 3890 3928 3934 suae.
4019 3804 4239 3949 &nare
4281 3892 4416 3934 non
4460 3869 4575 3936 abs
4619 3892 4693 3938 re

2740 3953 3079 4036 ingentem
3122 3974 3206 4017 ex
3249 3953 3371 4017 hoc
3414 3956 3651 4018 nuncio
3692 3954 4098 4037 voluptatem
4143 3957 4481 4032 traximus,
4525 3977 4694 4039 quae

2743 4059 2862 4103 nos
2915 4040 2986 4103 in
3044 4039 3536 4121 perturbatione
3595 4047 3662 4104 et
3711 4040 3973 4122 publica
4028 4049 4095 4107 et
4147 4042 4402 4123 privata
4455 4042 4693 4107 iucun-

2746 4123 3009 4198 dissime
3055 4133 3304 4190 recreat
3347 4132 3414 4188 et
3455 4127 3681 4202 reficit,
3740 4146 3857 4190 ceu
3903 4127 3974 4190 in
4017 4146 4261 4209 magna
4302 4135 4709 4209 tempestate-

2742 4210 3063 4293 effulgens
3107 4230 3192 4273 ex
3236 4217 3419 4292 parte
3463 4212 3806 4277 serenitas:
3855 4212 4281 4294 dabimusque
4315 4233 4582 4296 operam
4614 4221 4695 4278 ut

2743 4295 3186 4377 pientissimos
3242 4304 3515 4361 conatus
3573 4317 3723 4362 cum
3779 4297 4051 4364 ecclesia
4107 4307 4335 4363 nostra
4389 4300 4692 4364 iuvemus

2741 4381 3032 4445 oratione
3075 4381 3318 4447 sedula.
3388 4443 3395 4452 ,

2915 4466 3188 4534 Accedit
3229 4488 3386 4534 vero
3430 4467 3585 4534 huic
3642 4468 3883 4533 nuncio
3936 4466 4111 4533 aliud
4167 4470 4501 4551 quidpiam
4556 4491 4691 4535 non

2742 4574 3007 4637 prorsus
3048 4554 3556 4637 inauspicatum:
3605 4575 3840 4635 nempe
3875 4554 4277 4619 navarchum
4323 4556 4574 4621 'Furcae
4617 4557 4689 4620 vi

2744 4641 3148 4721 tempestatis
3204 4661 3353 4705 cum
3399 4660 3637 4722 magna
3690 4638 4034 4703 hominum
4078 4641 4476 4723 naviumque
4518 4641 4688 4706 mul-

2742 4725 3023 4789 titudine
3068 4746 3467 4808 oppressum,
3513 4745 3711 4806 quum
3748 4723 3902 4810 πρὸς
3936 4734 4276 4806 συμμαχίαν
4312 4727 4493 4792 Galli
4536 4749 4687 4794 con-

2746 4811 3060 4875 tenderet.
3147 4810 3379 4893 Itaque
3422 4809 3661 4875 falsum
3720 4831 3797 4874 ea
3840 4830 3954 4893 spe
3997 4833 4220 4895 regem
4263 4833 4397 4877 non
4439 4813 4687 4878 medio·

2743 4896 2940 4962 criter
2981 4897 3369 4978 perturbari.
3438 4894 3572 4960 Sed
3614 4901 3680 4959 et
3716 4896 4002 4962 Venetos
4047 4899 4298 4963 Tui-cae
4342 4899 4685 4982 negavisse

2742 4981 3095 5047 transitum
3141 5003 3257 5063 per
3291 5003 3476 5047 suam
3512 4980 3844 5061 ditionem,
3890 4980 4062 5064 quod
4105 4983 4395 5067 plerique
4438 4985 4684 5050 miran-

2742 5079 2866 5133 tur.
2954 5068 3232 5132 Famam
3289 5077 3509 5132 autem
3566 5066 3735 5133 hanc
3800 5069 4033 5151 probat
4086 5072 4541 5136 transmissum
4603 5093 4685 5136 ex

2744 5154 2981 5221 Genua
3021 5154 3091 5217 in
3113 5154 3473 5236 Hispanias
3513 5153 3799 5217 italicum
3846 5154 4207 5220 subsidium
4242 5156 4684 5222 aMarchione

2750 5240 3094 5318 Gauius-co,
3157 5239 3325 5320 quod
3390 5239 3579 5304 facile
3643 5239 4029 5321 prohibituri
4088 5243 4339 5308 'Furcae
4403 5244 4679 5322 fuerant,

2743 5327 2871 5391 nisi
2915 5327 3046 5390 fato
3090 5324 3304 5407 aliquo
3348 5326 3674 5409 profligati
3717 5333 3933 5392 tutum
3976 5327 4289 5409 praebere
4331 5329 4679 5394 transitum
