5050 6167
536 431 661 495 335

537 617 715 684 enim
773 614 1033 698 penitus
1092 612 1491 694 inspexeris,
1551 612 1645 677 sic
1690 612 1983 696 colliges,
2044 613 2378 679 hominem
2422 615 2495 678 in

538 700 881 767 tractando
945 698 1076 764 Dei
1150 698 1346 762 verbo
1413 696 1533 763 hoc
1609 719 1820 762 unum
1900 698 2024 763 sibi
2089 701 2493 783 propositum

536 789 811 865 habere,
869 793 945 850 ut
1006 786 1102 849 ita
1154 783 1434 867 gratiam
1494 783 1669 866 apud
1713 791 1778 848 te
1822 785 2020 863 ineat,
2087 794 2164 851 ut
2218 796 2286 852 et
2339 787 2495 851 inde

534 872 853 941 beneficia
908 881 976 935 et
1041 868 1361 935 eiusmodi
1415 868 1599 933 lucra
1647 878 1897 952 captet,
1977 879 2043 937 et
2105 872 2178 936 in
2243 872 2493 937 nullius

538 959 965 1025 offensionem
1011 976 1297 1039 unquam
1342 954 1648 1020 incurrat.

708 1044 904 1108 Nunc
930 1043 1167 1107 omisso
1192 1040 1475 1116 homine,
1519 1060 1660 1105 rem
1695 1042 1905 1123 ipsam
1928 1042 2290 1125 aggrediar.
2348 1043 2494 1108 Hoc

538 1141 638 1198 est
671 1130 874 1212 igitur
909 1127 1084 1192 illius
1107 1126 1479 1192 consilium:
1526 1124 1697 1208 quod
1720 1126 1920 1191 missa
1942 1149 2075 1192 non
2110 1129 2204 1193 ita
2248 1127 2491 1192 abomi-

537 1216 759 1283 nanda
795 1216 898 1292 sit,
944 1214 1103 1295 quin
1141 1222 1208 1276 et
1242 1212 1367 1296 ipsi
1403 1211 1584 1275 illam
1620 1211 1853 1286 facere,
1898 1222 1966 1277 et
2000 1213 2147 1279 aliis
2182 1215 2293 1297 qui
2330 1214 2492 1279 fide-

537 1303 636 1368 les
678 1303 841 1378 sint,
908 1300 1145 1364 missae
1200 1298 1517 1362 interesse
1565 1296 1786 1362 liceat:
1851 1299 2087 1380 quibus
2147 1321 2303 1366 vero
2368 1298 2492 1365 hoc

538 1408 734 1471 agere
777 1385 1004 1468 religio
1050 1386 1155 1460 sit,
1199 1383 1344 1448 illos
1382 1384 1767 1465 perturbare
1811 1384 2166 1464 ecclesiam,
2204 1405 2345 1450 esse
2388 1387 2490 1449 in-

538 1473 748 1540 firmis
804 1469 1136 1548 scandale,
1192 1490 1468 1552 quorum
1524 1470 1944 1551 praecipuam
2001 1491 2264 1536 causam
2317 1471 2491 1554 apud

537 1581 658 1624 nos
701 1556 989 1623 voluerit
1046 1577 1188 1620 esse
1233 1554 1577 1619 Dominus.
1665 1553 1859 1634 Quod
1902 1556 1984 1619 ad
2028 1555 2193 1621 illud
2236 1558 2488 1635 attinet,

538 1643 695 1728 quid
739 1645 941 1708 missa
981 1641 1215 1719 valeat,
1264 1641 1382 1706 vix
1419 1641 1549 1705 scio
1586 1660 1823 1725 operae
1866 1646 2241 1723 pretiumne
2283 1642 2489 1706 factu-

539 1751 656 1795 rus
699 1731 856 1805 sim,
917 1728 970 1792 si
1015 1726 1170 1809 quid
1216 1725 1300 1791 ad
1341 1724 1508 1790 illud
1547 1724 1721 1809 apud
1767 1738 1831 1790 te
1874 1729 2258 1808 praesertim
2303 1749 2488 1811 rege-

538 1837 700 1881 ram.
790 1813 904 1879 Sic
948 1813 1124 1879 enim
1167 1812 1329 1876 mihi
1373 1812 1731 1894 persuadeo
1764 1811 1949 1877 illam
1994 1834 2034 1877 a
2074 1822 2140 1878 te
2182 1836 2316 1878 non
2361 1814 2487 1879 alio

538 1923 737 1985 quam
783 1898 1094 1965 horrendi
1137 1898 1460 1980 sacrilegii
1504 1897 1646 1963 loco
1692 1895 1946 1976 haberi,
2005 1900 2060 1963 si
2109 1898 2266 1982 quid
2309 1899 2488 1964 aliud

539 2007 617 2052 eo
653 1986 915 2052 nomine
960 1983 1359 2050 censendum
1404 1982 1507 2047 sit.
1597 1983 1982 2048 Verendum
2024 1985 2229 2068 igitur
2273 2007 2356 2049 ne
2399 1986 2487 2048 ri-

539 2072 793 2139 diculus
838 2070 1013 2153 apud
1047 2077 1114 2134 te
1150 2070 1295 2146 sim,
1340 2069 1395 2132 si
1433 2067 1594 2132 illud
1631 2069 1906 2150 probare
1950 2067 2359 2148 contendam,
2407 2070 2488 2135 de

539 2178 671 2242 quo
713 2170 776 2221 te
821 2177 952 2220 non
998 2154 1294 2219 dubitare
1330 2175 1463 2218 non
1507 2156 1717 2238 magis
1761 2156 1900 2237 ipse
1946 2155 2254 2220 dubitem.
2323 2157 2488 2220 Bre-

537 2246 713 2310 vitas
757 2244 953 2306 etiam
997 2240 1306 2322 epistolae
1349 2239 1468 2304 vix
1512 2260 1590 2304 ea
1632 2240 1976 2322 complecti
2019 2251 2267 2321 posset,
2324 2262 2490 2324 quae

538 2329 790 2394 iustum
831 2326 1138 2391 volumen
1194 2334 1471 2407 caperet.
1576 2325 1798 2405 Quare
1854 2335 1930 2389 ut
1987 2325 2195 2391 obiter
2244 2325 2491 2409 aliquid

538 2415 881 2498 attingam,
919 2419 994 2476 ut
1026 2412 1245 2477 minus
1280 2409 1494 2476 adhuc
1526 2411 1843 2493 perplexa
1864 2410 2153 2490 haereas,
2190 2414 2281 2477 sic
2307 2413 2488 2477 habe.

537 2501 746 2567 Missa
788 2506 887 2563 est
929 2497 1321 2563 sacrificium
1366 2496 1449 2561 ab
1493 2493 1864 2562 hominibus
1907 2498 2314 2577 institutum,
2372 2519 2490 2582 pro

536 2584 983 2666 redemptione
1044 2583 1347 2648 vivorum
1402 2593 1468 2645 et
1510 2594 1945 2660 mortuorum,
2006 2597 2080 2647 ut
2133 2595 2309 2649 certo
2351 2584 2491 2648 loco

537 2691 746 2736 canon
790 2670 1029 2734 missae
1072 2668 1392 2750 perhibet.
1461 2667 1670 2732 Missa
1712 2668 1914 2751 igitur
1956 2668 2358 2734 exsecranda
2393 2678 2493 2735 est

536 2756 975 2838 blasphemia,
1034 2775 1166 2838 qua
1220 2753 1439 2835 passio
1497 2754 1766 2818 Domini
1821 2754 2241 2834 convellitur,
2297 2764 2491 2838 atque

535 2843 643 2908 vis
677 2842 885 2923 ipsius
919 2838 1203 2906 evanida
1239 2846 1308 2903 et
1340 2839 1557 2904 inanis
1589 2859 1857 2921 prorsus
1893 2838 2207 2905 redditur.
2266 2838 2489 2921 Quum

534 2928 713 2994 enim
757 2926 1035 2992 dicimus
1088 2924 1315 2989 fideles
1372 2925 1577 2990 effuso
1621 2924 1873 2991 Christi
1917 2945 2148 2991 cruore
2189 2926 2489 3010 redemp-

533 3020 656 3092 tos,
700 3019 1113 3095 peccatorum
1157 3010 1624 3089 remissionem,
1669 3011 2011 3090 iustitiam,
2057 3012 2234 3077 vitae
2278 3021 2487 3077 aeter-

533 3119 661 3165 nae
704 3119 887 3180 spem
934 3095 1202 3178 adeptos
1246 3116 1406 3174 esse,
1450 3094 1572 3161 hoc
1607 3117 1737 3161 non
1780 3096 1970 3162 aliter
2007 3097 2207 3180 accipi
2251 3106 2485 3180 potest,

532 3205 732 3270 quam
778 3190 1103 3265 quatenus
1145 3179 1353 3247 bonus
1396 3180 1769 3264 redemptor
1803 3191 2028 3248 noster
2065 3185 2238 3267 patri
2281 3204 2351 3248 se
2387 3185 2486 3267 ip-

532 3291 686 3336 sum
728 3270 1028 3346 offerens,
1084 3276 1278 3350 atque
1319 3268 1658 3332 victimam
1713 3266 2182 3334 immolandam
2226 3269 2484 3348 sistens,

531 3356 956 3437 semetipsum
1001 3353 1115 3417 illo
1159 3354 1302 3435 ipso
1347 3360 1497 3418 actu
1539 3352 1776 3417 obtulit
1818 3355 1890 3418 in
1944 3355 2334 3422 sacrificium
2379 3376 2486 3420 ae·

532 3449 831 3519 ternum,
892 3460 1020 3522 quo
1075 3439 1264 3504 nobis
1319 3446 1577 3505 constat
1635 3440 1938 3523 purgatio
1996 3448 2065 3506 et
2106 3441 2484 3506 emundatio

531 3524 617 3591 ab
650 3524 1105 3607 iniquitatibus
1140 3525 1396 3602 nostris,
1436 3546 1510 3589 ac
1546 3524 1819 3607 proinde
1853 3524 1934 3591 de
1968 3534 2196 3591 nostra
2227 3527 2298 3591 in
2334 3548 2482 3611 gra-

530 3612 696 3677 tiam
749 3610 925 3695 apud
983 3619 1240 3692 patrem
1294 3609 1639 3675 coelestem
1696 3613 2011 3694 receptio,
2079 3634 2230 3678 cum
2295 3614 2482 3697 regni

532 3699 733 3764 etiam
779 3695 1076 3762 caelestis
1112 3693 1437 3778 speranda
1481 3696 1992 3780 participatione,
2038 3699 2139 3763 uti
2184 3698 2483 3782 pluribus

529 3782 817 3850 ostendit
873 3781 1143 3860 diserte,
1203 3789 1271 3844 et
1317 3781 1662 3847 manifeste
1715 3782 1961 3848 evincit
2014 3784 2343 3867 apostolus
2398 3785 2481 3850 ad

529 3868 871 3935 Hebraeos
915 3887 955 3930 a
1000 3872 1035 3930 7
1084 3865 1167 3931 ad
1208 3871 1304 3931 11.
1395 3864 1544 3947 Quo
1598 3870 1885 3950 pertinet
1941 3869 2102 3935 haec
2142 3869 2322 3934 illius
2365 3891 2480 3954 ap-

527 3954 925 4039 positissima
967 3952 1351 4031 exhortatio,
1396 3974 1593 4036 quam
1628 3974 1711 4017 ex
1748 3953 2041 4020 doctrina
2077 3955 2155 4020 de
2194 3957 2481 4022 efficacia

528 4041 726 4106 unius
783 4036 1155 4117 sacerdotii,
1228 4045 1296 4102 et
1346 4039 1647 4104 sacrificii
1702 4038 1953 4106 Christi
2014 4042 2085 4105 in
2141 4050 2479 4107 aeternum

526 4125 793 4210 colligit.
883 4123 1108 4204 Quum
1149 4124 1540 4202 habeamus,
1599 4125 1833 4209 inquit,
1880 4147 1998 4208 per
2041 4125 2293 4192 Christi
2336 4149 2478 4193 car-

525 4232 678 4277 nem
723 4211 900 4275 viam
943 4209 1128 4274 illam
1184 4219 1252 4274 et
1292 4215 1623 4275 recentem
1666 4232 1742 4276 ac
1785 4212 2036 4290 vivam,
2095 4213 2479 4280 accedamus

524 4295 721 4363 corde
763 4316 929 4377 puro
975 4294 1058 4361 ad
1101 4294 1481 4360 Dominum.
1548 4294 1723 4360 Nam
1767 4297 1824 4361 si
1860 4318 1994 4362 una
2015 4296 2265 4364 Christi
2296 4320 2477 4364 mors

523 4382 794 4446 unicum
861 4380 1025 4445 illud
1088 4381 1478 4447 sacrificium
1555 4402 1688 4446 non
1748 4383 2231 4467 complectitur,
2306 4384 2479 4469 quod

522 4477 869 4550 peractum
925 4466 1127 4531 semel
1184 4472 1566 4549 perpetuam
1611 4487 1875 4533 causam
1929 4468 2194 4546 habeat,
2250 4480 2324 4535 ut
2375 4472 2477 4536 vis

522 4551 704 4617 illius
748 4560 1016 4616 aeterna
1057 4553 1162 4629 sit,
1206 4551 1557 4616 inducatur
1592 4573 1827 4635 nempe
1867 4563 1934 4619 et
1974 4576 2092 4638 pro
2128 4554 2312 4620 nullo
2357 4557 2476 4620 ha-

522 4637 775 4705 beatur.
879 4636 1305 4720 Respondent
1367 4638 1717 4704 saorificuli
1777 4641 2308 4725 praestigiatores
2324 4693 2340 4720 ,
2404 4662 2476 4706 se

521 4743 654 4796 non
678 4723 914 4788 offerre
938 4743 1185 4787 novum
1207 4723 1613 4801 sacrificium,
1650 4723 1765 4789 sed
1799 4726 2201 4807 ipsissimum
2223 4726 2476 4793 Christi

520 4808 933 4877 sacrificium.
1023 4805 1139 4874 Sic
1182 4829 1291 4873 ma
1342 4808 1395 4874 ‘s
1452 4808 1876 4892 blasphemiis
1919 4833 2060 4878 sese
2102 4814 2470 4879 involvunt.

521 4894 696 4976 Quis
730 4894 908 4960 enim
929 4892 1214 4976 prodibit
1248 4916 1288 4959 a
1366 4894 1772 4960 offerendum
1806 4897 2198 4964 sacrificium
2222 4899 2473 4965 Christi

517 4989 785 5065 praeter
825 4978 1172 5045 Christum
1215 4980 1428 5064 ipsum
1471 4979 1784 5046 idoneus?
1861 4981 2038 5064 Quid
2078 5004 2239 5050 vero
2283 5005 2472 5069 apos-

519 5066 693 5132 tolus
736 5063 818 5132 de
860 5065 1053 5131 unico
1095 5064 1208 5130 illo
1252 5066 1568 5132 sacrificio
1608 5067 2153 5151 incomparabili?
2229 5068 2325 5148 Si,
2369 5072 2471 5135 in-

518 5153 688 5234 quit,
742 5161 819 5216 ut
869 5171 989 5235 per
1033 5150 1378 5217 Christum
1426 5162 1689 5235 peccata
1731 5152 2142 5236 aboleantur,
2202 5157 2473 5223 unicum

517 5235 697 5303 illius
740 5238 1129 5304 sacrificium
1172 5258 1303 5302 non
1347 5239 1608 5317 sufficit,
1665 5237 1781 5304 sed
1822 5242 2060 5306 iterum
2105 5241 2269 5307 illud
2312 5243 2472 5308 offe-

518 5322 803 5389 rendum
845 5324 950 5403 sit,
993 5325 1238 5390 iterum
1280 5323 1474 5389 etiam
1519 5325 1606 5391 sit
1646 5326 1773 5410 ipsi
1816 5326 2228 5394 moriendum
2270 5328 2469 5413 (Heb.

2140 425 2666 494 EPISTOLAE
2712 428 2791 490 37
2797 430 2835 489 4
2854 426 2955 492 bis

4429 428 4553 493 336

2602 617 2659 690 9,
2700 619 2780 676 24
2818 613 3003 698 sqq.).
3073 614 3298 694 Quare
3336 614 3614 679 duorum
3650 614 3934 679 alterum
3981 614 4088 680 hic
4129 613 4552 681 statuendum

2599 711 2715 776 est,
2763 711 2839 763 ut
2881 709 2998 764 aut
3042 700 3367 767 horrenda
3420 702 3657 765 missae
3713 699 4118 783 blasphemia
4168 709 4393 783 aperte
4434 722 4550 765 ex·

2598 785 2912 851 sacranda
2953 785 3291 865 habeatur,
3339 796 3457 852 aut
3499 787 3555 851 si
3594 786 3933 864 retinetur,
3979 794 4057 850 ut
4099 807 4262 851 crux
4296 785 4552 853 Christi

2598 870 2800 953 (quod
2843 873 3042 952 absit)
3087 871 3359 954 pedibus
3403 872 3834 937 conculcetur.
3924 871 4141 952 Quam
4176 871 4347 937 belle
4390 893 4550 940 vero

2598 958 2835 1021 missae
2880 959 3227 1022 conveniat
3269 978 3416 1022 cum
3463 978 3667 1021 coena
3702 957 3997 1036 Domini,
4043 957 4189 1040 ipsa
4225 979 4465 1023 coenae
4509 981 4551 1024 a

2597 1043 2884 1107 Domino
2940 1044 3264 1108 institutio
3318 1065 3421 1108 me
3479 1053 3735 1108 tacente
3794 1043 3913 1107 tibi
3984 1053 4311 1127 suggeret.
4413 1045 4547 1110 Cu·

2596 1128 2815 1194 mulus
2871 1141 3089 1194 autem
3161 1128 3663 1194 abominationis
3732 1130 3875 1210 ipsa
3929 1150 4095 1211 quae
4150 1130 4243 1194 ibi
4297 1130 4547 1211 primas

2596 1223 2780 1278 tenet
2820 1214 3127 1279 elementi
3169 1214 3458 1280 adoratio
3503 1224 3618 1280 est.
3707 1214 3857 1279 Hoc
3900 1217 4075 1278 enim
4133 1215 4393 1280 nullum
4437 1235 4545 1281 co·

2596 1299 2798 1364 lorem
2839 1298 3051 1366 habet.
3121 1298 3310 1380 Quae
3347 1321 3549 1383 quum
3584 1301 3678 1364 ita
3712 1321 3782 1366 se
3819 1299 4119 1376 habeant,
4166 1323 4295 1383 qua
4328 1302 4544 1368 fronte

2595 1385 2708 1450 ille
2750 1387 3079 1451 affirmare
3123 1384 3362 1452 audeat
3402 1387 3669 1452 missam
3726 1406 3868 1450 esse
3922 1385 4078 1467 quid
4122 1386 4433 1465 medium,
4479 1396 4548 1454 et

2595 1493 2729 1536 non
2771 1473 2866 1536 ita
2909 1471 3337 1551 intolerabile,
3382 1472 3514 1537 nisi
3555 1472 3896 1537 convictus
3930 1473 4215 1536 fateatur
4258 1480 4355 1537 tot
4392 1472 4544 1538 hor-

2594 1557 2800 1622 renda
2855 1559 2924 1622 in
2967 1559 3184 1622 Deum
3240 1568 3538 1641 peccata,
3597 1558 3935 1640 ipsamque
3991 1558 4544 1624 abominationem

2596 1664 2760 1725 quae
2800 1643 2933 1708 illic
2976 1653 3172 1727 caput
3214 1643 3486 1723 attollit,
3541 1663 3651 1708 res
3695 1642 3966 1725 perinde
4022 1645 4217 1708 etiam
4262 1665 4406 1709 esse
4448 1645 4544 1710 le-

2593 1731 2698 1793 vis
2742 1728 3017 1794 alicuius
3076 1729 3431 1795 momenti?
3536 1728 3713 1808 Quid
3776 1731 3952 1793 enim
4011 1731 4156 1812 quis
4211 1729 4543 1811 obtendat,

2594 1815 2940 1897 quominus
2981 1823 3119 1879 tam
3160 1814 3526 1880 horrendae
3569 1814 3925 1897 impietatis
3969 1815 4274 1881 societate
4318 1825 4544 1881 tenea-

2593 1911 2738 1978 tur,
2805 1903 2919 1981 qui
2975 1900 3155 1965 illam
3214 1922 3284 1966 se
3340 1920 3542 1983 supra
3596 1901 3871 1966 verbum
3915 1900 4041 1965 Dei
4096 1903 4417 1979 revereri,
4476 1908 4545 1966 et

2593 1988 2803 2069 magis
2847 1988 3140 2068 impense
3183 1987 3533 2052 observare
3551 1986 3892 2052 convictus
3934 1986 4065 2051 sit?
4134 1985 4351 2064 Quam
4387 2008 4543 2054 vero

2592 2071 2755 2136 illud
2801 2072 3088 2137 Domino
3132 2071 3403 2156 placeat,
3448 2080 3727 2137 testatur
3766 2072 3911 2155 ipse
3956 2072 4127 2155 apud
4172 2073 4412 2138 Ezech.
4459 2076 4542 2139 20

2593 2177 2730 2239 cap.
2774 2162 2852 2219 39
2913 2179 3079 2222 vers.
3179 2158 3411 2242 Agite,
3478 2158 3728 2240 inquit,
3785 2166 3852 2222 et
3910 2180 4163 2223 merum
4219 2157 4545 2225 idolorum

2594 2244 2846 2308 cultum
2919 2244 3316 2325 profitemini
3383 2244 3677 2327 gentium
3742 2245 3903 2322 ritu,
3970 2264 4179 2326 neque
4242 2252 4545 2311 sanctum

2594 2348 2833 2392 nomen
2892 2350 3113 2394 meum
3169 2351 3317 2396 cum
3378 2331 3615 2394 vestris
3669 2329 3862 2395 idolis
3922 2330 4317 2412 permiscete.
4430 2327 4545 2397 Sic

2596 2414 2769 2478 enim
2815 2414 2941 2497 ipsi
2976 2416 3355 2499 cogitabant
3397 2415 3864 2480 conciliandam
3912 2436 4055 2480 esse
4111 2414 4545 2483 obedientiam

2594 2499 2758 2582 legis
2802 2500 2929 2564 Dei
2972 2520 3122 2565 cum
3184 2501 3552 2566 vanissimis
3605 2502 3898 2584 gentium
3959 2502 4542 2583 superstitionibus,

2595 2607 2756 2668 quas
2800 2586 2924 2651 sibi
2969 2586 3342 2652 asciscendo
3391 2607 3431 2651 a
3473 2588 3601 2652 Dei
3643 2587 3789 2670 lege
3844 2607 3989 2652 sese
4041 2608 4307 2671 prorsus
4350 2608 4542 2652 aver·

2566 2670 2838 2736 ¹tebant.
2928 2672 3075 2736 Hoc
3116 2672 3270 2737 alibi
3323 2674 3671 2738 confirmat
3726 2670 3957 2758 (Soph.
4012 2678 4064 2750 l,
4114 2671 4213 2756 5),
4273 2673 4384 2738 ubi
4428 2674 4540 2752 ait,

2594 2756 2743 2822 illos
2788 2779 2859 2822 se
2903 2758 3315 2840 perditurum
3373 2759 3485 2840 qui
3526 2758 3822 2822 iurarent
3874 2779 3992 2839 per
4047 2779 4288 2823 nomen
4348 2779 4543 2823 suum

2596 2853 2669 2907 ut
2712 2843 2840 2908 Dei
2884 2844 3054 2923 veri,
3110 2863 3186 2908 ac
3240 2843 3667 2908 nihilominus
3724 2843 3886 2909 alios
3939 2844 4133 2908 simul
4179 2846 4355 2909 Deos
4417 2842 4541 2910 sibi

2593 2929 3002 3012 affingercnt.
3078 2929 3304 3012 Neque
3346 2929 3524 2994 valet
3564 2930 3680 2995 illa
3720 2929 4076 3012 responsio,
4121 2930 4467 3014 praecipue
4502 2952 4544 2996 a

2592 3012 2736 3080 Deo
2779 3023 3068 3079 mentem
3112 3016 3373 3099 requiri,
3435 3025 3510 3080 ut
3546 3015 3662 3080 illa
3703 3036 3871 3098 pura
3913 3016 4017 3092 sit,
4064 3015 4379 3099 quidquid
4424 3037 4541 3080 ex-

2592 3108 2778 3164 terno
2823 3108 3014 3184 gestu
3059 3102 3203 3184 quis
3245 3121 3402 3183 prae
3446 3122 3515 3166 se
3556 3101 3743 3166 serat.
3834 3101 4086 3183 Nempe
4131 3100 4254 3167 hoc
4295 3103 4541 3167 refutat

2590 3186 2933 3263 Dominus,
2977 3207 3180 3268 quum
3225 3195 3506 3252 testatur
3549 3186 3774 3252 eodem
3817 3187 3928 3251 illo
3971 3207 4242 3270 corpore
4286 3208 4357 3253 se
4400 3187 4538 3271 glo-

2590 3271 2831 3336 rificari
2875 3271 3076 3350 velle,
3134 3294 3251 3355 pro
3295 3294 3424 3355 quo
3468 3292 3600 3337 non
3644 3273 3864 3338 minus
3906 3292 4102 3356 quam
4155 3293 4274 3356 pro
4317 3275 4539 3339 anima

2590 3378 2659 3422 se
2701 3358 2918 3440 ipsum
2962 3357 3385 3440 impenderit:
3431 3359 3523 3424 sic
3557 3360 3688 3423 oris
3723 3359 4193 3424 confessionem
4232 3360 4535 3443 requirit:

2589 3444 2683 3507 sic
2726 3443 2979 3507 nullam
3022 3445 3229 3509 nostri
3287 3451 3541 3526 partem
3585 3465 3716 3508 non
3761 3445 3883 3509 sibi
3927 3446 4290 3511 consecrari
4333 3445 4533 3511 iubet.

2588 3529 2733 3595 Hoc
2777 3551 2932 3595 vero
2974 3529 3192 3595 locum
3237 3529 3476 3595 habere
3532 3550 3664 3593 non
3708 3537 3953 3612 potest,
4014 3531 4169 3613 quin
4212 3530 4343 3596 illis
4397 3551 4538 3597 om-

2589 3615 2742 3679 nino
2788 3613 3245 3693 valedicamus,
3312 3636 3478 3699 quae
3522 3636 3562 3679 a
3608 3636 3679 3680 se
3734 3616 4067 3698 reprobari
4124 3636 4258 3681 non
4315 3617 4536 3681 minus

2587 3708 2810 3782 aperte
2854 3708 3129 3766 testatus
3170 3702 3272 3766 sit.
3362 3702 3494 3765 Hic
3548 3722 3708 3765 vero
3758 3722 3843 3765 ne
3898 3722 4267 3767 sermonem
4323 3702 4538 3787 magis

2585 3784 2958 3865 intendam,
3012 3786 3183 3869 quod
3238 3786 3517 3869 epistola
3570 3807 3701 3852 non
3761 3787 3992 3864 ferret,
4052 3787 4305 3869 reliqua
4345 3787 4538 3853 facile

2586 3873 2713 3936 erit
2743 3881 2963 3955 petere
2998 3893 3080 3936 ex
3118 3881 3405 3938 tractatu
3442 3894 3482 3937 a
3516 3893 3624 3936 me
3669 3871 3866 3938 edito:
3914 3871 4091 3953 Quid
4133 3874 4242 3956 pio
4286 3874 4537 3939 homini

2585 3977 2733 4022 cum
2776 3957 3110 4040 papisticis
3164 3958 3735 4040 superstitionibus
3789 3978 4137 4025 commune
4192 3980 4334 4025 esse
4389 3980 4535 4044 pos-

2585 4042 2691 4121 sit,
2735 4053 2940 4124 utque
2984 4064 3053 4108 se
3106 4042 3238 4109 illic
3283 4065 3508 4127 gerere
3566 4042 3815 4109 debeat.
3912 4043 4061 4110 Illic
4114 4052 4181 4109 te
4236 4056 4532 4129 repertu-

2584 4149 2727 4193 ram
2770 4127 3051 4207 confidO,
3109 4150 3236 4212 quo
3281 4129 3400 4194 tibi
3454 4129 3709 4212 plenius
3754 4131 4154 4195 satisfactum
4197 4152 4529 4214 agnoscas.

2756 4211 3075 4296 Superest
3095 4215 3303 4279 altera
3334 4215 3644 4297 quaesti0,
3682 4237 3769 4280 an
3797 4215 4145 4281 dicendum
4169 4216 4256 4280 sit
4281 4216 4533 4281 turbari

2581 4300 2995 4364 infirmorum
3038 4301 3488 4379 conscientias,
3546 4301 3602 4366 si
3646 4301 3789 4384 quis
3838 4300 4049 4365 fidelis
4091 4323 4130 4366 a
4174 4304 4375 4368 missa
4418 4322 4529 4385 pe·

2582 4386 2760 4451 nitus
2805 4393 2873 4449 et
2912 4384 3285 4451 omnimodo
3323 4385 3685 4451 abhorreat.
3753 4386 3877 4451 Ille
3913 4386 4034 4452 hoc
4066 4388 4318 4453 asserit.
4384 4388 4530 4472 Ego

2584 4491 2738 4538 vero
2782 4469 3004 4536 videre
3046 4493 3178 4536 non
3219 4492 3507 4554 possum,
3553 4472 3872 4553 quomodo
3916 4472 4038 4539 hoc
4081 4472 4177 4536 illi
4213 4473 4529 4540 exciderit

2580 4556 2754 4641 quod
2797 4565 2932 4621 tam
2986 4578 3212 4623 secure
3268 4556 3850 4641 praetergreditur,
3912 4567 4139 4641 estque
4193 4558 4530 4643 praecipui

2580 4644 2895 4709 momenti
2952 4643 3023 4707 in
3078 4644 3202 4709 hac
3268 4643 3662 4725 quaestione.
3752 4644 4055 4708 Primum
4121 4645 4295 4709 enim
4362 4642 4529 4710 illud

2579 4738 2678 4794 est
2721 4728 2792 4791 in
2835 4726 2966 4793 Dei
3008 4729 3206 4807 cultu,
3266 4737 3335 4794 et
3374 4729 3715 4794 irrefixum
3769 4737 3944 4794 stare
3998 4738 4283 4813 oportet,
4339 4729 4527 4814 quid-

2578 4813 2734 4898 quid
2777 4814 3105 4878 Dominus
3147 4815 3329 4880 iubet
3372 4824 3487 4879 aut
3520 4821 3701 4880 vetat
3742 4816 3945 4880 verbo
3988 4836 4124 4894 suc,
4162 4815 4246 4881 ab
4288 4837 4366 4882 eo
4412 4817 4526 4883 ob-

2579 4898 2900 4965 servando
2936 4921 3020 4964 ne
3039 4899 3247 4965 latum
3281 4921 3572 4985 unguem
3607 4899 3938 4967 discedere
3982 4903 4078 4967 fas
4099 4923 4258 4980 esse,
4297 4924 4525 4986 quam·

2577 5005 2836 5067 cunque
2878 4986 2948 5049 in
2990 4995 3244 5068 partem
3288 4985 3410 5053 hoc
3453 4986 3566 5051 alii
3606 4986 4140 5069 interpretentur.
4228 4988 4376 5053 Iam
4418 5009 4525 5055 res

2576 5069 2890 5155 quasdam
2934 5091 3068 5135 non
3112 5092 3189 5136 eo
3220 5071 3360 5136 loco
3395 5092 3537 5138 esse
3569 5072 3867 5152 concedo,
3912 5072 4026 5139 sed
4061 5095 4226 5157 quae
4268 5074 4525 5140 mediae

2577 5158 2730 5235 sint,
2819 5155 2947 5221 uod
2988 5156 3071 5223 ad
3105 5158 3319 5240 ipsum
3358 5178 3554 5222 usum
3598 5158 3700 5224 vel
3745 5158 4242 5225 abstentionem:
4290 5181 4523 5244 quum-

2618 5263 2701 5308 ue
2748 5242 2760 5255 '
2820 5263 2896 5306 ae
2940 5243 3122 5326 quasi
3164 5251 3386 5308 nostro
3428 5242 3707 5309 delectui
3748 5244 4014 5310 relictae
4071 5246 4236 5324 sint,
4293 5247 4522 5314 viden-

2624 5350 2734 5394 um
2801 5326 2959 5413 quid
3036 5336 3265 5413 captus
3342 5330 3792 5411 proximorum
3870 5331 4069 5411 ferat,
4146 5353 4231 5397 ne
4293 5341 4523 5400 nostra
