5050 6167
608 407 735 471 299

606 613 695 660 ne
737 612 866 675 qua
906 589 1109 674 pestis
1164 588 1319 655 illuc
1376 588 1722 672 ingeratur
1776 608 1941 672 quae
1991 593 2195 652 totam
2248 586 2556 653 viciniam

606 677 875 744 inficiat.

780 762 947 828 Tota
1008 759 1125 825 illa
1185 781 1337 844 pars
1413 758 1758 843 epistolae,
1831 780 1960 842 qua
2016 777 2319 834 excusas,
2384 756 2554 839 quod

608 868 744 914 non
801 845 1063 911 habitus
1130 845 1277 912 istic
1335 846 1571 910 fuerim
1643 859 1716 910 ut
1769 844 2094 921 merebar,
2146 863 2556 926 supervacua

608 940 726 998 est.
835 932 1115 998 Memini
1178 932 1387 1007 enim,
1468 939 1536 995 et
1612 950 1871 1015 semper
1946 948 2325 1014 agnoscam,
2407 928 2554 1010 plus

608 1018 877 1085 honoris
920 1038 1038 1083 vos
1081 1016 1243 1081 mihi
1286 1016 1615 1095 detulisse,
1662 1036 1854 1098 quam
1899 1017 2042 1080 iure
2097 1035 2242 1097 meo
2286 1034 2552 1097 exspec-

607 1111 751 1170 tare
787 1102 1140 1169 debuerim.
1212 1101 1459 1168 Salvus
1480 1100 1592 1167 ille
1625 1100 2002 1179 conductus,
2048 1107 2117 1166 et
2152 1099 2352 1184 alias)
2388 1119 2554 1181 quae

608 1189 684 1255 in
728 1188 1019 1255 discessu
1057 1188 1498 1273 contigerant,
1578 1186 1813 1252 leniter
1854 1187 2061 1251 fateor
2134 1192 2556 1270 pupugerunt

606 1284 828 1343 meum
895 1273 1209 1339 animum.
1330 1271 1465 1339 Sed
1532 1271 1680 1339 ideo
1769 1270 2109 1337 effundere
2183 1271 2252 1336 in
2333 1271 2553 1336 sinum

607 1368 906 1427 vestrum
948 1357 1160 1438 libuit,
1205 1378 1289 1424 ne
1342 1356 1499 1442 quid
1550 1358 1733 1423 intus
1784 1358 2202 1423 continerem.
2304 1355 2555 1422 Scitote

613 1447 629 1464 ⁹
684 1446 834 1526 ‘tur,
876 1445 991 1510 illa
1033 1445 1253 1511 omnia
1294 1444 1654 1510 evanuisse.
1757 1442 2188 1510 Concordiam
2245 1463 2396 1509 cum
2454 1442 2554 1506 vi-

608 1532 775 1600 omis
817 1530 1088 1608 nostris,
1141 1538 1209 1594 et
1263 1530 1316 1594 si
1371 1529 1822 1613 promiserint,
1880 1528 2241 1593 fraternam
2299 1547 2555 1611 quoque

606 1615 1130 1684 benevolentiam
1183 1614 1393 1681 colere
1451 1613 1724 1681 studebo
1740 1665 1755 1693 ,
1814 1635 2075 1679 summa
2130 1634 2260 1696 qua
2332 1620 2557 1697 potero

606 1701 740 1770 fide
792 1709 860 1767 et
912 1700 1266 1799 diligentia.
1369 1700 1636 1765 Nemini
1692 1706 1887 1778 certe,
1931 1699 2105 1783 quod
2146 1700 2220 1764 in
2261 1720 2368 1763 me
2412 1700 2555 1777 erit,

608 1787 776 1854 dabo
830 1793 1175 1851 materiam
1216 1785 1611 1869 offensionis.
1699 1786 1865 1850 Peto
1920 1791 2140 1850 autem
2184 1783 2299 1850 abs
2342 1792 2426 1862 te,
2471 1804 2557 1848 ne

609 1893 694 1939 ex
738 1873 904 1938 meis
945 1871 1030 1938 ad
1073 1879 1139 1936 te
1178 1870 1387 1937 literis
1429 1871 1773 1937 aestimare
1808 1869 1989 1949 velis,
2025 1863 2183 1953 quid
2218 1870 2325 1936 hic
2362 1889 2555 1953 agam

608 1958 717 2025 vel
762 1958 989 2025 dicam.
1064 1955 1291 2022 Donec
1334 1956 1666 2039 professus
1709 1955 1917 2036 fuero,
1960 1976 2066 2020 me
2110 1977 2242 2020 non
2276 1955 2555 2038 amplius

607 2064 801 2129 posse
841 2044 1031 2121 forre,
1075 2063 1160 2107 ne
1205 2040 1431 2107 dubita
1471 2039 1753 2107 fideliter
1808 2062 1913 2105 me
1969 2050 2322 2123 praestare,
2382 2039 2555 2123 quod

607 2129 796 2196 vobis
838 2127 1070 2212 recepi.
1143 2127 1233 2192 Et
1276 2126 1334 2192 si
1377 2147 1505 2210 qua
1547 2127 1618 2192 in
1661 2147 1732 2192 re
1776 2127 1916 2210 spei
1961 2135 2222 2191 vestrae
2266 2146 2399 2190 non
2454 2147 2556 2189 re-

607 2212 981 2297 spondeam,
1020 2212 1146 2278 scis
1169 2233 1274 2277 me
1303 2212 1423 2278 sub
1446 2220 1561 2277 tua
1596 2219 1914 2295 potestate
1936 2231 2094 2277 esse.
2157 2209 2554 2289 Admoneas,

607 2297 906 2383 castiges,
961 2298 1181 2363 omnia
1232 2297 1433 2365 facias
1486 2319 1652 2381 quae
1708 2297 1879 2380 patri
1933 2296 2136 2362 licent
2188 2297 2257 2361 in
2324 2296 2552 2362 filium.

605 2385 920 2470 Ignoscas
961 2404 1147 2448 meae
1177 2382 1596 2449 festinationi.
1684 2383 1745 2447 N
1748 2404 1834 2447 on
1877 2384 2052 2447 enim
2087 2381 2314 2448 credas
2357 2403 2556 2465 quam

606 2469 1085 2536 tumultualiter
1137 2469 1433 2535 scribam.
1534 2467 1747 2551 Urget
1802 2469 1977 2533 enim
2033 2467 2141 2534 hic
2197 2467 2427 2547 frater,
2480 2475 2557 2534 ut

604 2556 823 2622 iussus
866 2561 969 2620 est
1022 2574 1062 2617 a
1105 2555 1240 2619 suis
1282 2553 1577 2638 collegis:
1636 2564 1701 2618 et
1757 2561 1854 2618 tot
1911 2553 2191 2638 negotiis
2234 2552 2552 2637 implicor,

605 2649 687 2707 ut
724 2660 861 2706 non
906 2639 1032 2704 sim
1074 2638 1250 2723 apud
1288 2659 1412 2705 me.

778 2726 1002 2808 Quum
1059 2732 1308 2808 pestem
1366 2725 1459 2791 ita
1515 2723 1767 2790 saevire
1822 2723 2032 2802 audio,
2053 2723 2109 2810 ⁹)
2155 2745 2289 2789 non
2345 2723 2554 2789 habeo

605 2812 763 2898 quid
808 2809 1020 2877 dicam
1034 2861 1053 2890 ,
1107 2810 1237 2875 nisi
1290 2810 1509 2875 Deum
1567 2820 1821 2874 armata
1861 2830 2067 2875 manu
2109 2816 2360 2875 certare
2402 2830 2555 2876 cum

517 2954 523 2961 .
602 2904 833 2964 nostra
882 2897 1261 2980 pertinacia.
1378 2893 1456 2960 Si
1510 2894 1772 2977 quidem
1845 2895 1994 2979 plus
2050 2895 2255 2960 nimio
2309 2893 2552 2979 stupidi

602 3004 834 3050 sumus
876 2981 960 3047 ad
1002 2987 1102 3048 tot
1141 2980 1386 3065 plagas.
1460 2981 1552 3045 Et
1584 2980 2129 3064 quemadmodum
2162 2982 2307 3047 istic
2341 2981 2554 3047 saevit

600 3089 843 3135 manns
900 3067 1199 3145 Domini,
1264 3067 1392 3132 ista
1443 3066 1633 3132 nobis
1686 3066 2023 3132 incumbit.
2113 3065 2337 3149 Serpit
2374 3066 2553 3132 enim

601 3174 841 3221 versus
876 3173 999 3219 nos
1037 3152 1266 3235 pestis:
1314 3160 1382 3217 et
1413 3152 1472 3218 si
1508 3151 1630 3217 hac
1668 3151 1905 3236 hyeme
1950 3151 2135 3218 nobis
2167 3153 2551 3235 pepercerit,

600 3240 901 3324 proximo
954 3245 1174 3303 tamen
1226 3259 1383 3304 vere
1441 3259 1574 3303 non
1635 3238 1831 3321 effugi
1839 3258 2039 3302 emus.
2141 3236 2322 3319 Quid
2394 3258 2553 3323 ergo

601 3332 827 3402 restat,
870 3323 1003 3387 nisi
1044 3329 1124 3387 ut
1158 3322 1242 3388 ad
1282 3343 1508 3407 preces
1561 3321 2014 3407 confugiamus
2070 3330 2138 3388 et
2179 3322 2550 3408 lacrymas?

600 3408 777 3492 quod
818 3409 896 3474 fit
937 3414 1111 3474 certe
1153 3409 1350 3473 nimis
1392 3410 1696 3492 segniter.
1765 3408 1912 3490 Quo
1946 3411 2157 3493 magis
2189 3408 2552 3474 verendum

598 3502 719 3571 est,
763 3514 848 3560 ne
890 3493 1018 3558 isto
1060 3500 1244 3559 tanto
1286 3501 1352 3558 to
1476 3515 1547 3559 re
1588 3494 1756 3559 iram
1798 3492 2032 3561 iudicis
2088 3495 2297 3560 nostri
2339 3495 2551 3579 magis

594 3578 816 3646 adhuc
857 3598 1306 3663 provocemus.
1446 3601 1483 3645 e
1525 3580 1709 3646 vobis
1753 3600 1979 3646 sumus
2012 3579 2268 3658 soliciti,
2314 3589 2393 3646 ut
2433 3602 2553 3665 par

600 3671 719 3732 est.
829 3664 1004 3730 Nam
1068 3685 1151 3729 ex
1231 3664 1600 3731 calamitate
1677 3664 1985 3732 ecclesiae
2063 3665 2442 3732 Basiliensis
2466 3671 2548 3741 ¹⁰)

600 3751 1025 3821 aestimamus
1068 3747 1219 3832 quid
1262 3751 1450 3817 nobis
1493 3752 1791 3816 futurum
1826 3751 1931 3830 sit,
1977 3752 2035 3817 si
2071 3752 2396 3818 Dominus
2431 3773 2549 3820 vos

599 3836 901 3920 eriperet.
990 3835 1135 3919 Ego
1179 3844 1353 3901 certe
1397 3855 1532 3901 non
1577 3837 1770 3901 velim
1829 3857 1971 3903 esse
2025 3846 2387 3920 superstes:
2433 3861 2548 3905 ne-

598 3940 727 4069 que
767 3920 1158 3986 sustinerem
1177 3972 1193 3997 ,
1253 3923 1378 3987 nisi
1435 3921 1619 3987 Deus
1672 3922 2063 3989 mirabiliter
2113 3944 2221 3988 me
2270 3923 2546 3990 fulciret.

669 4005 771 4071 ale
834 4013 1023 4090 pater
1086 4005 1250 4071 mihi
1313 4028 1574 4090 semper
1657 4008 1728 4072 in
1796 4008 2082 4074 Domino
2146 4009 2546 4077 honorande.

597 4087 835 4158 Saluta
887 4090 1052 4156 mihi
1101 4112 1295 4175 quam
1350 4093 1847 4177 diligentissime
1901 4092 1986 4160 D.
2032 4095 2115 4160 D.
2167 4094 2546 4177 Capitonem,

597 4175 960 4258 Hedionevn,
1019 4175 1377 4257 Matthiam,
1406 4184 1425 4223 ¹
1443 4182 1490 4253 ¹)
1549 4177 1921 4244 Bedrottum
1986 4191 2052 4245 et
2092 4180 2272 4246 alios.
2372 4181 2544 4248 Item

599 4260 986 4328 eorumdum:
1017 4260 1099 4348 ι’*’)
1178 4264 1642 4347 excusabisque
1719 4263 1894 4348 quod
1981 4265 2154 4331 nihil
2242 4267 2542 4333 scribam.

594 4346 782 4413 Adeo
849 4346 1039 4412 multi
1111 4350 1418 4415 continuo
1495 4350 1661 4414 mihi
1736 4350 2128 4435 obstrepunt
2142 4403 2156 4429 ,
2235 4360 2313 4417 ut
2389 4354 2543 4419 sub-

594 4431 751 4498 inde
805 4452 1004 4517 cogar
1074 4432 1480 4518 abrumpere.
1591 4435 1825 4501 Saluta
1888 4438 2086 4503 etiam
2153 4438 2544 4506 amicissime

591 4537 871 4584 uxorem
956 4524 1157 4585 tuam.
1259 4519 1587 4587 Dominus
1662 4541 1780 4588 vos
1858 4543 2084 4589 omnes
2178 4533 2541 4604 conservet,

596 4675 813 4683 ——ss
844 4676 1006 4685 --ῃ

797 4754 857 4823 8)
894 4755 985 4811 De
1018 4758 1171 4813 salvo
1204 4758 1472 4815 conductu
1506 4761 1644 4814 satie
1675 4760 2044 4829 inopportune
2077 4746 2338 4817 dixerant
2370 4765 2433 4818 ἐκ
2462 4764 2538 4818 Ν.

589 4823 710 4907 me.
787 4824 1069 4894 Quaenam
1103 4827 1211 4882 alia
1242 4830 1565 4899 contigerint
1597 4830 1795 4899 quibus
1833 4836 2192 4900 pungeretur,
2236 4848 2350 4887 non
2392 4847 2537 4887 aese-

2153 396 2680 467 EPISTOLAE
2726 403 3064 467 363—366

4487 404 4615 470 300

2660 595 2877 738 ιῙ-οδίιῖι,
2957 596 3241 655 tueatur.
3367 591 3602 655 Amen.
3729 589 4044 656 Genevae
4130 593 4224 656 15.
4305 589 4613 660 Octobris

3589 760 3874 827 Ioannes
3913 760 4233 827 Calvinus
4267 770 4440 828 tuus.

2654 965 3018 1117 familyxor
3059 987 3207 1032 mea
3250 965 3493 1031 salutat
3538 979 3719 1032 tuam
3772 974 4222 1050 peramanter,
4283 978 4351 1033 et
4405 950 4612 1036 totam

2864 1072 2989 1117 am.

3426 1329 3842 1339 ——-———

3564 1546 3717 1618 364.

3153 1681 3630 1751 TOSSANUS
3675 1685 3919 1751 OALV
3928 1684 4110 1752 INO.

2834 1853 3120 1921 Miratur
3165 1852 3497 1920 Gabvinum
3537 1856 3810 1922 roditm
3849 1876 4041 1922 suum
4081 1859 4168 1923 ad
4227 1857 4610 1928 Gmevemoe

2659 1940 2902 2006 tamdia
2958 1942 3194 2022 differe.
3283 1939 3386 2006 De
3442 1941 3712 2007 comitiis
3765 1941 3862 2007 nil
3915 1944 4303 2026 sperandum
4316 1993 4333 2024 ,
4388 1945 4610 2012 adaco*-

2657 2026 2826 2090 sarii
2881 2025 3134 2091 hostiles
3194 2031 3503 2110 spargunt
3564 2047 3849 2093 rumores
3862 2077 3879 2107 ,
3937 2028 4075 2110 piis
4149 2030 4489 2114 vigilantia
4550 2035 4609 2098 d

2655 2111 3023 2263 mmm
3077 2131 3237 2195 opus
3291 2116 3398 2176 est.
3505 2110 3726 2193 Capito
3789 2117 3848 2178 et
3908 2112 4610 2184 Buoerusnonnimie

2935 2219 2979 2262 ι.

2864 2367 2977 2433 (Ex
3012 2368 3350 2439 autographo
3384 2368 3526 2422 Bibl.
3564 2368 3766 2425 Gener.
3803 2370 3933 2425 eod.
3975 2369 4090 2437 110,
4126 2371 4219 2427 fol.
4254 2369 4398 2439 170.)

2830 2556 3065 2622 Ioanni
3108 2554 3388 2623 Calvino
3430 2558 3621 2623 fratri
3665 2579 3782 2624 suo
3826 2558 4284 2625 colendissimo

3909 2644 4356 2730 Argentorati.
4385 2649 4434 2725 ¹)

2827 2777 2897 2844 S.
2960 2778 3372 2844 Amicissime
3426 2780 3628 2845 frater
3644 2831 3660 2858 ,
3719 2783 3936 2864 recepi
3991 2781 4216 2848 literas
4271 2791 4437 2862 tuas,
4482 2803 4606 2850 nec

2656 2872 2851 2929 vacat
2890 2886 3068 2930 nunc
3110 2864 3270 2931 satis
3307 2865 3393 2931 ob
3436 2865 3687 2932 abitum
3721 2867 3946 2933 nuncii
3990 2867 4368 2934 celeriorem
4410 2867 4606 2935 diffu-

2655 2950 2793 3015 sius
2849 2948 2933 3014 ad
2987 2963 3052 3015 te
3105 2950 3403 3015 scribere.
3508 2952 3613 3018 De
3671 2952 4075 3019 Metensibus
4094 3004 4110 3031 ,
4176 2952 4434 3036 quando
4498 2976 4606 3022 res

2655 3034 2748 3099 ita
2803 3034 3048 3100 habent
3096 3048 3172 3100 ut
3225 3035 3488 3115 scribis,
3546 3057 3683 3102 non
3736 3038 4141 3121 improbatur
4186 3039 4353 3104 mihi
4415 3047 4606 3107 tuum

2656 3120 3020 3187 consilium.
3038 3122 3097 3198 2)
3186 3119 3322 3188 Sed
3364 3122 3794 3189 vehementer
3837 3125 4038 3190 miror
4080 3146 4281 3209 quare
4337 3124 4603 3192 differas

2655 3204 2871 3271 redire
2927 3205 3271 3273 Genevam
3334 3216 3451 3273 aut
3515 3229 3642 3291 qua
3707 3211 4137 3290 conscientia,
4194 3233 4370 3277 nunc
4414 3231 4604 3294 prae-

2654 3292 2901 3371 sertim,
2947 3289 3246 3358 deserere
3280 3294 3488 3376 possis
3519 3293 3703 3359 illam
3740 3294 4097 3375 ecclesiam,
4140 3317 4340 3380 quum
4375 3295 4604 3362 multis

2656 3376 2737 3443 de
2793 3378 3006 3444 causis
3069 3378 3426 3462 plurimum
3483 3380 3790 3463 expediat
3851 3391 3926 3445 ut
3979 3381 4135 3448 illuc
4184 3382 4414 3449 redeae
4468 3403 4605 3448 non

2656 3462 2867 3529 solum
2900 3474 3166 3547 propter
3201 3464 3433 3531 urbem
3464 3464 3664 3543 illam,
3701 3465 3816 3532 sed
3850 3474 4117 3550 propter
4151 3467 4313 3533 alias
4347 3487 4601 3552 quoque

2656 3557 2725 3614 et
2765 3549 3300 3633 approbationem
3358 3559 3513 3616 tuae
3568 3550 3917 3617 doctrinae.
4009 3553 4111 3618 De
4154 3552 4456 3618 Comitiis
4495 3572 4600 3618 sa-

2656 3635 2790 3701 tius
2825 3656 2968 3701 esse
2987 3644 3146 3719 puto
3181 3648 3260 3700 ιιι
3293 3635 3697 3702 voluntatem
3723 3638 3991 3702 Domini
4028 3647 4498 3721 exspectemus,
4532 3646 4601 3703 et

2654 3741 2883 3786 omnes
2935 3721 3135 3786 etiam
3177 3720 3251 3785 in
3295 3721 3419 3788 hoc
3460 3723 3819 3788 certamine
3861 3724 4237 3803 moriamur,
4284 3746 4481 3806 quam
4523 3734 4602 3789 ut

2654 3805 3049 3872 adversariis
3096 3804 3449 3890 quidquam
3493 3807 3921 3874 concedamus
3966 3809 4280 3877 adversus
4326 3808 4602 3894 gloriam

2651 3893 2797 3970 Dei,
2844 3892 2949 3957 vel
2991 3890 3168 3958 unde
3201 3892 3481 3975 populus
3536 3894 3743 3977 possit
3796 3894 4067 3977 posthac
4115 3895 4314 3960 relabi
4373 3896 4446 3960 in
4496 3915 4600 3960 er-

2651 3998 2882 4043 rorem.
2984 3977 3266 4043 Pietatis
3321 3976 3683 4044 adversarii
3737 3979 3845 4046 hic
3898 3991 3966 4046 et
4027 3982 4100 4045 in
4156 3982 4399 4047 vicinia
4432 3980 4640 4047 inci-‘

2650 4066 2844 4146 piunt
2888 4063 3315 4146 triumphare,
3361 4072 3429 4129 et
3470 4063 3588 4129 hos
3617 4085 3779 4148 quos
3816 4065 3898 4131 ad
3940 4075 4004 4132 te
4046 4067 4234 4131 mitto
4278 4074 4599 4152 spargunt

2651 4148 3058 4299 articulos,²3
3114 4168 3275 4231 quos
3332 4147 3645 4214 adserunt
3699 4172 3738 4215 a
3802 4151 4043 4218 nostris
4108 4151 4190 4217 ad
4245 4152 4600 4218 Gaesarem

2648 4235 2901 4300 missos.
3060 4232 3138 4298 ed
3185 4244 3548 4317 praestaret
3604 4256 3723 4301 nos
3774 4257 4001 4303 omnes
4061 4239 4196 4305 iam
4250 4259 4393 4304 esse
4451 4257 4596 4305 sus-

2646 4339 2884 4402 pensos
2947 4340 3143 4402 quam
3207 4320 3301 4386 sic
3380 4320 3704 4405 evangelii
3780 4322 4128 4388 veritatem
4202 4322 4594 4390 adversariis

2647 4404 2941 4490 prodere,
2985 4405 3357 4489 eisdemque
3399 4406 3690 4489 gladium
3751 4409 4086 4489 praebere,
4147 4430 4274 4559 (huo
4323 4409 4597 4492 posthac

2646 4491 2893 4574 passim
2930 4492 3207 4573 optimos
3239 4513 3368 4575 quo
3447 4513 3528 4557 ue
3568 4491 3937 4576 perderent.
4010 4492 4156 4561 Scri
4202 4517 4240 4559 o
4286 4493 4596 4560 nonnihil

2646 4597 2725 4641 66
2759 4576 2839 4642 (16
2873 4596 2946 4641 ι·6
2973 4575 3261 4660 Capitoni
3293 4584 3361 4643 et
3460 4597 3653 4656 tce-erc,
3698 4587 3974 4662 urgente
4027 4601 4134 4646 me
4177 4580 4592 4659 conscientia,

2644 4663 2904 4728 tametsi
2945 4661 3115 4727 nihil
3149 4661 3440 4728 dubitem
3475 4660 3555 4728 de
3588 4684 3813 4729 eorum
3849 4666 4089 4748 pietate
4125 4686 4201 4732 ac
4219 4666 4590 4750 prudentia.

2644 4744 2794 4814 Scis
2846 4769 2931 4813 ex
2984 4747 3219 4831 quibus
3273 4748 3481 4814 initiis
3545 4758 3935 4815 emanarunt
3996 4752 4180 4817 nobis
4234 4752 4420 4835 impii
4478 4750 4590 4817 isti

2642 4832 2856 4899 cultus
2914 4841 2987 4899 ut
3042 4855 3222 4900 nunc
3276 4833 3485 4918 magis
3540 4835 3629 4899 sit
3684 4835 3874 4902 nobis
3933 4836 4361 4921 vigilandum.
4451 4838 4590 4904 Nec

795 4933 853 5029 ὁ)
888 4962 1079 5030 Bam,
1117 4963 1323 5020 Bauer
1348 4982 1407 5035 p.
1441 4963 1561 5019 528.
1632 4965 1841 5020 Pauca
1870 4972 1992 5034 pou
2028 4966 2216 5024 αεώω
2254 4970 2540 5038 pmmat
2647 5012 2662 5013 f
2749 5010 2762 5013 ι

590 5029 797 5087 Bucen·
832 5047 976 5087 uxor
1010 5047 1133 5087 cam
1169 5033 1355 5089 liberie
1388 5040 1439 5089 et
1478 5033 1674 5102 Capito
1707 5050 1829 5089 eum
1861 5035 1997 5101 filia.

766 5098 853 5167 10)
897 5098 1161 5156 obierant
1192 5118 1273 5156 na
1396 5102 1687 5174 Grynum
1721 5109 1774 5158 et
1801 5103 1989 5172 plures
2014 5106 2371 5175 professores,
2409 5106 2536 5162 item

595 5165 1186 5303 ὢπεῖιιξαὲεαὲῗσν
1224 5173 1248 5237 (
1314 5171 1475 5227 uehat
1520 5172 1578 5226 V.
1618 5169 1766 5238 168).

762 5305 855 5374 12)
890 5307 1208 5364 Ηυόονὺυωι.

2671 5105 2803 5167 m.
2846 5105 2902 5167 l)
2942 5106 3235 5163 Nesciebat
3267 5122 3394 5176 erqo
3429 5109 3542 5163 iam
3582 5108 3859 5164 Genevam
3889 5112 4124 5179 petiisse.

2843 5174 2906 5243 2)
2945 5175 3120 5229 Nulla
3162 5182 3342 5231 exstat
3392 5177 3615 5233 Caluini
3665 5178 3743 5233 ad
3811 5177 4114 5234 Tossanum
4162 5195 4214 5234 a.
4260 5178 4395 5235 1519
4442 5181 4582 5237 anti-

2639 5244 2813 5314 quior.
2842 5273 2918 5379 ἦ
2939 5242 3551 5383 algas-madenam
3552 5263 3606 5301 m
3641 5263 3688 5302 v.
3726 5247 3804 5302 N.
3837 5246 3957 5303 337.
