5050 6167
413 430 532 490 745

1307 617 1457 691 570.

898 754 1390 825 GESNERUS
1434 757 1862 826 OALVINO.

576 925 974 994 Commendat
1028 929 1669 1011 iuvenempatmelie
1721 929 1930 1011 filiam
1983 933 2095 1014 qni
2156 931 2350 998 Gene-

400 1014 2346 1115 mdfflieamlinynamedfeeatapatremittitnr.

404 1096 612 1163 Simul
644 1099 841 1249 tradit
870 1120 1030 1181 opu-3
1063 1121 1251 1167 sunm
1283 1106 1790 1181 recentissimam,
1834 1102 2110 1168 nondum
2141 1107 2348 1168 tamen

673 1356 787 1420 (Ex
821 1357 1158 1427 autographo
1192 1357 1321 1411 Ced.
1357 1357 1597 1413 Gothani
1629 1355 1751 1425 404,
1784 1359 1875 1413 fol.
1912 1356 2059 1427 784.)

564 1542 946 1611 Clarissimo
990 1546 1131 1610 viro
1172 1546 1258 1611 D.
1305 1545 1539 1611 Ioanni
1581 1545 1861 1614 Calvino
1905 1546 2166 1612 domino
2223 1567 2344 1612 suo

389 1628 845 1696 colendissimo
888 1631 1195 1697 eeclesiae
1236 1631 1540 1698 ministro
1583 1631 1759 1698 fideli
1831 1718 2165 1785 Gemma

563 1850 634 1919 S.
706 1854 1038 1920 Mercator
1093 1854 1359 1936 quidam
1421 1854 1830 1921 Genevensis
1871 1855 2082 1920 filium
2145 1876 2339 1921 suum

389 1936 524 2003 huc
566 1937 649 2003 ad
691 1960 810 2003 nos
860 1940 1184 2005 missurus
1241 1950 1343 2005 est
1393 1939 1657 2024 linguae
1712 1940 2057 2007 discendae
2101 1941 2337 2024 gratia,

385 2033 454 2088 et
510 2023 581 2088 in
638 2025 777 2090 eius
831 2025 1048 2090 locum
1105 2033 1489 2109 recepturus
1549 2027 1867 2108 patruelis
1919 2027 2052 2092 mei
2105 2025 2337 2092 itidem

383 2110 767 2176 mercatoris
808 2110 1036 2176 filium.
1126 2109 1264 2178 Sed
1305 2112 1613 2194 quoniam
1648 2120 1715 2176 et
1747 2113 2126 2178 mereatoris
2159 2112 2337 2177 illius

383 2214 631 2260 nomen
671 2195 935 2280 ignoro,
997 2205 1066 2261 et
1119 2196 1351 2280 gallice
1404 2197 1576 2261 nihil
1619 2204 1734 2263 aut
1774 2197 2056 2280 pessime
2100 2198 2333 2276 scribo,

381 2280 504 2344 tibi
549 2280 864 2347 molestus
906 2301 1051 2346 esse
1094 2300 1306 2366 cogor.
1394 2283 1585 2366 Rogo
1638 2291 1705 2347 te
1747 2283 1952 2366 igitur
2003 2291 2079 2348 ut
2120 2283 2336 2350 civem

380 2365 573 2430 illum
617 2376 934 2445 vestrum,
992 2368 1178 2433 cuius
1220 2388 1462 2433 nomen
1505 2388 1594 2433 ex
1635 2368 1747 2434 illo
1792 2368 2016 2434 audies
2057 2370 2170 2451 qui
2213 2368 2335 2434 has

380 2450 503 2517 tibi
548 2452 754 2518 tradit
795 2462 864 2518 et
904 2472 1181 2535 puerum
1227 2462 1527 2519 nostrum
1569 2474 1793 2520 seeum
1836 2452 2127 2531 adducit,
2182 2474 2334 2519 nos-

380 2545 490 2602 tro
535 2539 805 2603 nomine
848 2540 1200 2604 convenias
1251 2548 1319 2604 et
1360 2539 1642 2605 horteris
1694 2547 1771 2604 ut
1811 2560 2007 2606 curae
2049 2538 2172 2606 sibi
2216 2539 2334 2604 ha-

377 2622 536 2689 beat
577 2623 788 2688 filium
829 2624 1145 2706 patruelis
1178 2625 1327 2702 mei,
1370 2645 1571 2707 quum
1606 2624 1787 2704 alias,
1832 2634 1974 2690 tum
2006 2625 2081 2690 in
2116 2623 2335 2690 addis-

377 2707 590 2774 cenda
631 2708 861 2793 lingua
903 2710 1157 2792 gallica.
1236 2710 1481 2776 Latina
1520 2711 1698 2775 enim
1741 2730 1905 2793 opus
1948 2730 2082 2775 non
2115 2709 2331 2776 habet.

375 2795 474 2861 Et
517 2795 575 2861 si
617 2803 691 2859 tu
744 2796 915 2860 forte
970 2815 1089 2877 per
1144 2797 1549 2862 occasionem
1606 2796 1892 2880 aliquam
1945 2796 2334 2880 magistrum

375 2879 644 2947 scholae
687 2879 770 2946 ad
826 2902 1022 2963 quam
1082 2881 1439 2947 mittendus
1483 2889 1582 2946 est
1624 2882 1885 2950 noveris
1900 2932 1917 2960 ,
1977 2881 2039 2946 ei
2093 2901 2335 2963 quaeso

376 2987 657 3050 puerum
688 2964 1169 3032 commendato.
1259 2966 1591 3033 Pati-uelis
1623 2987 1827 3044 meus,
1873 2966 1983 3049 qui
2018 2966 2228 3032 bonus
2268 2973 2335 3032 et

375 3053 700 3118 honestus
744 3051 848 3118 vir
889 3059 1010 3129 est,
1054 3051 1343 3118 vicissim
1401 3073 1535 3117 non
1586 3053 1875 3135 patietur
1927 3051 2088 3134 quin
2129 3051 2336 3117 vestri

374 3138 760 3204 mercatoris
802 3137 936 3202 filio
979 3136 1189 3203 modis
1230 3137 1533 3203 omnibus
1576 3138 2031 3221 prospiciatur.

553 3223 740 3290 Haec
782 3222 1118 3289 hactenus.
1184 3221 1481 3290 Ecclesia
1513 3232 1742 3288 nostra
1776 3222 1908 3288 Dei
1942 3223 2157 3306 gratia
2198 3242 2333 3287 non

376 3307 649 3392 quidem
691 3310 937 3392 optime
979 3307 1093 3374 sed
1136 3306 1549 3373 mediocriter
1600 3309 1767 3373 bene
1807 3308 2011 3374 habet
2025 3359 2041 3385 ,
2096 3307 2333 3373 saltem

373 3416 518 3460 non
564 3393 850 3461 deterius
893 3415 1087 3478 quam
1123 3393 1421 3472 antehae,
1466 3393 1638 3477 quod
1672 3394 1894 3460 seiam.
1961 3394 2066 3458 De
2108 3403 2334 3459 vestra

372 3480 741 3546 multorum
812 3477 986 3545 bona
1058 3479 1434 3545 testimonia
1496 3479 1776 3545 libenter
1852 3478 2187 3558 audimus,
2265 3487 2333 3543 et

373 3566 601 3631 Deum
658 3575 788 3651 opt.
847 3586 1023 3631 max.
1080 3586 1341 3631 oramus
1395 3573 1471 3629 ut
1528 3565 1838 3629 continuo
1894 3564 1966 3628 in
2015 3564 2331 3630 honorem

374 3672 574 3719 suum
617 3673 737 3719 vos
779 3660 1046 3720 tueatur
1087 3658 1154 3717 et
1192 3659 1588 3735 promoveat.
1661 3649 1848 3715 Vale.
1934 3649 2170 3733 Tiguri
2204 3652 2327 3714 28⁰

376 3736 485 3804 die
530 3738 820 3823 Augusti
867 3742 1051 3802 1544.

936 3874 1120 3939 Tuus
1163 3895 1248 3939 ex
1283 3875 1498 3940 animo
1543 3871 1885 3940 conradus
1929 3871 2287 3939 Gesnerus.

552 4079 749 4144 Mitto
791 4081 1123 4164 specimen
1175 4080 1420 4146 laberis
1464 4100 1615 4144 nos-

375 4165 470 4229 tri
496 4168 546 4242 Ι)
590 4167 777 4231 cuius
804 4167 937 4231 iam
983 4165 1156 4231 bona
1188 4187 1341 4250 pars
1377 4185 1618 4231 excusa

377 4258 483 4316 est
497 4299 515 4330 ,
574 4259 642 4315 et
684 4252 874 4335 cupio
917 4252 1032 4318 abs
1075 4261 1142 4318 te
1185 4252 1421 4317 rescire
1465 4260 1618 4316 tuas

372 4335 882 4416 lucubrationes,
928 4338 983 4403 si
1026 4358 1196 4421 quae
1232 4343 1405 4414 sunt,
1452 4356 1616 4419 quas

374 4423 761 4507 ignoremus
804 4422 1048 4502 adhuc,
1106 4431 1172 4488 et
1223 4442 1386 4505 quas
1427 4421 1617 4487 brevi

377 4507 681 4575 editurus
717 4509 825 4589 sis,
862 4516 940 4574 ut
971 4509 1118 4575 illas
1140 4529 1259 4575 sue
1280 4507 1422 4573 loco
1444 4526 1616 4573 com·

373 4613 837 4660 memoremus.

724 4753 793 4760 -α

413 4851 548 4914 570.
586 4850 640 4918 1)
679 4850 1016 4905 Bibliotheca
1060 4851 1380 4904 universalis
1416 4867 1461 4905 s.
1498 4848 1786 4918 Gatalogus
1831 4849 2068 4903 omnium
2105 4849 2331 4917 scripto-

378 4937 502 4974 rum
560 4920 1015 4989 locupletissimus
1072 4919 1128 4972 in
1186 4920 1363 4974 tribus
1418 4919 1617 4990 linguis
1664 4919 1836 4973 latina
1886 4934 2081 4988 graeca
2129 4923 2186 4970 et
2237 4917 2331 4971 he-

377 4991 569 5044 braica
603 4990 933 5043 exstantium
971 4993 1028 5041 et
1060 5004 1169 5040 non
1207 4990 1538 5045 exstantium
1571 4992 1815 5042 veterum
1865 4994 1922 5041 et
1955 4986 2329 5040 recentiorum.

380 5059 575 5128 Tiguri
609 5058 963 5112 Froschover.
1016 5053 1157 5109 1545
1190 5057 1284 5112 fol.

2098 438 2259 500 1544
2307 432 2701 502 ΔΠΘΠΒΤ.

4272 446 4398 510 ⁷46

3365 624 3508 697 571.

2906 759 3313 829 V‘IRE'I'US
3358 762 3954 832 GUAL'PHERO.

2630 930 2794 1011 Quos
2869 932 3235 998 Taricenees
3302 936 3831 1017 commutarunt,
3894 937 3950 1001 ii
4014 938 4399 1006 Lansannae

2451 1034 2577 1080 non
2618 1016 2884 1082 multum
2913 1018 3325 1101 profecerunt,
3367 1039 3559 1100 quam
3590 1022 3790 1104 pestis
3832 1027 3888 1088 et
3921 1043 4202 1089 annonae
4233 1026 4399 1090 cari-

2452 1105 2556 1164 tas
2595 1107 2841 1181 vexant,
2887 1101 3029 1168 belli
3068 1124 3350 1168 rmore-s·
3387 1125 3756 1188 suspensam
3788 1112 3999 1173 tenent.
4089 1109 4197 1174 Ex
4244 1110 4398 1177 Gal-

2453 1186 2547 1250 lia
2587 1186 2850 1252 meliora
2882 1190 3277 1253 nunciantur.
3346 1189 3430 1254 In
3459 1191 3806 1257 Germania
3846 1194 4146 1274 inferiore
4181 1194 4398 1261 Liber-

2449 1271 2572 1334 tim·
2614 1291 2766 1354 quoe
2805 1274 3022 1340 dicunt
3063 1277 3428 1340 exciderant
3468 1298 3694 1342 novum
3726 1283 3781 1343 et
3812 1279 4161 1345 detestabae
4203 1279 4396 1347 homi-

2448 1376 2602 1420 num
2640 1378 2852 1441 yenue,
2896 1364 3111 1425 contra
3149 1379 3306 1442 quos
3352 1359 3656 1429 Calvinus
3692 1364 4043 1446 scripturus
4082 1371 4187 1432 eet.

2452 1525 2564 1592 (Ex
2599 1528 2937 1599 autographo
2970 1529 3187 1582 Archiv.
3224 1529 3402 1585 Turio.
3438 1531 3580 1586 Plut.
3600 1532 3694 1587 VI.
3733 1534 3838 1589 vol.
3877 1533 3976 1588 166
4011 1537 4140 1589 olim
4174 1537 4315 1607 Epp-
4349 1542 4389 1591 t.

2909 1596 2995 1664 24,
3028 1598 3121 1653 fol.
3153 1596 3274 1652 229.
3313 1627 3375 1639 -—
3414 1599 3626 1655 Simler.
3663 1602 3788 1657 Vol.
3823 1601 3940 1670 55.)

2619 1783 2958 1869 Singulari
3000 1785 3367 1852 eruditione
3405 1808 3480 1854 ac
3543 1789 3788 1872 pietate
3845 1791 4262 1857 ornatissimo
4303 1791 4390 1858 D.

2444 1868 2791 1955 Rodelpho
2814 1869 3186 1937 Gualthero
3222 1872 3634 1938 ecclesiastae
3658 1875 3977 1959 Tigurino
4011 1876 4393 1943 fidelissimo

2440 1956 2633 2020 fratri
2676 1966 2743 2021 et
2786 1955 2992 2022 amico
3028 1957 3415 2023 suavissimo
3882 2046 4111 2132 Tiguri

2613 2175 2682 2243 S.
2728 2177 2877 2243 Non
2913 2179 3242 2260 potuimus
3275 2178 3401 2263 piis
3439 2179 3748 2247 tratribus
3791 2203 3951 2265 quos
3989 2182 4177 2248 nobis
4213 2202 4390 2249 eom-

2437 2262 2800 2329 mendastis
2842 2263 3126 2330 multum
3169 2266 3479 2331 conferre.
3567 2266 4024 2334 Praestitimus
4066 2268 4241 2352 quod
4282 2290 4393 2353 po-

2437 2349 2687 2415 tuimus
2702 2399 2718 2427 ,
2775 2348 2968 2432 plura
3007 2350 3385 2432 praestituri
3442 2352 3500 2417 si
3550 2351 3704 2434 quid
3752 2353 3929 2435 apud
3985 2375 4104 2421 nos
4160 2354 4392 2422 fuisset

2434 2435 2786 2585 {¹15¹}ss
2800 2443 3279 2587 “etiem
3323 2436 3535 2586 ⁰⁹52.
3558 2437 3740 2586 quii,
3785 2439 3889 2588 Ἐξ
3941 2437 4353 2590 ἓὲῗιῑέἓωὶἰ

2435 2605 2726 2756 ..aa
2777 2546 4388 2778 ammae.

2436 2774 2680 2840 artium
2723 2783 3222 2860 contemptores.
3296 2775 3373 2843 Si
3415 2779 3781 2862 praefectus
3822 2781 3891 2845 in
3932 2778 4094 2846 urbe
4136 2781 4387 2860 fiiisset,

2435 2860 2656 2927 forsan
2699 2860 2892 2944 plura
2931 2870 3001 2926 et
3043 2864 3324 2928 certiora
3366 2863 3640 2930 inventa
3678 2865 3976 2931 fuissent.

2611 2945 2707 3010 De
2748 2945 2944 3013 rebus
2987 2949 3229 3013 nostris
3275 2949 3444 3013 nihil
3495 2959 3597 3016 est
3652 2950 3822 3034 quod
3877 2948 4071 3017 valde
4113 2949 4389 3035 dignum

2437 3032 2687 3114 scriptu
2730 3053 3045 3097 censeam.
3134 3032 3240 3099 De
3282 3034 3470 3101 bellis
3511 3035 3709 3101 multi
3759 3036 4125 3102 audiuntur
4165 3059 4387 3106 rumo-

2436 3138 2545 3183 res
2588 3115 2704 3183 sed
2745 3138 2970 3183 omnes
3028 3119 3194 3184 varii
3238 3125 3304 3184 et
3343 3119 3597 3186 incerti.
3686 3120 3980 3205 Quisque
4023 3122 4148 3188 sibi
4191 3124 4386 3208 fingit

2436 3201 2608 3285 quod
2649 3204 2791 3287 ipse
2833 3211 3047 3286 optat,
3104 3211 3172 3268 et
3215 3204 3495 3271 libenter
3536 3205 3743 3272 credit
3778 3207 3953 3290 quod
3993 3209 4197 3292 cupit:
4259 3228 4387 3293 quo

2435 3289 2513 3353 fit
2555 3294 2632 3353 ut
2672 3288 2863 3372 pauci
2899 3288 3324 3355 inveniantur
3376 3289 3560 3375 digni
3602 3292 3839 3375 quibus
3881 3291 4044 3360 fides
4088 3293 4388 3362 habenda

2436 3374 2539 3440 sit.
2629 3374 2867 3453 Pestis,
2911 3395 3079 3457 quae
3121 3373 3308 3441 nobis
3350 3376 3649 3442 inducias
3690 3375 3960 3443 dederat
3974 3429 3990 3455 ,
4049 3379 4387 3446 recrudes-

2434 3460 2543 3525 cit.
2632 3459 2837 3525 Faxit
2876 3461 3202 3526 Dominus
3244 3468 3324 3527 ut
3367 3462 3632 3528 tandem
3674 3469 3774 3527 tot
3812 3462 4026 3547 plag-is
4068 3463 4386 3531 admoniti

2433 3546 2908 3628 resipiscamus.
2995 3545 3210 3611 Valde
3250 3547 3460 3630 pressi
3514 3548 3763 3614 fuimus
3819 3548 3943 3615 hoc
3998 3571 4171 3614 anno
4228 3551 4389 3617 cari-

2434 3639 2573 3696 tate
2615 3651 2935 3708 annonae‚
2957 3631 3013 3715 ²)
3057 3652 3180 3698 nec
3220 3632 3431 3699 multo
3465 3633 3947 3700 foecundiorem
3981 3656 4162 3718 spem
4197 3636 4386 3704 nobis
4433 3717 4442 3722 μ

2433 3716 2777 3800 proximus
2819 3715 3180 3801 pollicetur.
3267 3717 3528 3801 Urgent
3567 3720 3845 3801 penuria
3885 3727 3953 3785 et
3993 3721 4217 3804 pestis,
4259 3721 4387 3785 im-

2434 3803 2692 3867 minent
2743 3801 3151 3868 atrocissima
3196 3802 3366 3869 bella
3420 3814 3488 3869 et
3546 3804 3660 3870 vix
3714 3810 3933 3871 tamen
3988 3806 4385 3889 expergisci-

2434 3907 2602 3951 mur.
2692 3886 2929 3953 Gallus
2978 3889 3155 3953 inter
3207 3888 3329 3954 hos
3376 3888 3647 3955 bellicos
3699 3899 3918 3956 motus
3971 3890 4180 3956 multa
4233 3909 4386 3956 eon-

2434 3973 2633 4037 cessit
2671 3973 2982 4039 fratribus
3022 3973 3565 4051 Provincialibus,
3585 3972 3642 4061 3)
3695 3975 3873 4040 inter
3913 3996 4075 4059 quos
4116 3974 4389 4058 plurimi
4457 4027 4464 4034 .

2436 4065 2595 4123 sunt
2637 4078 2721 4122 ex
2763 4057 3092 4125 veteribus
3134 4058 3592 4126 Valdensibus.
3681 4059 3918 4125 Vetuit
3959 4061 4261 4144 persequi
4303 4061 4386 4127 ob

2435 4142 2821 4227 religionem
2864 4165 3275 4229 quemqum,
3318 4144 3434 4211 sed
3468 4146 3660 4212 iussit
3693 4146 3776 4212 ad
3819 4146 4155 4229 privatum
4190 4167 4387 4214 suum

2474 4382 2601 4442 571.
2639 4382 2698 4444 1)
2912 4381 2924 4392 ’
3051 4381 3218 4436 delo.
3439 4383 3515 4451 fio
3548 4383 3992 4450 Brnchsaliense,
4029 4383 4129 4452 qm·
4162 4401 4217 4437 a.
4252 4382 4388 4439 1500

2435 4456 2626 4517 nm,
2663 4450 2717 4504 L
2872 4450 3025 4517 viae,
3063 4450 3334 4518 Dua-laci,
3418 4452 3683 4507 olmariae
3717 4458 3769 4506 et
3800 4452 4163 4521 Arqenwrati
4196 4452 4383 4507 vario-

2436 4536 2563 4574 rum
2597 4519 2809 4573 scholas
2843 4518 2990 4573 adiit
3022 4519 3273 4586 quamvis
3290 4535 3504 4575 mama
3534 4526 3867 4590 paupertate
3899 4535 4218 4601 oppressae,
4247 4536 4384 4590 poe-

2437 4594 2528 4643 tea
2576 4587 2971 4655 Heidelberqae
3022 4592 3071 4641 et
3124 4588 3400 4655 Friburyi
3447 4590 3736 4644 altioribus
3799 4590 4000 4645 studiis
4051 4590 4271 4644 deditum
4333 4595 4387 4645 et

2436 4657 2674 4712 maxime
2707 4656 3005 4723 historicis,
3043 4655 3262 4710 tandem
3311 4657 3410 4711 vix
3449 4663 3836 4725 praetextatus
3872 4665 4073 4727 pastor
4103 4659 4289 4726 factae
4321 4659 4386 4713 in

2435 4726 2557 4781 vico
2600 4725 2858 4780 Rubicon
2895 4724 3046 4847 pm
3091 4725 3408 4780 Turicensie
3419 4766 3436 4793 ,
3493 4727 3639 4781 inter
3772 4727 3896 4782 'moe
3941 4726 4385 4794 reformationem

2433 4793 2722 4862 amplexus
2766 4799 2860 4848 eet.
3046 4795 3245 4849 onicon
3288 4794 3604 4849 helveticum
3720 4795 3828 4850 idit
3873 4814 3928 4850 a.
3979 4797 4141 4863 1548,
4185 4801 4385 4864 postea

2436 4864 2506 4917 ab
2550 4863 2733 4931 ipsine
2777 4863 2893 4931 filio
2938 4867 2992 4917 et
3034 4861 3260 4918 Waeero
3310 4863 3688 4918 continuatum
3734 4869 3786 4918 et
3834 4879 3863 4918 s
3983 4865 4060 4918 ‘ns
4103 4865 4382 4920 iteratum.

2444 4930 2593 4987 Obiit
2628 4950 2684 4986 a.
2726 4931 2874 4985 1566.
2951 4932 3033 4997 Cf.
3068 4931 3366 5000 Hottinqer
3399 4931 3531 4986 KG.
3568 4932 3686 4987 ΙΙΙ
3731 4933 3815 4988 83.
3957 4935 4125 4988 uehat
4170 4934 4223 4989 I.
4263 4934 4380 4986 100.

2642 5002 2702 5064 2)
2735 4999 3030 5054 Μέηιοίνεε
3063 4999 3129 5054 de
3165 5001 3501 5070 Pierrefleur
3526 5019 3588 5070 p.
3623 5001 3743 5055 225.

2434 5137 2504 5191 43
2537 5068 3769 5194 ψῧᾴὲωᾞᾎὴαῖψΜῶᾝῖι
3801 5075 3939 5193 ’.Ξῧῖ
3964 5070 4152 5194 ῗέὲ.
4165 5070 4380 5206 ’ἕὲᾱέ

2435 5206 2706 5276 eiquidem
2756 5225 2795 5261 a
2831 5212 3198 5275 procuratore
3247 5208 3397 5275 reyio
3453 5223 3634 5262 iriense
3679 5208 3958 5262 Ianuario
4007 5207 4141 5261 1545
4192 5179 4384 5263 litera}

2435 5279 2637 5331 missae
2667 5276 2900 5343 fuerunt
2927 5277 3126 5344 priora
3157 5281 3210 5330 et
3242 5277 3521 5331 severiora
3553 5276 3733 5331 edicta
3766 5276 4168 5345 confirmantes,
4218 5278 4382 5332 caiae

2433 5344 4184 5415 reipraeeaetoriepronotorfioitc'ardinaliedeff'ournon.
