5050 6167
652 448 778 513 689

648 636 1087 716 opportunum
1136 628 1359 694 visum
1409 628 1639 706 fuerit,
1695 652 1771 698 ac
1823 630 1951 714 ipsi
1995 631 2399 716 significaris
2489 631 2595 695 'I'u

649 719 855 804 igitur
911 735 1115 799 quum
1170 713 1479 797 expedire
1532 715 1870 795 iudicaris,
1916 716 2142 783 scribe.
2231 715 2406 796 Quid
2445 736 2595 781 cum

649 825 727 869 eo
770 802 1047 886 egerim,
1104 807 1171 866 et
1222 806 1298 864 ut
1348 821 1456 867 res
1509 801 1646 868 illic
1700 800 2016 880 habeant,
2072 802 2294 884 paucis
2353 802 2593 884 accipe.

653 887 959 973 Princeps
992 883 1298 951 defuncta
1331 893 1448 951 est.
1465 889 1526 963 ⁴)
1576 887 1967 952 Gaueherius
1982 887 2039 973 ⁵)
2074 889 2145 952 in
2169 887 2597 952 Germaniam

650 974 979 1058 profectus
1023 978 1140 1051 est,
1183 969 1356 1055 quod
1397 972 1604 1038 literis
1647 972 2016 1039 admonitus
2059 973 2147 1037 sit
2187 972 2596 1039 commodam

649 1057 874 1124 offerri
907 1057 1309 1123 occasionem
1344 1055 1469 1121 sibi
1502 1056 1584 1122 ad
1623 1079 1729 1123 res
1750 1057 2184 1125 conficiendas
2205 1080 2354 1124 cum
2377 1057 2593 1137 Gallo,

648 1152 993 1229 postquam
1051 1141 1186 1206 dux
1241 1142 1640 1208 Aurelianus
1695 1143 1901 1209 ambit
1953 1141 2180 1209 foedus
2235 1164 2387 1209 cum
2444 1164 2595 1227 pro-

649 1227 1062 1306 testantibus,
1100 1234 1167 1292 et
1201 1249 1271 1293 se
1299 1228 1717 1313 evangelium
1751 1236 2198 1312 promoturum
2233 1229 2595 1312 pollicetur.

648 1315 758 1381 Ita
812 1313 1003 1380 nobis
1072 1320 1410 1377 narratum
1477 1321 1596 1382 est.
1673 1313 1888 1394 Quam
1944 1336 2177 1380 verum
2237 1316 2356 1391 sit,
2417 1313 2596 1378 haud

651 1400 811 1467 satis
853 1398 1060 1464 habeo
1103 1407 1523 1480 compertum.
1584 1398 1934 1465 Zebedaeus
1973 1420 2229 1465 mecum
2271 1399 2597 1482 profectus

652 1494 783 1565 est,
828 1492 896 1549 at
938 1482 1018 1549 de
1062 1483 1201 1549 eius
1257 1484 1519 1568 negotio
1540 1482 1597 1567 θ)
1652 1505 1781 1549 non
1838 1485 2026 1552 licuit
2080 1507 2217 1550 una
2270 1506 2418 1550 cum
2462 1484 2598 1550 Fa-

649 1571 805 1637 rello
858 1569 1149 1653 colloqui.
1237 1568 1410 1633 Nam
1454 1591 1530 1635 eo
1570 1571 1712 1654 ipso
1758 1570 1881 1649 die,
1926 1591 2053 1653 quo
2098 1592 2359 1636 eramus
2401 1569 2598 1635 collo-

651 1655 937 1741 quuturi,
982 1675 1066 1719 ex
1108 1655 1439 1738 insperato
1483 1654 1669 1720 adest
1707 1655 2049 1735 SalteeruS,
2094 1656 2208 1737 qui
2252 1676 2322 1721 se
2366 1676 2599 1738 exspa-

651 1739 861 1807 tiandi
916 1739 1128 1824 gratia
1180 1759 1256 1804 eo
1309 1741 1669 1824 profectum
1736 1741 2005 1807 dicebat.
2091 1742 2193 1806 Eo
2257 1750 2599 1824 praesente

653 1826 989 1910 negotium
1023 1825 1302 1889 fratrum
1337 1824 2042 1910 Mombelgardensium
2063 1827 2118 1909 ⁷)
2155 1826 2598 1906 tractavimus,

651 1913 838 1980 cuius
882 1910 1092 1994 gratia
1133 1910 1217 1975 ad
1259 1917 1326 1975 te
1369 1921 1841 1978 concesserant.
1916 1911 2098 1993 Quid
2140 1913 2280 1996 ipse
2324 1913 2601 1977 senserit

651 1997 814 2063 satis
852 2004 1054 2076 tenes,
1099 1996 1345 2078 opinor.
1434 1996 1739 2079 Optarim
1783 1998 1940 2080 quid
1981 1998 2142 2081 ipsis
2187 1996 2603 2081 responderis

650 2081 1047 2166 intelligere,
1101 2100 1176 2145 ac
1214 2090 1396 2146 tuam
1439 2083 1831 2147 sententiam
1873 2083 1929 2149 si
1971 2083 2283 2167 scriptam
2326 2083 2602 2161 dederis,

653 2167 738 2234 ad
778 2188 886 2233 me
929 2168 1119 2231 mitti.
1197 2166 1280 2231 In
1323 2187 1520 2250 quam
1553 2167 1947 2233 sententiam
1992 2166 2603 2253 descenderimuS,⁸)

652 2253 815 2321 satis
870 2273 987 2336 per
1044 2259 1111 2316 te
1164 2251 1446 2319 coniicis.
1539 2251 1940 2333 Capaneulus
1994 2254 2064 2319 in
2118 2252 2507 2338 quibusdam
2563 2274 2604 2318 a

651 2338 841 2405 nobis
893 2346 1168 2403 eatenus
1224 2336 1531 2403 dissensit
1583 2347 1659 2403 ut
1711 2341 2103 2404 sententiam
2168 2339 2600 2421 suspenderit,

651 2425 822 2491 sicut
864 2430 932 2488 et
978 2422 1330 2489 Saltem-s.-
1383 2421 1495 2489 sed
1538 2422 1647 2488 hic
1687 2424 1761 2488 in
1804 2424 2124 2507 baptismo
2178 2424 2603 2490 obstetricum

651 2509 990 2575 duntaxat.
1076 2507 1289 2574 Coetu
1352 2509 1782 2592 qualicunque
1846 2510 2125 2579 fratrum
2189 2509 2476 2587 dimiss0‚
2536 2516 2604 2573 et

651 2594 930 2678 prandio
974 2592 1294 2673 absoluto,
1342 2593 1672 2659 Sala-erus
1713 2593 2207 2660 columbarium
2227 2596 2285 2675 9)
2328 2596 2455 2659 iter
2497 2596 2601 2659 in-

651 2679 994 2757 stituebat,
1061 2679 1167 2744 cui
1222 2698 1294 2743 se
1351 2678 1654 2743 comitem
1719 2679 1894 2744 ultro
1951 2680 2187 2747 obtulit
2230 2679 2600 2759 Zebedaeus’,

649 2785 848 2848 quem
889 2766 1029 2847 ipse
1070 2784 1204 2828 non
1246 2764 1587 2830 recusavit.
1669 2763 1818 2832 Illic
1862 2764 2172 2849 quidquid
2215 2764 2344 2830 diei
2384 2766 2603 2829 fuerat

648 2849 973 2933 reliquum
1036 2856 1502 2931 consumptum
1565 2856 1694 2928 est,
1763 2859 1832 2916 et
1905 2851 2357 2933 subsequentis
2432 2849 2603 2915 bona

648 2955 836 3020 pars:
880 2955 1008 3017 quo
1050 2934 1297 2999 factum
1332 2940 1433 3000 est
1473 2941 1552 2999 ut
1591 2935 1759 3000 mihi
1799 2956 1902 3001 ex·
1927 2956 2001 3001 eo
2036 2956 2171 3000 non
2204 2937 2291 3001 sit
2324 2942 2603 3020 uterque

650 3021 856 3089 visus.
897 3020 1071 3086 Nam
1103 3019 1270 3084 mihi
1303 3019 1749 3085 festinandum
1785 3028 1944 3100 erat,
1988 3028 2182 3104 atque
2217 3021 2365 3086 ideo
2389 3027 2603 3085 totum

649 3105 826 3172 diem
868 3126 1023 3171 cum
1066 3104 1322 3171 Farello
1385 3106 1790 3188 consumpsi,
1847 3107 1951 3171 cui
1993 3127 2256 3172 causam
2301 3106 2605 3172 Zebedaei

649 3192 936 3270 narravi,
982 3197 1051 3255 et
1091 3188 1248 3273 quid
1273 3187 1492 3256 Orbac
1527 3211 1677 3256 cum
1710 3191 1984 3258 ecclesia
2003 3192 2284 3275 egissem
2305 3191 2603 3274 proximo

652 3276 976 3342 dominico
1033 3273 1157 3341 die.
1243 3275 1518 3341 Postero
1588 3275 1692 3342 die
1768 3276 1931 3343 solvi
1985 3283 2060 3342 ut
2113 3298 2219 3343 me
2275 3277 2605 3343 facturum

647 3380 1222 3446 praemonueram,
1276 3358 1450 3443 quod
1504 3359 1589 3426 ad
1645 3361 1817 3427 diem
1861 3362 2145 3428 Veneris
2169 3366 2254 3439 ¹⁰)
2297 3382 2604 3445 cuperem

558 3482 562 3486 >
648 3447 1085 3514 Lausannam
1127 3446 1475 3529 pervenire
1517 3453 1596 3511 ut
1628 3447 1981 3514 conventui
2014 3448 2292 3513 fratrum
2325 3449 2602 3514 interes-

648 3552 810 3611 sem,
856 3531 969 3614 qui
1011 3552 1186 3595 nunc
1229 3530 1401 3596 coire
1436 3531 1603 3597 solet
1635 3554 1712 3598 eo
1754 3532 1876 3598 die.
1923 3531 2148 3614 Quum
2182 3532 2602 3600 Columbario

647 3616 994 3683 transirem
1008 3666 1027 3696 ,
1075 3615 1428 3681 zebedaeus
1483 3622 1551 3681 et
1606 3616 1933 3684 Sultzerus
1993 3637 2144 3683 cum
2201 3618 2604 3686 Watevilensi

645 3701 1210 3786 colloquebantur,
1267 3722 1544 3785 quorum
1596 3703 1778 3768 nolui
1837 3704 2228 3788 colloquium
2284 3724 2433 3769 meo
2485 3703 2600 3770 ad-

643 3794 847 3855 ventu
891 3786 1388 3869 interrumpere.
1473 3786 1647 3853 Nam
1700 3789 1971 3854 veniens
2023 3811 2098 3855 ac
2143 3789 2294 3855 illac
2335 3791 2462 3854 iter
2502 3790 2600 3855 fa-

644 3874 828 3939 ciens
887 3872 1223 3939 consulem
1280 3871 1670 3952 salutaram,
1725 3881 1795 3939 et
1834 3875 2061 3958 paucis
2103 3895 2255 3940 cnm
2300 3895 2377 3940 eo
2421 3896 2602 3940 eram

643 3958 1086 4041 colloquutus,
1142 3966 1220 4022 ut
1260 3956 1424 4021 nihil
1467 3967 1837 4041 superesset
1876 3961 2061 4026 cuius
2225 3960 2319 4026 tia
2362 3961 2600 4027 obtun-

645 4044 887 4110 derem.
932 4041 1142 4125 Spero
1178 4042 1558 4109 Zebedaeum
1592 4045 1656 4109 N
1659 4064 1993 4112 cocomum
2036 4067 2109 4111 re
2157 4046 2305 4111 iisse
2341 4065 2418 4110 ac
2450 4065 2601 4110 cum

647 4127 899 4196 Farello
940 4127 1139 4195 latius
1180 4128 1450 4196 consilia
1487 4130 2017 4197 communicasse.
2075 4129 2304 4213 Quum
2348 4129 2602 4196 Orbam

698 4520 710 4533 ·
856 4452 913 4515 4)
950 4451 1216 4534 Iohcpqma
1239 4451 1307 4507 de
1321 4451 1630 4534 Hoehbery,
1666 4453 1860 4534 haeres
1883 4454 2172 4509 comitam-s
2192 4452 2598 4534 Neocomeywis,

648 4520 825 4577 mdua
858 4520 1134 4602 Ludovtcy
1166 4521 1590 4603 Aprelmensw
1637 4521 1797 4578 dum
1831 4522 1898 4577 de
1932 4522 2306 4604 Igonyuevn'lle,
2358 4523 2493 4577 obtat
2529 4523 2594 4576 21

646 4589 801 4658 Sept.
872 4588 1165 4672 Successu-
1183 4605 1235 4645 οι
1268 4591 1387 4646 ἀνω
1420 4590 1768 4672 Fraacfseus
1800 4607 1868 4646 ex
1900 4591 2015 4658 filzo
2048 4606 2239 4660 nepos.

853 4659 912 4781 ἓ)
948 4657 1161 4781 §av-gg}
1194 4659 1391 4729 frater,
1431 4659 1633 4756 Gomttt
1663 4659 1731 4715 de
1764 4659 2153 4729 Fmstembera
2187 4678 2226 4714 α
2260 4658 2509 4714 concam

852 4796 884 4848 ἰ
946 4767 1029 4851 ΝΣ
1062 4767 1185 4851 506Ῑ
1215 4797 1413 4864 Ipsum
1441 4797 1747 4852 romam
1773 4796 2030 4878 ‘adesam
2045 4796 2368 4877 auspic-mr
2382 4794 2592 4851 Kerau-

643 4865 802 4948 {nefor
835 4864 1036 4933 (Farel
1055 4864 1146 4920 11.
1166 4865 1260 4931 87)
1297 4882 1456 4935 quem
1487 4871 1673 4921 tamen
1711 4865 1935 4921 Veretum
1967 4866 2183 4921 anenno
2216 4881 2314 4921 vm
2344 4871 2591 4935 praeter·

801 4973 817 4989 ’
853 5002 913 5071 8)
953 5002 1133 5072 Quam
1182 5001 1445 5069 scriptam
1487 5001 1968 5072 Monbelqardiam
2019 5003 2476 5071 brustemiam,
2530 5018 2593 5060 eo

647 5072 870 5127 nomm
900 5087 1028 5126 mox
1062 5087 1101 5126 a
1134 5072 1799 5165 aenatuBeu-nemoe‘tati
1831 5077 1884 5126 et
1916 5071 2239 5142 vituperati,
2276 5090 2329 5127 v.
2354 5072 2593 5128 Kirehh.

643 5140 683 5195 1.
716 5141 774 5210 1.,
810 5140 1036 5276 Βῶσήαι
1073 5139 1140 5194 V.
1175 5140 1300 5278 4153.
1322 5224 1493 5279 Propo
1527 5209 1594 5264 N
1872 5248 1892 5278 ’
2109 5214 2232 5267 orat
2261 5208 2340 5266 W
2563 5209 2597 5223 ..

820 5317 909 5415 ιό)
944 5345 982 5399 2
1013 5346 1161 5405 Nou.
1192 5346 1311 5402 ‚aaa
1341 5346 1605 5404 maturio
1636 5347 1715 5404 aa
1746 5347 1799 5403 9.
1830 5362 2130 5405 ramore.

2197 439 2716 509 EPISTOLAE
2756 443 3097 508 512-514

4505 443 4621 508 640

2696 629 2858 711 adii,
2916 631 3052 696 iam
3100 626 3278 694 idem
3320 625 3640 710 cogitarat
3681 624 3763 691 de
3806 624 4111 704 Genava,
4166 623 4339 709 quod
4378 646 4518 692 nos:
4543 629 4623 713 ¹¹)

2697 737 2825 800 quo
2883 718 3130 782 factum
3184 718 3286 778 est
3337 719 3447 797 ut,
3469 731 3606 776 non
3659 710 3825 775 mihi
3879 710 4079 796 longa
4130 712 4419 777 oratione
4472 733 4627 797 opus

2696 802 2908 867 fuerit.
2956 801 3137 883 Quid
3178 804 3395 864 autem
3442 797 3744 862 statuerit
3776 796 4070 862 nondum
4104 805 4280 862 certo
4313 798 4491 880 potui
4521 798 4629 865 de-

2696 887 3132 970 prehendere,
3191 892 3305 950 aut
3346 881 3502 966 quid
3545 883 3762 948 arcani
3803 880 4044 948 habeat
4084 881 4356 952 consilii.
4443 882 4629 966 Spem

2699 974 2910 1038 noluit
2951 974 3337 1039 confirmare
3380 968 3689 1034 fratribus
3733 965 4019 1034 Orbanis
4069 968 4206 1034 illic
4244 967 4483 1051 figendi
4522 991 4631 1053 pe-

2700 1058 2821 1138 dis,
2863 1079 2986 1125 nec
3027 1057 3293 1142 penitus
3327 1052 3613 1133 advenit,
3650 1060 3846 1136 atque
3880 1055 3973 1119 ita
4005 1074 4262 1137 semper
4292 1053 4463 1120 idem
4494 1055 4632 1120 vol-

2698 1144 2918 1210 vimus
2974 1165 3227 1209 saxum.
3314 1139 3497 1221 Quid
3544 1136 3856 1205 Cortesius
3911 1161 4059 1205 cum
4103 1138 4375 1223 leprosis
4415 1141 4632 1222 egerit,

2700 1235 2768 1294 te
2810 1228 3140 1295 audivisse
3179 1232 3355 1311 puto.
3406 1223 3808 1305 capuncuzus
3848 1231 4039 1308 parat
4078 1224 4163 1290 ad
4204 1232 4270 1290 te
4304 1224 4636 1308 epistolam

2700 1337 2898 1399 quam
2940 1314 3344 1399 promiserat.
3374 1312 3454 1392 12)
3540 1311 3644 1375 'I'u
3686 1309 3840 1375 vide
3882 1319 3956 1376 ut
3999 1311 4206 1376 amice
4248 1310 4636 1393 respondeas

2701 1410 2768 1465 et
2811 1407 2963 1466 tuae
3003 1399 3358 1465 modestiae
3415 1396 3806 1461 memineris.
3895 1394 4106 1479 Spero
4161 1417 4292 1460 non
4339 1394 4637 1462 acerbum

2700 1487 2771 1551 in
2835 1492 2902 1551 te
2958 1486 3268 1550 futurum.
3359 1481 3725 1546 Admonuit
3788 1483 3993 1547 amice
4057 1481 4224 1546 mihi
4287 1501 4547 1546 rursum
4602 1503 4641 1547 a

2700 1572 2942 1638 nostris
2982 1572 3201 1655 parari
3244 1566 3531 1647 insidias,
3577 1574 3646 1631 et
3686 1568 4205 1633 criminationem
4247 1566 4424 1650 apud
4466 1567 4638 1650 prin·

2701 1655 3453 1824 ἓξὲθθῂιῖἳῗὲἓῗᾱῑέἕὲἒ
3486 1651 4644 1821 ἔὲἵᾘοῖἑέἓῖἷὲπέἴιέὲνὲῗῗιῖ

2703 1827 2934 1894 dicisse
2977 1848 3018 1892 a
3059 1826 3363 1910 quopiam
3416 1824 3528 1907 qui
3568 1823 3732 1890 bene
3776 1825 3968 1889 norit.
4056 1824 4256 1889 Nolui
4297 1844 4533 1907 urgere
4572 1828 4644 1888 ut

2702 1915 2868 1979 mihi
2908 1913 3195 1979 hominis
3238 1931 3476 1975 nomen
3520 1910 3934 1991 exprimeret.
3994 1910 4409 1991 Exspectabo
4454 1929 4644 1974 even-

2703 2006 2862 2064 tum.
2944 1998 3197 2065 Omnes
3241 2018 3312 2061 se
3355 1996 3597 2061 amicos
3639 1997 3928 2078 fingunt:
3973 1995 4198 2078 quales
4242 1996 4378 2061 sint
4419 1994 4644 2060 Domi-

2703 2107 2830 2150 nus
2874 2085 3095 2162 novit,
3154 2102 3351 2166 quem
3409 2101 3598 2163 spero
3639 2080 3808 2145 mihi
3850 2080 4237 2160 affuturnm‘,
4293 2101 4418 2147 nec
4460 2077 4647 2146 valde

2704 2190 2990 2235 moveor.
3081 2167 3304 2249 Quum
3347 2165 3639 2232 abessem
3685 2165 4111 2231 Franehesius
4135 2167 4218 2244 ¹⁸)
4264 2185 4458 2230 suam
4499 2184 4646 2230 cau-

2704 2277 2846 2322 sam
2911 2255 3046 2338 ogit
3109 2273 3325 2320 coram
3389 2251 3731 2328 fratribus,
3809 2251 4044 2333 quibus
4108 2258 4366 2317 vestras
4431 2250 4649 2314 literas

2703 2341 3116 2424 reliqueram.
3194 2337 3381 2405 Abiit
3422 2345 3646 2402 tamen
3688 2338 3977 2402 Bernam
3995 2387 4011 2415 ,
4056 2337 4306 2419 opinor,
4353 2334 4469 2402 sed
4513 2335 4649 2400 sine

2703 2426 2839 2491 ullo
2883 2433 3106 2491 nostro
3148 2422 3536 2490 testimonio.
3602 2420 3756 2487 Duo
3797 2421 3897 2487 illi
3936 2422 4385 2501 Franciscani,
4412 2419 4498 2505 ¹⁴)
4540 2419 4651 2504 qui

2711 2510 3067 2578 G-odellarii
3100 2509 3353 2575 diaconi
3374 2506 3780 2574 Nidunensis
3814 2507 4158 2574 consilium
4194 2507 4461 2591 sequuti
4482 2512 4650 2585 sunt,

2703 2597 2939 2679 quibus
2980 2596 3121 2679 ipse
3164 2593 3302 2660 dux
3344 2592 3428 2659 ad
3470 2593 3761 2658 Bernam
3801 2594 3959 2673 fuit,
4015 2614 4211 2676 opera
4271 2592 4550 2658 Sulteeri
4590 2596 4654 2654 et

2702 2681 3265 2749 commendatione
3319 2678 3773 2744 ministrorum
3831 2678 4099 2745 admissi
4138 2686 4296 2745 sunt
4340 2677 4428 2743 ad
4471 2676 4653 2742 scho-

2700 2767 3002 2834 lasticam
3043 2765 3500 2833 conditionem.
3559 2764 4019 2830 Commendati
4061 2786 4102 2829 a
4138 2765 4294 2830 totis
4339 2760 4654 2830 classibus

2703 2859 3238 2918 contemnuntur:
3284 2849 3396 2934 qui
3436 2850 3728 2932 privatas
3761 2850 4009 2915 habent
4040 2848 4654 2926 commendationes,

2703 2938 3077 3022 impetrant.
3167 2935 3361 3018 Quod
3414 2956 3547 3000 non
3603 2934 4010 3003 dissimulavi
4054 2934 4230 3018 apud
4277 2934 4653 3012 Sultzerum,

2747 3025 2816 3088 ui
2871 3043 2942 3090 se
2995 3043 3106 3088 eos
3160 3021 3421 3087 senatui
3490 3019 3801 3086 obtulisse
3863 3021 4178 3087 narravit.
4254 3021 4658 3086 Lausannae

2755 3108 2845 3174 ‘es
2903 3108 3151 3191 aliquot
3219 3113 3527 3191 egerunt,
3580 3113 3911 3173 venerunt
3965 3105 4050 3171 ad
4106 3126 4242 3184 me,
4307 3104 4658 3189 pecuniam

2703 3192 3164 3260 mendicatum.
3209 3192 3472 3276 Rogavi
3504 3212 3664 3257 num
3700 3189 3815 3257 abs
3848 3198 3919 3255 te
3953 3190 4200 3274 aliquid
4234 3191 4661 3274 accepissent.

2703 3280 3068 3364 Negarunt.
3156 3277 3494 3361 Respondi
3560 3297 3667 3341 me
3742 3276 3919 3342 aliud
3990 3276 4105 3343 abs
4169 3283 4234 3342 te
4300 3275 4655 3342 audivisse.

2703 3365 2966 3450 Negare
3028 3370 3554 3447 perseverarunt.
3640 3361 3863 3427 Velim
3927 3361 4133 3447 igitur
4194 3362 4368 3427 mihi
4425 3360 4546 3428 abs
4594 3365 4661 3426 te

2706 3450 3061 3534 significari
3104 3457 3424 3533 quantum
3469 3448 3562 3514 eis
3600 3449 3968 3514 numeraris
3983 3498 3998 3525 ,
4054 3453 4133 3512 ut
4173 3466 4287 3513 eos
4332 3445 4662 3513 mendacii

2706 3556 3055 3620 coarguam
3113 3541 3180 3600 et
3230 3534 3631 3600 convincam.
3715 3532 3829 3597 Illi
3872 3554 4034 3617 quos
4075 3531 4541 3599 committebas
4582 3528 4665 3598 ad

2706 3622 3004 3705 reginam
3051 3619 3417 3699 Navarrae,
3484 3617 3781 3684 nondum
3834 3618 4058 3684 Berna
4103 3616 4485 3699 redierunt,
4553 3615 4666 3683 sed

2704 3705 3082 3791 propediem
3121 3703 3397 3770 redituri
3452 3710 3637 3784 sunt,
3691 3705 3911 3770 nescio
3954 3703 4177 3788 quales
4217 3704 4436 3770 futuri
4480 3701 4666 3769 nobis

2705 3790 3026 3875 discipuli.
3088 3789 3449 3855 Richardus
3491 3788 3902 3856 Viviacensis
3944 3790 4159 3873 magis
4201 3797 4411 3874 atque
4456 3789 4665 3873 magis

2703 3878 2970 3943 insanit.
3053 3874 3352 3942 Farellus
3392 3875 3587 3941 iussit
3627 3882 3706 3939 ut
3749 3873 3832 3939 ad
3870 3882 3936 3940 te
3978 3876 4335 3941 scriberem
4381 3872 4464 3940 de
4505 3894 4664 3959 qua-

2705 3961 2856 4027 dam
2897 3960 3213 4045 pecuniae
3256 3981 3512 4025 summa
3526 4011 3542 4039 ,
3598 3980 3793 4043 quam
3835 3960 4171 4043 recepisti,
4225 3960 4470 4044 opinor
4485 4011 4502 4041 ,
4549 3978 4664 4024 no-

2703 4048 2883 4113 minc
2923 4046 3280 4113 Gaucherii.
3323 4047 3493 4111 Rem
3529 4043 3708 4111 haud
3750 4045 3910 4112 satis
3945 4053 4150 4111 teneo.
4198 4045 4459 4111 Ourato
4493 4042 4663 4129 quod

2706 4155 2813 4199 res
2869 4132 3077 4215 exigit
3129 4139 3197 4197 et
3248 4139 3314 4196 te
3356 4132 3677 4214 recepisse
3730 4130 3980 4196 scribas
4034 4138 4103 4195 et
4143 4129 4227 4196 da
4270 4151 4551 4215 operam
4592 4134 4665 4195 ut

2710 4218 3106 4284 Gaueherius
3167 4216 3600 4300 chirographo
3663 4215 3973 4294 deleatur,
4040 4224 4156 4281 aut
4211 4216 4269 4281 si
4338 4215 4505 4300 qnid
4563 4218 4664 4281 est

2701 4301 3081 4369 huiusmodi
3125 4322 3405 4368 necesse.
3491 4301 3686 4379 Nam,
3730 4309 3805 4366 ut
3847 4302 4030 4385 prius
4069 4300 4224 4381 dixi,
4269 4300 4461 4368 haud
4506 4299 4662 4367 satis

2701 4389 2987 4455 memini.
3073 4387 3206 4452 Hic
3262 4394 3363 4453 est
3404 4387 3610 4452 vidua
3651 4387 3840 4453 exsul
3880 4386 3962 4453 ob
4006 4386 4456 4472 evangelium,
4501 4406 4663 4470 pau·

2699 4473 2999 4560 percula,
3053 4482 3246 4555 atque
3308 4494 3385 4538 eo
3426 4473 3754 4553 miserior,
3811 4471 3984 4556 quod
4041 4471 4392 4539 delicatius
4435 4472 4663 4541 vivere

2699 4567 3010 4626 consueta
3050 4559 3167 4637 sit,
3231 4558 3340 4625 cui
3382 4579 3467 4623 ne
3509 4558 3698 4642 panis
3740 4556 4003 4641 quidem
4046 4559 4360 4642 suppetit.
4452 4557 4536 4625 Si
4578 4554 4662 4622 ad

2697 4644 2869 4712 hanc
2907 4642 3285 4729 pecuniolae
3327 4643 3574 4727 aliquid
3611 4643 3924 4723 mitteres,
3967 4651 4143 4709 recte
4184 4645 4460 4711 faceres.
4508 4640 4660 4708 Bel-

2697 4732 3085 4799 loaenontanus
3126 4749 3389 4794 rursum
3424 4749 3531 4795 me
3566 4729 3914 4809 consuluit,
3960 4736 4036 4794 ut
4068 4728 4127 4795 si
4160 4749 4365 4813 quam
4402 4730 4468 4794 ei
4505 4748 4658 4795 con-

2697 4817 3013 4882 ditionem
3080 4814 3316 4880 fratres
3389 4815 3691 4881 invenire
3750 4820 4019 4897 possent
4034 4866 4050 4894 ,
4115 4815 4659 4882 commendatum

2697 4902 3031 4969 haberent.
3077 4899 3314 4967 Nescio
3347 4899 3539 4983 plane
3573 4920 3703 4984 qna
3735 4899 3848 4966 via
3880 4900 3941 4967 ei
3976 4900 4377 4967 consulatur.
4428 4901 4659 4969 Bonus

2871 5139 2962 5205 11)
2999 5140 3116 5195 soil.
3150 5155 3209 5195 se
3240 5139 3383 5194 ηὒιᾱ
3414 5140 3850 5210 impetraturum.

2871 5209 2964 5275 12)
2999 5208 3126 5264 vide
3159 5209 3237 5264 N.
3273 5208 3393 5263 498.

2870 5277 2958 5339 13)
3066 5317 3081 5333 .
3116 5277 3196 5334 N.
3230 5277 3351 5333 500.
3382 5275 3504 5333 501.
3538 5275 3659 5333 504„

2870 5345 2958 5415 14)
3059 5386 3074 5402 .
3107 5346 3230 5401 510.
