5050 6167
652 420 776 482 771

856 602 1029 670 tanti
1072 601 1204 668 viri
1220 651 1237 681 ,
1291 602 1650 684 interpres,
1707 600 2023 667 nimirum
2066 601 2615 668 coniunctionem.

650 623 964 772 ffl‘quo
1005 685 1355 771 supercilio
1388 685 1595 752 haec?
1661 686 1795 753 Hic
1832 686 1997 752 nihil
2033 686 2248 754 dicam
2282 695 2358 752 ut
2389 685 2619 754 videar

654 775 994 842 affectibus
1032 772 1398 857 indulgere,
1455 778 1524 838 et
1567 793 1674 840 res
1715 773 1860 856 ipsa
1899 772 2207 857 loquatur
2250 771 2332 839 de
2373 772 2617 840 iudicio

655 869 725 929 et
787 860 935 927 aliis
997 859 1258 926 dotibus
1320 858 1492 926 tanti
1559 859 1699 924 viri.
1798 859 1965 924 Mox
2026 859 2220 941 potiit
2274 860 2618 925 literarum

655 945 996 1030 exemplar
1059 952 1129 1011 et
1189 966 1333 1012 sese
1386 964 1862 1029 responsurum
1929 945 2301 1011 affirmavit.
2389 943 2618 1010 Habui

654 1033 1016 1099 orationem
1073 1029 1154 1097 de
1208 1051 1371 1116 pace
1426 1039 1494 1095 et
1548 1031 1843 1109 caritate,
1905 1030 1985 1097 de
2038 1052 2173 1096 non
2238 1030 2616 1098 insultando

653 1119 846 1184 fratri
888 1139 1101 1202 neque
1142 1114 1477 1202 perdendo
1535 1116 1753 1201 aliquo
1768 1168 1784 1196 ,
1846 1116 1927 1181 de
1970 1118 2265 1182 omnium
2312 1116 2616 1183 aedifica-

654 1203 850 1270 tione.
922 1201 1150 1285 Quum
1192 1203 1464 1268 minime
1507 1202 1674 1267 mihi
1708 1202 2025 1287 placeam,
2072 1210 2142 1268 et
2181 1202 2354 1268 nulli
2393 1203 2617 1270 minus

657 1311 856 1375 quam
899 1289 1066 1354 mihi
1104 1289 1519 1367 satisfaciam,
1563 1295 1789 1353 tamen
1823 1288 1932 1354 hic
1975 1309 2110 1354 non
2154 1296 2412 1355 tantum
2457 1287 2617 1354 alio-

653 1397 808 1442 rum
860 1375 1134 1454 iudicio,
1194 1395 1428 1442 verum
1484 1378 1683 1439 etiam
1743 1395 1888 1440 meo
1944 1382 2257 1459 expertus
2300 1395 2478 1452 sum,
2534 1395 2620 1439 ex

654 1459 946 1527 Domino
992 1458 1311 1544 prodiisse
1353 1460 1715 1526 orationem
1751 1480 1919 1543 quae
1952 1480 2116 1526 saxa
2157 1459 2435 1526 debebat
2467 1480 2618 1544 per-

654 1566 939 1612 movere.
1030 1545 1167 1613 Sed
1209 1566 1421 1630 neque
1462 1552 1619 1611 tuae
1660 1545 1925 1625 literae,
1980 1545 2220 1629 quibus
2264 1547 2393 1612 nisi
2437 1546 2617 1612 iura-

654 1632 956 1699 tissimus
997 1631 1250 1698 Christi
1292 1631 1503 1697 hostis
1543 1653 1679 1696 non
1717 1639 1935 1714 potest
1976 1653 2109 1697 non
2154 1632 2492 1710 assentiri,
2554 1639 2620 1696 et

657 1739 769 1783 eas
813 1739 949 1783 non
993 1719 1293 1800 excipere
1334 1725 1412 1782 ut
1454 1739 1538 1781 ex
1581 1717 1906 1797 Domino,
1966 1738 2179 1801 neque
2232 1718 2441 1783 oratio
2496 1715 2617 1781 ha-

656 1803 813 1882 bita,
859 1824 1015 1868 eum
1059 1803 1166 1870 vel
1208 1802 1543 1868 tantillum
1596 1810 1964 1868 moverunt.
2054 1804 2386 1869 Dominus
2428 1803 2618 1868 Iesus

659 1889 1000 1954 ecclesiam
1042 1908 1231 1955 suam
1272 1889 1639 1966 intueatur,
1701 1887 1940 1972 detque
1998 1898 2074 1954 ut
2117 1891 2228 1973 qui
2272 1888 2508 1955 docent
2550 1895 2621 1953 et

660 1995 821 2040 vera
883 1995 960 2040 ac
1036 1996 1203 2058 pura
1268 1975 1548 2040 doceant
1609 1980 1676 2038 et
1739 1974 1879 2041 vita
1941 1973 2280 2058 inculpata
2356 1975 2616 2059 plebem

658 2059 908 2126 Christi
951 2061 1272 2145 sanguine
1315 2068 1602 2142 emptam
1644 2059 1965 2140 forment,
2019 2061 2505 2128 lucrifaciendis
2549 2066 2619 2125 et

656 2166 789 2210 non
830 2144 1182 2229 perdendis
1224 2146 1529 2211 omnibus
1560 2146 1965 2211 incumbant.
2055 2145 2190 2212 Sed
2235 2147 2399 2212 haec
2440 2145 2617 2212 levia

652 2239 809 2297 sunt-
870 2233 927 2297 si
985 2231 1132 2296 aliis
1173 2239 1648 2314 componantur
1701 2231 1781 2298 de
1838 2232 2075 2315 quibus
2129 2231 2387 2311 scribis,
2447 2252 2616 2315 quae

651 2318 897 2382 iratum
943 2315 1164 2382 Deum
1208 2318 1403 2400 plane
1444 2316 1758 2395 indicant,
1806 2338 2009 2400 quum
2053 2325 2188 2382 tam
2231 2318 2617 2383 immaniter

651 2402 964 2486 utrinque
1019 2402 1271 2470 affectis
1330 2402 1509 2487 leges
1568 2402 1895 2482 caritatis,
1953 2404 2193 2487 quibus
2250 2424 2476 2469 omnes
2532 2401 2615 2468 de

625 2488 950 2555 hostibus
988 2489 1155 2553 bene
1189 2491 1425 2554 mereri
1472 2495 1802 2567 tenentur,
1847 2489 1956 2554 hic
2000 2489 2351 2568 violentur,
2399 2499 2467 2555 et
2508 2490 2613 2554 in-

650 2581 753 2639 ter
809 2573 1047 2640 fratres
1104 2596 1234 2658 qua
1287 2574 1497 2657 possit
1548 2575 1803 2639 ratione
1858 2575 2028 2640 effici
2073 2581 2150 2639 ut
2194 2575 2382 2658 aequi
2427 2575 2612 2639 boni·

650 2680 777 2743 que
817 2680 973 2743 pars
1011 2659 1232 2744 aliqua
1264 2660 1673 2744 impetretur,
1719 2680 1854 2726 non
1894 2660 2100 2726 video.
2166 2661 2316 2727 Hoc
2348 2668 2613 2725 tantum

650 2753 948 2829 superest
988 2753 1063 2810 ut
1104 2746 1410 2829 precibus
1453 2765 1742 2830 agamus.

821 2831 926 2896 De
979 2830 1390 2897 Metensibus'
1411 2831 1466 2912 ὅ)
1526 2839 1591 2896 te
1646 2851 1886 2914 quaeso
1937 2839 2209 2916 propter
2264 2830 2613 2897 Christum

649 2925 741 2995 ut,
777 2916 835 2982 si
879 2938 1009 3001 qua
1047 2918 1255 3000 possit
1294 2917 1429 2983 inis
1464 2916 1579 2982 via
1620 2917 1934 2996 succurri,
1980 2917 2134 2982 totis
2168 2917 2420 2984 viribus
2455 2937 2609 2982 con-

648 3001 915 3081 tendas,
975 3009 1044 3069 et
1101 3003 1247 3068 aliis
1291 3004 1381 3069 sis
1426 3002 1725 3068 hortator
1779 3009 1856 3067 ut
1907 3010 2177 3067 strenue
2234 3024 2463 3070 omnes
2508 3005 2609 3067 in-

646 3089 977 3155 cumbant.
1066 3086 1218 3156 Dici
1278 3110 1413 3154 non
1470 3095 1694 3172 posset
1746 3109 1946 3171 quam
2000 3108 2209 3172 angar
2251 3109 2450 3172 super
2491 3089 2610 3153 illa

646 3173 945 3240 ecclesia:
1006 3195 1145 3240 sem
1194 3196 1266 3240 er
1318 3175 1485 3239 mihi
1541 3173 1625 3239 ob
1680 3173 1900 3240 oculos
1943 3181 2248 3240 versatur
2299 3183 2369 3239 et
2410 3195 2610 3260 cogor

646 3260 931 3326 scribere
974 3281 1100 3344 qua
1185 3280 1291 3324 am
1335 3280 1504 3343 quae
1547 3267 1662 3323 tuo
1705 3259 1944 3325 indicio
1986 3260 2250 3324 mittam
2291 3267 2408 3324 aut
2448 3261 2607 3325 reti-

644 3344 833 3411 nebo.
921 3344 1347 3429 Bertranqius
1389 3345 1583 3410 heros
1598 3393 1616 3422 ,
1675 3346 1779 3411 cui
1818 3365 1938 3410 sua
1978 3345 2155 3429 apud
2196 3345 2607 3412 Lucembur-

647 3452 807 3516 gum
851 3431 1159 3498 restituta
1199 3432 1504 3511 fuorunt,
1561 3430 1793 3496 scribit
1848 3429 1998 3496 illos
2054 3432 2224 3497 bona
2280 3452 2422 3497 esse
2467 3453 2604 3516 spe,

645 3515 819 3600 quod
860 3516 935 3581 in
977 3515 1082 3581 his
1126 3516 1403 3583 comitiis
1438 3517 1573 3581 sint
1616 3515 1864 3598 aliquid
1907 3517 2259 3582 obtenturi.
2329 3518 2604 3585 Utinam

646 3623 763 3686 spe
827 3622 962 3667 non
1031 3602 1446 3667 frustrentur.
1532 3602 1679 3686 Ego
1742 3601 1930 3666 iuxta
1994 3600 2328 3668 hominem
2383 3605 2606 3670 omnia

644 3686 838 3755 video
883 3686 1235 3771 deplorata.
1324 3687 1516 3754 Unus
1572 3686 1739 3751 mihi
1792 3695 2050 3752 tantum
2102 3708 2293 3772 posse
2353 3689 2604 3773 aliquid

643 3773 833 3840 Deus
890 3774 1184 3853 videtur,
1243 3794 1441 3855 quem
1496 3771 1752 3838 confido
1805 3773 2055 3858 insigni
2106 3775 2423 3841 miraculo
2464 3775 2603 3842 illic

643 3866 975 3925 acturum:
1043 3858 1216 3943 quod
1281 3865 1356 3922 ut
1416 3865 1636 3942 petas,
1704 3866 1773 3923 et
1836 3860 1963 3924 ista
2028 3861 2300 3927 ecclesia
2363 3869 2600 3939 tecum,

641 3946 869 4029 flagito
909 3966 995 4010 ex
1038 3955 1120 4009 te.
1208 3943 1424 4009 Audio
1469 3944 1837 4011 Germanos
1877 3945 2202 4028 petituros
2256 3946 2601 4032 synodum.

638 4029 878 4096 Nescio
935 4050 1020 4094 an
1077 4031 1450 4113 impetraris
1508 4051 1548 4095 a
1592 4030 1825 4097 Gallis.
1915 4029 2263 4112 Quantum
2305 4032 2603 4117 intelligo

643 4135 767 4200 ego
823 4117 883 4182 is
934 4137 1083 4182 sum
1139 4137 1333 4199 quem
1392 4135 1619 4182 omnes
1677 4123 2084 4183 aversantur.
2186 4116 2462 4183 Utinam
2507 4119 2604 4182 ita

641 4223 853 4268 essem
887 4202 1190 4267 omnibus
1224 4209 1302 4266 ut
1326 4207 1725 4285 portentum,
1763 4200 1935 4285 quod
1964 4201 2143 4268 solus
2177 4211 2350 4268 esset
2382 4204 2603 4269 omnia

641 4287 975 4367 Christus,
1029 4296 1097 4352 et
1150 4286 1462 4354 ecclesiae
1518 4287 1682 4353 bene
1740 4287 2073 4354 haberent.
2165 4285 2385 4369 Quam
2420 4297 2604 4355 esset

640 4373 801 4438 felix
844 4373 1006 4440 haec
1051 4373 1350 4452 deiectio,
1409 4383 1477 4439 et
1516 4394 1737 4438 meum
1791 4372 1958 4438 nihil
1996 4394 2146 4440 011111
2193 4381 2378 4439 tanta
2419 4374 2601 4441 exal-

643 4459 891 4526 tatione
928 4469 996 4524 et
1038 4467 1177 4525 tam
1219 4459 1466 4524 illustri
1510 4480 1670 4525 esse.

814 4544 985 4610 Vale
1001 4595 1017 4623 ,
1078 4553 1148 4610 et
1185 4566 1389 4629 perge
1433 4545 1672 4628 nugari
1713 4551 1852 4610 tam
1902 4545 2072 4611 serio
2089 4595 2104 4624 ‚
2164 4551 2241 4609 ut
2280 4545 2472 4626 facis,
2530 4548 2602 4612 in

640 4641 778 4696 tam
822 4631 933 4714 pia
974 4637 1367 4697 tractatione
1412 4630 1989 4711 Nicodemitarum,
2012 4632 2069 4705 ⁷)
2113 4652 2313 4714 quam
2356 4640 2429 4697 tu
2472 4654 2599 4697 nu-

638 4738 759 4867 gas
801 4736 1014 4782 vocas.
1087 4717 1321 4782 Habeo
1364 4714 1485 4781 tibi
1528 4717 1812 4800 gratiam
1851 4716 2026 4798 quod
2068 4737 2175 4781 me
2214 4718 2600 4800 participem

665 4823 778 4869 ece

777 4823 887 4868 ns.
956 4801 1190 4869 Saluta
1228 4822 1471 4881 omnes,
1517 4802 1882 4886 coniugem,
1929 4801 2424 4884 Ber-nardinum,
2462 4803 2600 4869 Da-

778 5091 787 5102 ,
847 5041 906 5107 6)
946 5019 1056 5096 Per
1101 5044 1372 5110 inteyrum
1425 5043 1540 5096 iam
1586 5058 1797 5096 annum
1841 5057 1929 5095 res
1973 5057 2185 5108 corum,
2244 5042 2322 5096 ad
2365 5042 2601 5098 edictum

642 5111 727 5166 13.
786 5109 900 5166 Oct.
952 5109 1090 5164 1543
1138 5112 1528 5178 conformatae,
1579 5112 1642 5165 in
1677 5111 1859 5166 eodem
1912 5126 2086 5180 usque
2136 5116 2286 5166 statu
2327 5128 2599 5168 remanse-

636 5186 782 5236 rant·
846 5249 906 5318 7)
947 5247 1086 5317 Opp.
1135 5247 1196 5302 T.
1244 5247 1379 5304 VII.
1411 5266 1467 5318 p.
1503 5246 1608 5302 589
1644 5265 1782 5320 seqq.

2213 410 2746 480 EPISTOLAE
2788 415 3127 478 585-586

4525 414 4657 499 171

2719 600 2953 678 videm,
3027 598 3467 680 Genesiommt,
3535 621 3687 667 cum
3752 601 3901 668 aliis
3963 601 4109 686 piis.
4206 600 4511 670 Neocomi
4565 605 4659 671 23.

2718 685 3116 753 Novembris
3166 685 3423 768 1544.⁸)

3759 822 4066 891 Farellus
4110 831 4264 889 tuus
4306 831 4501 890 totus.

3490 1083 3908 1094 Ἣ

3619 1266 3772 1340 586.

3114 1421 3587 1491 ΟΑΙΝῙΝΠ8
3631 1421 4271 1490 BULLINGERO.

2892 1593 2997 1660 Dc
3037 1594 3225 1660 rebus
3269 1594 3779 1662 Neocomensium
3837 1601 3893 1659 et
3938 1592 4313 1680 Capuae-alc.
4406 1594 4511 1660 De
4542 1597 4673 1679 piis

2718 1679 3032 1761 fratribus
3071 1681 3144 1746 in
3195 1679 3539 1747 Provincia
3593 1700 3760 1745 vana
3801 1682 4225 1763 promissione
4279 1681 4541 1766 indique
4579 1682 4677 1747 de-

2720 1766 2886 1831 lusis
2926 1771 2983 1831 et
3024 1767 3194 1832 omni
3226 1766 3440 1832 studio
3481 1765 3880 1831 adiuvandi&
3948 1766 4051 1832 De
4094 1766 4359 1833 Lutheri
4391 1768 4674 1834 recentis-

2719 1854 2889 1917 sima
2920 1853 3228 1919 invectiva
3260 1852 3507 1918 silentio
3538 1852 3757 1933 potius
3798 1851 4154 1935 sepelienda
4196 1872 4390 1936 quam
4425 1854 4678 1937 scriptis

2719 1939 3170 2020 compescenda.
4331 1945 4340 1954 ’

2722 2108 2833 2174 (Ex
2869 2124 3072 2179 apogr-a
3113 2109 3184 2163 110
3219 2109 3398 2163 Besae
3432 2125 3595 2162 manu
3630 2109 3736 2162 nisi
3771 2108 4011 2163 fallimur
4044 2110 4149 2163 scri
4191 2114 4251 2164 to
4283 2113 4339 2163 in
4378 2110 4514 2164 Ood.
4547 2110 4678 2166 Gen.

2723 2176 2838 2246 106,
2874 2178 2963 2232 fol.
3002 2178 3066 2230 11
3110 2218 3120 2228 .
3160 2207 3227 2217 -
3261 2178 3429 2231 Edita
3462 2185 3548 2231 est
3581 2178 3636 2231 in
3674 2178 3982 2233 0116011011.
4060 2219 4072 2231 .
4109 2126 4227 2243 33³2,
4264 2179 4433 2234 Laus.
4468 2196 4526 2249 p.
4562 2177 4679 2243 112.

2719 2246 2932 2301 Hanov.
2967 2263 3021 2315 p.
3061 2245 3178 2313 125,
3216 2246 3427 2300 Chouet
3459 2264 3512 2316 p.
3548 2245 3668 2313 524,
3704 2248 3881 2302 Amst.
3959 2288 3969 2299 .
4040 2246 4125 2300 39.
4196 2248 4406 2303 Gallice
4443 2249 4531 2303 ed.
4567 2249 4680 2304 001.
4727 2267 4732 2272 ·

3165 2332 3217 2385 p.
3258 2313 3344 2369 61.
3414 2315 3648 2386 Anglice
3683 2333 3772 2386 ap.
3809 2264 3959 2369 3-8.
3997 2315 4040 2369 1.
4077 2314 4227 2383 405.)

2889 2487 2995 2552 Ab
3041 2486 3164 2552 hoc
3217 2486 3453 2567 fratre,
3509 2488 3624 2571 qni
3678 2506 3863 2552 meas
3919 2486 4043 2552 tibi
4099 2486 4326 2553 literas
4368 2486 4680 2567 reddidit,

2716 2581 3099 2637 coronatum
3178 2583 3244 2637 et
3320 2570 3482 2638 duos
3559 2573 3878 2656 capitatos
3954 2582 4299 2657 argenteos
4378 2575 4682 2658 accipies.

2715 2656 2900 2724 Haec
2944 2658 3123 2724 enim
3165 2680 3455 2738 summa,
3515 2659 3645 2723 nisi
3701 2658 4016 2724 memoria
4058 2680 4165 2723 me
4207 2659 4413 2740 fallit,
4471 2667 4683 2726 resta-

2715 2743 2844 2808 bat.
2877 2742 2923 2829 ¹)
3010 2745 3178 2810 Peto
3234 2751 3312 2809 ut
3368 2765 3475 2809 me
3533 2752 3920 2811 excusatum
3976 2743 4253 2824 habeas,
4310 2746 4496 2829 quod
4548 2767 4684 2812 non

2715 2829 2907 2894 citius
2963 2829 3277 2896 miserim.
3382 2828 3735 2896 Caeterum
3795 2851 3925 2913 qua
3981 2829 4062 2895 de
4118 2850 4315 2896 causa
4373 2833 4685 2897 mittatur

2712 2916 2887 2980 istuc
2929 2915 3135 2980 frater
3175 2915 3285 2983 hic
3329 2937 3370 2980 a
3410 2914 3476 2980 Ν
3477 2914 3994 2994 eocomensibus,
4053 2915 4193 2999 ipse
4237 2938 4469 2984 coram
4513 2917 4682 2983 refe-

2711 3008 2832 3064 ret.
2922 3000 3125 3080 Nihil,
3172 3010 3285 3067 aut
3329 3022 3581 3084 parum,
3628 3022 3772 3066 meo
3817 3000 4073 3079 iudicio,
4120 3000 4542 3069 difficultatis
4587 3010 4688 3068 est

2713 3085 2784 3149 in
2831 3106 3045 3152 causa.
3137 3085 3274 3153 Sed
3315 3087 3511 3152 unius
3555 3086 3842 3152 hominis
3896 3087 4260 3170 pervicacia
4314 3095 4390 3155 et
4433 3087 4687 3173 impor-

2711 3171 2965 3237 tunitas
3023 3193 3133 3239 eos
3187 3173 3394 3257 cogit,
3453 3173 3639 3238 vobis
3692 3179 3759 3238 et
3815 3172 4006 3239 nobis
4065 3173 4379 3240 molestos
4437 3196 4605 3242 esse.
4630 3172 4688 3258 2)

2709 3257 2979 3323 Habent
3031 3259 3103 3323 in
3159 3275 3279 3324 suo
3336 3265 3526 3324 coetu
3568 3279 3774 3323 unum
3828 3279 3913 3323 ex
3966 3279 4043 3324 eo
4087 3258 4439 3326 doctorum
4483 3281 4689 3346 grege

2712 3364 2796 3408 ex
2839 3365 2969 3427 quo
3011 3364 3205 3409 nemo
3249 3345 3569 3410 hactenus
3612 3345 3717 3408 vir
3750 3344 3960 3410 bonus
3993 3344 4255 3428 prodiit,
4285 3347 4346 3429 ⁸)
4396 3349 4520 3432 qui
4556 3368 4689 3412 non

2710 3436 2925 3495 cessat
2966 3429 3214 3513 aliquid
3262 3428 3539 3495 subinde
3593 3429 3727 3495 illis
3782 3431 4028 3514 negotii
4069 3431 4410 3499 exhibere.
4508 3430 4689 3499 Sunt

2710 3523 2929 3580 autem
2977 3514 3143 3580 duae
3187 3535 3441 3594 causae,
3487 3535 3652 3598 quae
3694 3515 3914 3598 ipsum
3956 3516 4329 3601 impellunt.
4401 3518 4590 3585 Nam
4624 3531 4691 3583 et

2707 3608 2948 3665 natura
2991 3600 3203 3665 factus
3247 3607 3349 3666 est
3402 3600 3488 3665 ad
3529 3600 4142 3668 contradicendum:
4204 3610 4272 3667 et
4327 3606 4495 3687 quia
4550 3625 4688 3669 non

2708 3684 2879 3750 tanti
2922 3687 3306 3752 aestimatur
3349 3686 3430 3751 ab
3466 3685 3630 3764 aliis,
3675 3687 3902 3770 quanti
3945 3709 4015 3753 se
4056 3689 4278 3773 ipsum
4323 3691 4515 3769 facit,
4562 3689 4687 3755 hoc

2707 3792 2778 3835 se
2821 3770 3015 3836 modo
3058 3771 3415 3839 ulciscitur.
3504 3770 3581 3837 Si
3626 3783 3799 3838 esset
3840 3773 3910 3838 in
3955 3773 4079 3840 hac
4124 3774 4430 3855 ecclesia,
4493 3775 4689 3841 facile

2667 3855 3138 3942 ,cohiberetun
3228 3857 3428 3922 Ratio
3472 3858 3648 3922 enim
3691 3859 3832 3925 eius
3886 3857 4190 3925 domandi
4244 3862 4447 3928 nobis
4508 3867 4688 3928 esset

2707 3941 2792 4007 ad
2843 3964 3133 4008 manum.
3222 3942 3371 4008 Illic
3422 3964 3579 4010 vero
3634 3942 3831 4010 habet
3883 3945 4216 4030 Principis
4268 3947 4608 4032 legatum,
4627 3945 4687 4031 ⁴)

2708 4049 2749 4092 a
2791 4050 2917 4111 quo
2960 4029 3338 4094 sustinetur.
3406 4027 3520 4095 810
3559 4030 3731 4094 0111111
3769 4029 4097 4096 malorum
4113 4034 4169 4114 ⁵)
4215 4055 4287 4099 se
4324 4032 4687 4117 praesidiis

2705 4114 2969 4179 munire
3023 4113 3237 4180 solent
3288 4113 3607 4180 eiusmodi
3666 4115 3827 4195 fuci,
3892 4128 3971 4182 ut
4021 4116 4296 4200 impune
4373 4125 4686 4186 noceant.

2707 4196 2901 4280 Quod
2943 4220 3061 4266 vos
3105 4209 3609 4284 omnes-sponte
3643 4200 3930 4267 facturos
3969 4204 4122 4282 scio,
4168 4214 4322 4287 peto
4369 4213 4612 4271 tamen
4647 4223 4688 4272 a

2705 4284 2926 4365 vobis,
2982 4292 3059 4350 ut
3101 4286 3174 4349 in
3231 4307 3430 4352 causa
3472 4293 3620 4351 tam.
3665 4297 3892 4353 sancta
3944 4288 4259 4355 fratribus
4313 4290 4689 4376 porrigatis

2704 4390 3010 4436 manum:
3069 4371 3193 4436 1100
3235 4378 3353 4451 est,
3410 4380 3635 4438 vestra
3677 4373 4028 4438 autoritate
4072 4374 4409 4443 adiuvetis
4456 4398 4577 4443 eos
4620 4385 4688 4441 et

2703 4457 3068 4536 instruatis,
3128 4478 3257 4541 qno
3300 4457 3650 4524 Ismaelem
3702 4459 3896 4525 illum
3934 4469 4402 4544 compescant.
4516 4461 4686 4542 Hoc,

2909 4711 2973 4779 8)
3009 4713 3182 4782 Apud
3229 4712 3657 4782 Kirchhoferum
3704 4715 3917 4782 (Farel.
3966 4714 4054 4770 11.
4105 4714 4172 4771 ‘16
4216 4723 4334 4773 not.
4375 4718 4481 4787 15)
4532 4735 4686 4775 anno

2705 4780 2843 4835 1543
2877 4783 3158 4852 tribuitur,
3187 4782 3450 4848 fortassis
3483 4800 3549 4837 ex
3585 4799 3769 4838 errore
3862 4785 4119 4849 pothone.

2738 4850 2870 4912 586.
2908 4851 2965 4915 1)
3017 4852 3153 4908 Vide
3185 4867 3361 4920 supra
3396 4852 3473 4906 N.
3508 4851 3626 4906 565.
3663 4849 3782 4905 568.
3852 4851 3936 4908 69.

2911 4919 2969 4986 2)
3011 4920 3141 4974 Scit.
3184 4919 3520 4989 Gapunculi,
3563 4924 3663 4991 qai
3710 4938 3995 4977 censuram
4040 4922 4382 4980 detrectabat
4439 4925 4520 4981 N.
4559 4923 4682 4979 580.

2706 4987 2966 5112 ZZZ-tegas
3020 4990 3256 5061 aliquem
3316 4990 3383 5045 dc
3427 4991 3533 5044 hac
3583 5006 3643 5045 re
3693 4991 3894 5045 iterum
3942 4992 4021 5047 ad
4073 4992 4411 5050 Turio-anses
4464 4997 4690 5052 01101380·
4592 4998 4601 5007 “

2699 5073 2757 5111 vt
2884 5074 2932 5112 r.

2911 5126 2972 5194 3)
3013 5127 3325 5182 Monachus
3355 5126 3544 5193 fuerat
3574 5128 3636 5182 in
3670 5128 3912 5184 Abbatia
3946 5127 4005 5184 S.
4043 5130 4333 5186 Ambrosii
4348 5131 4682 5202 Bitia-iacn-

2702 5196 2846 5250 siam
2881 5203 2931 5251 et
2966 5196 3153 5251 doctor
3189 5201 3277 5260 (ut
3310 5195 3548 5263 videtur)
3585 5196 3969 5253 Lovann'ensis.
4046 5196 4129 5266 Of.
4166 5197 4242 5254 N.
4273 5197 4412 5254 474.

2906 5263 2970 5330 4)
3013 5265 3252 5334 Geor-aes
3284 5265 3352 5318 de
3389 5263 3560 5320 Rivee
3598 5263 3858 5336 Seiquem·
3893 5266 3960 5321 dc
3994 5265 4295 5337 Pranqins.

2904 5334 2965 5400 5)
3001 5334 3278 5389 hominnm
3310 5332 3434 5390 edd.
3813 5337 3815 5340 ·
