5050 6167
600 433 690 509 ’δὸ
2153 435 2685 506 EPISTOLAE
2728 435 3068 498 222—223
4544 437 4627 500 56

600 631 984 715 eloquentia
1037 629 1302 715 insigni.
1400 628 1673 693 Virtute
1738 627 2001 712 quidem
2074 631 2196 695 ‘sua
2260 625 2571 693 Christus

610 716 804 783 nobis
862 717 1082 783 omnia
1139 722 1288 799 apte
1345 716 1663 780 conficere
1717 714 2064 798 dignatur,
2125 711 2239 780 sed
2291 713 2570 796 requirit

609 803 757 869 iure
822 809 1046 868 tamen
1112 808 1189 867 ut
1252 802 1376 884 ipsi
1443 798 1525 865 ad
1588 800 1870 866 salutem
1926 808 2219 866 nostram
2274 798 2568 881 ipsorum

608 908 870 954 summo
927 887 1144 954 studio
1199 906 1651 970 cooperemur,
1711 895 1779 951 et
1872 908 1990 952 uos
2046 885 2448 968 cooperarios
2489 905 2568 950 ac

602 974 946 1041 ministros
1004 975 1145 1056 ipse
1189 973 1377 1038 nobis
1444 972 1638 1056 fingit
1700 980 1768 1037 et
1876 980 2039 1037 onat
2100 981 2235 1036 toto
2300 978 2565 1054 pectore

604 1059 915 1126 colamus.
997 1058 1223 1140 Quum
1256 1059 1475 1142 itaque
1496 1057 1699 1122 tantis
1741 1058 1918 1123 hunc
1953 1056 2211 1124 dotibus
2257 1064 2564 1121 ornatum

606 1143 918 1211 Christus
973 1144 1163 1211 nobis
1219 1143 1491 1222 dederit,
1551 1156 1617 1208 et
1673 1143 2009 1210 videamus
2073 1150 2389 1226 quantum
2455 1143 2564 1208 hic

605 1230 691 1296 ad
744 1252 1023 1316 regnum
1078 1231 1220 1297 eius
1277 1227 1798 1296 conservandum
1848 1237 2043 1312 atque
2095 1227 2564 1312 proferendum

604 1317 902 1382 conferat
946 1317 1296 1395 (incertum
1341 1324 1443 1381 est
1484 1322 1706 1380 autem
1748 1313 1907 1399 quid
1967 1313 2050 1379 ad
2094 1312 2159 1379 id
2203 1313 2563 1380 collaturus

604 1402 921 1468 Genevae
976 1401 1090 1487 sit)
1150 1402 1345 1467 anxie
1402 1400 1774 1466 dubitamus
1828 1400 1983 1484 quid
2040 1400 2162 1466 hac
2213 1399 2287 1464 in
2346 1420 2418 1464 re
2464 1400 2562 1465 fa-

602 1487 909 1553 ciendum
955 1486 1140 1553 nobis
1182 1488 1288 1553 sit.
1376 1486 1727 1568 Utcunque
1782 1506 1888 1552 res
1944 1495 2205 1551 nostrae
2253 1484 2559 1563 habeant,

602 1580 673 1637 et
714 1574 977 1657 quantis
1025 1573 1245 1655 Capito
1287 1579 1356 1638 et
1398 1593 1519 1656 ego
1554 1571 1882 1638 laboribus
1904 1581 2165 1637 nost-rae
2198 1580 2265 1637 et
2299 1571 2561 1637 scholae

602 1666 674 1723 et
716 1659 1027 1725 ecclesiae
1061 1658 1269 1723 indies
1292 1658 1513 1724 minus
1535 1658 1914 1736 sufficimus,
1953 1665 2175 1723 tamen
2210 1658 2266 1723 si
2289 1667 2559 1736 constet,

607 1742 944 1810 Calvinum
998 1743 1148 1828 plus
1206 1743 1473 1810 Christo
1538 1743 1788 1810 fructus
1852 1744 2178 1809 facturum
2245 1742 2560 1809 Genevae

603 1849 802 1912 quam
844 1829 970 1909 hic,
1017 1827 1187 1897 absit
1219 1838 1295 1895 ut
1335 1850 1469 1894 non
1512 1828 1667 1894 totis
1721 1829 1977 1895 viribus
2012 1851 2167 1894 eum
2211 1828 2322 1894 illo
2358 1829 2554 1894 etiam

602 1913 1054 1981 extrudamus,
1163 1918 1257 1980 At
1318 1915 1387 1980 id
1446 1914 1604 1980 dum
1669 1936 1801 1981 non
1865 1923 2150 1993 constat,
2208 1915 2557 1980 manifesto

599 2008 821 2066 autem
900 1999 1142 2066 uotidie
1175 2002 1503 2067 cernimus
1537 2009 1784 2083 quanta
1817 2000 2126 2067 ecclesiae
2162 1998 2413 2066 Christi
2447 2001 2558 2067 hic

598 2105 851 2151 commo
897 2107 936 2152 a
992 2085 1270 2164 adferat,
1340 2107 1460 2152 nec
1526 2085 1594 2151 id
1648 2086 1858 2152 solum
1917 2086 2209 2151 scholam
2261 2096 2557 2151 nostram

599 2170 717 2237 sed
761 2172 957 2237 etiam
1002 2172 1301 2256 gallicam
1347 2171 1682 2237 ecclesiam
1731 2170 2166 2250 aedificando,
2222 2171 2557 2238 dimittere

600 2277 752 2322 eum
820 2279 953 2323 non
1015 2257 1157 2324 sine
1218 2277 1463 2343 magna
1535 2257 1739 2323 animi
1810 2256 2111 2322 molestia
2176 2277 2552 2340 possumus:

598 2344 987 2425 praesertim
1044 2365 1244 2426 quum
1302 2350 1371 2408 et
1423 2364 1554 2408 non
1607 2341 2085 2409 contemnenda
2137 2363 2288 2425 spes
2341 2344 2429 2407 sit
2471 2342 2554 2409 de

599 2427 874 2494 ecclesia
928 2429 1213 2495 Metensi
1236 2433 1291 2580 ’ἐ
1338 2450 1457 2512 per
1523 2450 1676 2494 eum
1735 2427 2003 2494 Christo
2066 2428 2551 2494 lucrifacienda.

600 2510 716 2579 Sic
769 2513 989 2596 itaque
1044 2513 1201 2579 dum
1296 2535 1621 2593 aeremus,
1678 2522 1969 2582 vestram
2024 2535 2143 2597 per
2206 2512 2553 2580 Christum

596 2599 939 2665 caritatem
985 2600 1411 2679 obtestamur,
1457 2606 1535 2664 ut
1579 2600 1769 2665 nobis
1825 2620 2021 2683 quam
2063 2599 2354 2682 primum
2403 2621 2554 2682 pos—

596 2684 741 2751 sitis
785 2684 941 2769 quid
984 2685 1065 2752 de
1110 2685 1386 2752 Geneva
1429 2685 1826 2770 sperandum
1873 2686 1962 2750 sit
2003 2686 2286 2751 scribere
2324 2685 2552 2770 digne-

595 2771 779 2850 mini,
824 2793 909 2837 ne
942 2772 1052 2837 vel
1088 2772 1409 2855 profectui
1450 2771 1639 2855 regni
1663 2769 1793 2836 Dei
1813 2769 1950 2838 illic
1984 2770 2335 2850 obstemus,
2381 2793 2553 2838 neve

595 2856 798 2923 etiam
857 2865 1105 2923 temere
1171 2858 1349 2923 hunc
1413 2878 1678 2923 servum
1745 2855 2000 2923 Christi
2067 2857 2347 2922 statione
2409 2878 2550 2935 sua,

637 2963 724 3008 ua
779 2941 1047 3009 Christo
1102 2944 1307 3009 servit
1363 2962 1520 3009 sane
1574 2963 1817 3028 magno
1905 2963 2056 3009 cum
2131 2942 2553 3009 ecclesiarum

703 3036 848 3106 ctu,
915 3027 1089 3113 quod
1168 3029 1238 3094 in
1317 3028 1507 3094 nobis
1588 3050 1730 3095 esse
1852 3029 2047 3094 oterit
2123 3027 2548 3095 dimittamus.

589 3112 917 3197 Magnum
961 3114 1224 3198 quidem
1268 3122 1371 3181 est
1455 3112 1585 3180 uod
1619 3136 1770 3180 eum
1861 3119 2175 3181 enevates
2200 3121 2548 3198 expetunt:

586 3220 749 3264 nam
795 3210 1182 3284 argumento
1227 3209 1345 3280 est,
1389 3200 1435 3265 il
1463 3221 1535 3266 os
1577 3200 1671 3264 ita
1712 3220 1832 3283 per
1869 3221 2023 3266 eum
2078 3198 2332 3265 Christi
2375 3197 2553 3284 apud

590 3304 664 3349 se
709 3283 1124 3367 disciplinam
1166 3285 1339 3352 velle
1380 3286 1676 3364 restitui,
1734 3294 1809 3350 ut
1862 3285 2010 3352 odio
2053 3293 2313 3351 tantum
2355 3284 2550 3352 disci-

587 3368 812 3454 plinae
853 3370 1008 3437 inde
1050 3372 1294 3438 eiectus
1339 3371 1478 3436 fuit.
1547 3373 1640 3436 At
1673 3384 1831 3436 sunt
1871 3371 2070 3437 etiam
2114 3372 2312 3438 subiti
2356 3391 2551 3455 saepe

588 3476 714 3521 nec
778 3456 954 3521 firmi
1017 3458 1207 3523 istius
1272 3455 1451 3522 modi
1522 3464 1740 3522 motus
1813 3457 1887 3522 in
1962 3458 2162 3543 vulgo
2241 3457 2546 3540 quolibet.

586 3538 742 3606 Non
799 3542 1024 3608 dubito
1081 3544 1237 3626 quin
1296 3542 1696 3609 clarissimus
1751 3549 2022 3609 senatus
2088 3551 2309 3608 vester
2365 3551 2550 3625 optet

587 3627 971 3696 restitutum
1027 3627 1205 3696 hunc
1258 3627 1357 3692 illi
1414 3628 1778 3693 ministerio
1833 3648 1991 3712 quo,
2049 3648 2255 3712 quum
2300 3628 2546 3711 impro-

582 3709 819 3778 borum
860 3713 1196 3779 molitione
1250 3713 1742 3792 deturbaretur,
1800 3715 2089 3780 retinere
2145 3735 2296 3778 eum
2364 3714 2544 3780 labo-

580 3807 835 3863 rarunt.
942 3798 1353 3865 Adferuntur
1368 3802 1427 3868 ²)
1484 3799 1761 3866 subinde
1815 3801 1979 3866 satis
2036 3800 2269 3884 gravia
2310 3798 2392 3865 de
2439 3800 2543 3865 in-

581 3882 961 3968 dignatione
1002 3894 1263 3952 vestrae
1305 3886 1703 3968 reipublicae
1745 3906 1903 3971 erga
1955 3885 2368 3952 Genevates:
2426 3885 2542 3951 sed

580 3988 795 4119 Ἥξει-ο,
842 3979 916 4035 ιιι
958 3970 1253 4048 antehac,
1298 3979 1572 4055 paterno
1616 3972 1856 4051 animo,
1903 3971 1960 4038 si
1995 3967 2151 4054 quid
2184 3979 2545 4054 peccarunt

578 4054 603 4118 i
663 4055 713 4134 ⁶,
768 4063 1149 4121 curaturum
1204 4056 1270 4122 id
1331 4058 1546 4141 potius
1597 4078 1796 4139 quam
1861 4057 2181 4122 severiter
2243 4056 2540 4123 vindica-

579 4148 806 4205 turum
860 4163 1003 4208 esse
1060 4142 1497 4209 clarissimum
1556 4152 1857 4209 senatum
1925 4152 2233 4209 vestrum.
2342 4142 2543 4208 Nolet

578 4224 919 4293 destruere
961 4248 1127 4312 opus
1172 4250 1386 4307 suum,
1433 4237 1501 4294 et
1540 4229 1827 4294 maxime
1869 4229 1943 4293 in
1988 4249 2116 4312 quo
2170 4234 2428 4293 tantum
2473 4236 2543 4294 et

626 4310 790 4377 loria
834 4319 901 4377 et
942 4313 1194 4379 utilitas
1236 4323 1462 4380 vestra
1504 4314 1628 4381 sibi
1672 4315 1946 4397 paravit.
2036 4313 2297 4395 Quibus
2341 4314 2539 4380 etiam

650 4398 909 4464 ominus
965 4399 1115 4481 plus
1168 4398 1347 4465 dedit
1396 4401 1753 4483 sapientiae
1795 4409 1863 4466 et
1909 4399 2260 4478 felicitatis,
2308 4399 2390 4464 ab
2434 4399 2540 4465 his

575 4483 785 4566 poscit
829 4491 903 4547 ut
946 4484 1219 4550 aliorum
1265 4493 1332 4550 et
1374 4486 1718 4552 stultitiam
1758 4493 1826 4550 et
1856 4485 2188 4551 miseriam
2226 4493 2291 4552 et
2323 4485 2542 4550 ferant

576 4577 648 4632 et
704 4577 956 4634 sanent.
1060 4569 1193 4635 Sed
1252 4570 1413 4638 hacc
1466 4594 1583 4639 vos
1634 4571 1901 4638 indubie
1958 4571 2248 4657 quotidie
2291 4570 2537 4638 docetis

574 4666 646 4718 et
687 4655 986 4733 monetis,
1032 4666 1108 4719 ut
1152 4654 1409 4723 dociles.
1499 4657 1630 4722 Hic
1671 4657 1830 4722 novi
1886 4677 2066 4722 nuno
2122 4657 2287 4722 nihil
2337 4678 2535 4740 quam

574 4739 749 4822 quod
785 4740 867 4804 ad
910 4744 1008 4804 28.
1047 4741 1435 4825 colloquium
1471 4741 1551 4807 de
1586 4742 1919 4828 religione,
1965 4743 2138 4826 quod
2172 4744 2536 4828 Haganoae

572 4826 1005 4892 constitutum
1087 4835 1213 4906 est,
1283 4829 1756 4912 auspicandum
1828 4837 2313 4912 exspectamus,
2403 4849 2535 4913 quo

606 5011 838 5078 2221)
886 5013 1864 5083 stmtemporssaonnisiczamoe
1980 5017 2159 5072 'vatim
2370 5018 2532 5072 olium

572 5081 658 5136 ὧι·
685 5083 1142 5150 praedieabatur3
1175 5099 1323 5138 anno
1357 5084 1568 5140 demvm
1616 5085 1997 5209 lfflfflubice
2031 5087 2206 5153 (Hm.
2243 5101 2365 5141 ecc.
2406 5085 2531 5140 ΙΙΙ.

572 5147 706 5216 433)
744 5158 841 5206 met
876 5156 1004 5215 (see.
1044 5151 1362 5206 Sleidanum
1401 5155 1485 5209 ΙΙ.
1521 5153 1652 5219 275)
1690 5154 1718 5208 1
1829 5197 1841 5209 .

779 5219 839 5282 2)
878 5221 1093 5276 Abhinc
1124 5221 1202 5274 ad
1242 5222 1399 5288 finem
1453 5231 1631 5278 tecm
1679 5225 2036 5293 cancellatas,
2089 5224 2203 5279 scil.
2256 5238 2325 5277 ne
2378 5222 2533 5290 prelo

570 5291 1012 5354 committeretur,
1075 5291 1169 5343 cui
1227 5299 1440 5346 caetera
1502 5293 1775 5349 destinata
1836 5300 2009 5349 erant.
2115 5293 2396 5348 Caeterum
2453 5291 2529 5358 cf.

570 5353 970 5425 Kampschulte
1002 5376 1053 5426 p.
1091 5357 1209 5412 364.

2577 5229 2583 5248 ¹
2636 5220 2919 5274 vocatione
2957 5220 3175 5273 Calvina·
3201 5235 3303 5286 per

2676 622 2893 688 forsan
2939 629 3010 687 et
3056 619 3362 688 Calvinus
3402 621 3541 688 ibit.
3643 623 3869 705 Quare
3921 624 4175 689 etiamsi
4233 645 4366 690 non
4421 624 4631 709 possit

2675 709 2886 773 averti
2939 708 3219 791 propitio
3264 707 3534 774 Christo
3588 711 3933 792 quominus
3988 709 4216 776 redeat
4264 710 4626 790 Genevam,

2674 792 3110 859 differendum
3187 799 3409 860 tamen
3485 795 3969 875 existimamus,
4050 796 4134 861 ad
4211 797 4624 880 colloquium.

2672 879 2975 961 Quantae
3019 889 3193 945 esset
3234 881 3480 946 sanctis
3515 881 3960 963 consolationi,
4001 891 4284 966 quantae
4327 882 4627 949 hostibus

2673 964 2925 1032 Christi
2968 967 3499 1045 consternationi,
3547 969 3601 1032 si
3646 974 3715 1032 et
3748 989 3829 1033 ex
3853 967 4090 1033 vestris
4113 967 4401 1034 ecclesiis
4423 970 4510 1035 ali
4557 969 4628 1035 ui

2670 1050 2990 1118 adessent.
3081 1050 3217 1118 Sed
3261 1052 3633 1137 Tigurinos,
3680 1052 3839 1118 dum
3884 1053 4134 1119 nemini
4169 1055 4400 1121 cedere
4438 1057 4507 1122 vi
4555 1075 4626 1121 e-

2670 1145 2895 1217 antur,
2954 1139 3084 1203 ista
3135 1159 3372 1221 parum
3438 1146 3727 1204 movent.
3828 1139 4157 1205 Dominus
4220 1140 4447 1208 doceat
4508 1161 4627 1208 eos

2668 1223 2823 1305 qnid
2886 1223 2972 1289 sit
3026 1244 3170 1289 esse
3224 1224 3521 1290 membra
3577 1225 3893 1304 invicem,
3953 1223 4217 1292 Christo
4266 1248 4423 1294 vere
4481 1249 4625 1294 cre-

2669 1307 2917 1389 dentes,
2961 1310 3189 1374 vivere
3232 1310 3305 1376 in
3338 1311 3480 1392 ipso
3514 1309 3807 1376 Domino
3842 1317 3912 1375 et
3944 1312 4157 1395 capite
4179 1333 4317 1378 suo.
4383 1312 4624 1380 Valete

2669 1403 2736 1459 et
2777 1395 3140 1460 Dominum
3185 1403 3367 1460 orate
3411 1402 3488 1461 ut
3530 1396 3702 1463 adsit
3742 1396 3980 1481 pusillo
4024 1398 4210 1482 gregi
4259 1420 4394 1465 suo.
4484 1399 4622 1464 Im-

2667 1489 2935 1562 perator
3018 1482 3590 1565 persequutionem
3667 1482 4007 1549 innovavit
4091 1484 4160 1548 in
4237 1484 4621 1550 Brabantia.

2667 1567 2774 1630 An
2824 1566 2928 1631 lus
2985 1573 3163 1633 totus
3215 1568 3396 1632 furit.
3481 1567 3770 1634 Galliam
3803 1570 3971 1651 petit
4001 1568 4193 1634 valde
4214 1570 4620 1658 sollicitat.⁸)

2668 1588 2824 1716 Set?
2845 1653 3014 1719 bene
3057 1660 3158 1718 est
3200 1652 3471 1719 Christo
3514 1675 3776 1720 omnem
3824 1662 4212 1738 potestatem
4271 1655 4493 1722 datam
4545 1657 4621 1722 in

2666 1737 2845 1803 coelo
2869 1747 2938 1802 et
2969 1746 3165 1804 terra.
3255 1740 3545 1804 Tantum
3590 1738 3701 1805 det
3743 1748 3821 1806 ut
3862 1741 4016 1808 huic
4052 1762 4210 1807 suae
4244 1762 4367 1808 nos
4400 1749 4620 1827 potes-

2663 1825 2786 1887 tati
2829 1824 2956 1889 rite
2999 1823 3575 1892 accommodemus.
3591 1827 3652 1909 4)

3557 2318 3707 2388 223.

3170 2456 3643 2526 CALVINUS
3686 2459 3787 2526 IN
3790 2458 4115 2526 CERTO.

2831 2628 3090 2696 Laudat
3130 2630 3270 2695 eius
3307 2629 3525 2696 studia
3564 2630 3678 2695 sed
3717 2632 3914 2698 simul
3954 2631 4242 2699 hortatur
4292 2639 4362 2700 ut
4407 2656 4485 2702 ca
4526 2635 4616 2701 ad

2647 2715 2975 2798 puriorem
3046 2717 3407 2800 reliyionem
3463 2714 3951 2799 amplexandam
4013 2725 4340 2785 convertat.
4446 2722 4615 2786 Tum

2656 2802 2788 2885 ayit
2827 2801 2905 2868 de
2937 2802 3176 2867 duobus
3215 2800 3545 2867 iuvenibus
3574 2801 3787 2867 Gallis
3819 2804 4228 2888 Aryentorati
4261 2806 4614 2890 deyentibus

2656 2887 2767 2952 sed
2808 2885 3019 2969 aliquo
3061 2888 3277 2954 idoneo
3317 2888 3501 2954 modo
3539 2888 3817 2970 familiis
3873 2891 4015 2957 suis
4068 2892 4138 2956 in
4179 2893 4473 2974 patriam
4513 2914 4612 2960 re-

2655 2972 2988 3039 mittendis.

2654 3143 3526 3283 tff„.2‚¹².⁰³ft.¹;¹÷e..⁰am:.¹¹3.;ff²
3539 3143 4375 3286 ..mamma
4401 3149 4478 3273 ιιι
4496 3149 4609 3288 1⁷²⁹3

2825 3368 2935 3433 Ita
2966 3389 3073 3433 me
3114 3366 3545 3433 vehementer
3582 3367 3990 3435 delectarunt
4043 3382 4193 3437 tuae
4236 3373 4484 3453 literae,
4530 3383 4609 3441 ιιι

2651 3453 3023 3538 putaverim
3080 3474 3214 3519 non
3273 3453 3465 3519 aliter
3506 3475 3613 3519 me
3668 3454 3882 3523 officio
3923 3478 4071 3523 meo
4115 3459 4606 3527 satisfacturum

2652 3559 2853 3623 quam
2875 3540 2931 3605 si
2952 3539 3092 3622 ipse
3108 3539 3190 3605 ad
3213 3559 3343 3620 eas,
3366 3539 3549 3607 velut
3571 3540 3655 3605 ad
3675 3561 3786 3606 me
3804 3543 4099 3625 scriptas,
4122 3546 4604 3627 responderem.

2649 3626 2953 3691 Primum
3017 3624 3136 3690 tibi
3201 3645 3288 3690 ex
3355 3625 3573 3691 animo
3637 3626 3937 3711 gratulor
4000 3629 4171 3712 quod
4251 3636 4316 3695 te
4393 3631 4602 3713 video,

2695 3718 2972 3777 uantum
3016 3731 3100 3776 ex
3143 3709 3295 3777 stilo
3338 3709 3623 3778 iudicare
3665 3712 3835 3793 licet,
3881 3735 4014 3779 non
4059 3736 4202 3781 esse
4245 3736 4328 3780 ex
4378 3718 4606 3784 otiosis

2647 3797 2782 3863 ilis
2837 3797 3168 3864 canonicis
3220 3797 3333 3880 qui
3390 3797 3484 3863 sic
3527 3805 3663 3863 tota
3706 3799 3849 3864 vita
3889 3800 3963 3864 in
4007 3802 4169 3881 cibo,
4214 3809 4394 3885 potu,
4439 3803 4600 3884 alea,

2648 3903 2908 3960 somno,
2969 3881 3176 3948 foedis
3231 3882 3429 3948 etiam
3475 3882 3858 3951 libidinibus
3915 3896 4338 3970 occupantur,
4398 3897 4478 3955 ut
4519 3889 4603 3956 de
4691 3933 4696 3936 -

2646 3968 3127 4034 honestioribus
3186 3968 3421 4035 studiis
3477 3989 3563 4034 ne
3618 3989 3738 4053 per
3791 3972 4120 4038 somnium
4167 3972 4433 4056 quidem
4477 3997 4600 4041 un-

2645 4075 2839 4138 quam
2884 4055 3193 4138 cogitent.
3280 4054 3508 4136 Neque
3552 4062 3771 4121 tamen
3816 4058 4021 4122 miror
4074 4065 4138 4123 te
4181 4057 4262 4123 ab
4306 4080 4382 4125 eo
4426 4062 4602 4127 vitae

2645 4158 2886 4223 genere
2930 4161 3110 4207 nunc
3152 4160 3295 4205 esse
3339 4139 3650 4220 alienum,
3697 4163 3738 4207 a
3780 4163 3909 4225 quo
3950 4144 4223 4208 memini
4265 4152 4349 4222 te,
4395 4167 4602 4229 quum

2644 4225 2935 4291 nondum
2997 4226 3118 4291 tibi
3170 4223 3497 4291 Dominus
3539 4226 3896 4306 illuxisset,
3953 4229 4274 4313 singulari
4317 4230 4599 4314 quadam

2644 4319 2921 4377 naturae
2999 4311 3286 4377 bonitate
3364 4333 3623 4395 semper
3698 4312 4131 4380 abhorruisse.
4257 4313 4391 4382 Sed
4471 4318 4598 4385 hoc

2644 4416 2900 4480 quoque
2944 4395 3062 4461 tibi
3104 4397 3178 4461 in
3231 4397 3362 4462 tuis
3416 4396 3650 4464 studiis
3705 4398 4066 4463 videndum
4128 4408 4258 4480 est,
4323 4412 4397 4467 ut
4463 4424 4596 4469 non

2643 4482 3103 4549 oblectamenti
3147 4483 3286 4549 loco
3329 4483 3446 4549 tibi
3490 4483 3629 4550 sint
3671 4482 4011 4563 duntaxat,
4055 4506 4288 4551 verum
4333 4487 4404 4552 in
4441 4510 4595 4554 eum

2642 4569 2843 4634 finem
2902 4570 3348 4647 conferantur,
3406 4576 3481 4634 ut
3535 4569 3816 4651 aliquem
3863 4591 4053 4635 usum
4096 4570 4346 4637 Christi
4391 4574 4594 4640 eccle-

2642 4654 2780 4720 siae
2833 4654 2987 4719 olim
3044 4654 3360 4720 adferant.
3461 4655 3597 4720 Eos
3662 4655 3836 4718 enim
3907 4656 4017 4739 qui
4066 4656 4233 4721 nihil
4286 4657 4466 4724 aliud
4521 4660 4593 4725 in

2639 4740 2849 4807 literis
2892 4749 3221 4824 quaerunt
3262 4741 3391 4806 nisi
3435 4747 3511 4804 ut
3566 4739 3843 4805 honesta
3902 4741 4117 4823 aliqua
4170 4746 4593 4827 occupatione

2640 4827 2756 4890 otii
2800 4826 3092 4892 taedium
3136 4826 3385 4902 fallant,
3430 4845 3809 4908 comparare
3845 4828 3925 4891 iis
3960 4828 4133 4892 soleo
4169 4829 4282 4912 qui
4318 4831 4593 4913 picturis

2844 5013 2906 5078 3)
2943 5015 3056 5066 sic!

2844 5083 2906 5147 4)
2948 5082 3141 5136 Mense
3189 5082 3357 5135 Iunio
3401 5087 3648 5149 cernente
3692 5083 3952 5150 scriptam
3982 5084 4173 5150 faisse,
4220 5085 4486 5151 efficimus
4518 5105 4587 5143 ea.-

2638 5152 2908 5206 mentione
2949 5156 3245 5208 conventus
3291 5150 3672 5272 HGaqenoensis
3699 5150 4389 5289 przeffieqoegrugpixidrj,
4436 5162 4487 5210 et
4519 5174 4590 5240 ece

2636 5304 2674 5342 a
2809 5303 2915 5341 m
2956 5289 3111 5353 faeta
3154 5287 3265 5353 sua
3307 5288 3593 5341 victoriam
3622 5235 3888 5353 Ῑέιᾶἶοηὼ
3926 5241 4430 5345 &mammam-⁸⁹
4443 5293 4495 5348 a.
4530 5294 4583 5348 6.

2674 5356 2801 5410 unii
2831 5362 3162 5424 reportatam
3196 5357 3352 5426 sequi
3384 5356 3653 5411 debuerat
3729 5356 3918 5428 Roqet,
3955 5359 4005 5411 1.
4041 5356 4142 5410 231
4177 5360 4316 5414 miv.
4349 5358 4470 5415 273.

3135 5014 3269 5067 Vide
3302 5029 3379 5066 an
3411 5012 3715 5081 leqendm:
3752 5014 4054 5068 sollicitam.
