5050 6167
715 429 841 493 675

707 633 856 680 esse
897 631 974 677 ac
1137 630 1286 677 vem
1328 616 1642 694 expertus
1676 610 1860 676 foret.
1947 608 2142 676 Nunc
2184 609 2493 692 quoniam
2538 607 2665 673 alio

709 699 997 783 migrare
1015 631 1323 762 {habebat
1363 696 1435 761 in
1480 696 1717 775 animo,
1761 694 2204 762 testimonium
2248 716 2289 760 a
2329 694 2515 760 nobis
2551 715 2663 777 pe-

709 784 819 848 tiit
859 788 1200 848 anteactae
1240 782 1437 859 vitae,
1480 780 1654 864 quod
1698 779 1796 844 illi
1839 801 1976 846 non
2018 801 2160 847 esse
2204 778 2663 864 denegandum

711 869 1100 934 censuimus.
1124 866 1182 952 ²)
1289 866 1437 932 Hoc
1506 885 1666 950 ergo
1723 865 2014 932 breviter
2074 872 2396 932 testamur
2459 863 2663 930 talem

707 953 911 1020 fuisse
953 975 995 1020 a
1037 952 1225 1018 nobis
1273 951 1573 1018 habitum
1613 958 1690 1016 ut
1733 960 1958 1018 nostro
2000 952 2292 1017 omnium
2336 970 2662 1015 consensu

708 1039 843 1107 iam
886 1038 970 1104 ad
1013 1058 1254 1104 munus
1295 1036 1622 1120 pastorale
1665 1036 2029 1102 destinatus
2065 1045 2252 1113 esset,
2297 1036 2423 1101 nisi
2460 1035 2661 1100 obsti-

709 1124 899 1190 tisset
954 1144 1091 1189 una
1153 1143 1365 1188 causa.
1455 1122 1628 1187 Nam
1685 1143 1889 1205 quum
1945 1142 2029 1187 ex
2071 1142 2253 1187 more
2295 1120 2660 1204 inquirere-

707 1230 855 1275 mus
898 1229 1059 1274 num
1100 1207 1172 1273 in
1218 1216 1353 1273 tota
1395 1206 1725 1274 doctrinae
1778 1227 2036 1274 summa
2091 1207 2268 1272 inter
2309 1227 2431 1273 nos
2471 1212 2538 1271 et
2578 1206 2659 1270 il-

705 1292 846 1360 lum
889 1294 1296 1371 conveniret,
1356 1292 1484 1358 duo
1536 1313 1678 1358 esse
1716 1291 2079 1375 respondit,
2134 1293 2205 1356 in
2248 1293 2482 1376 quibus
2528 1312 2658 1356 non

706 1386 929 1463 posset
969 1378 1303 1445 nobiscum
1350 1378 1625 1444 sentire:
1685 1378 1861 1461 quod
1906 1376 2281 1443 Salomonis
2324 1377 2654 1444 canticum

707 1465 912 1531 sacris
980 1464 1167 1530 libris
1244 1462 1793 1541 adscriberemus,
1873 1470 1942 1528 et
2013 1464 2187 1546 quod
2267 1462 2654 1529 descensum

707 1548 964 1616 Christi
1018 1547 1103 1614 ad
1162 1549 1404 1614 inferos
1462 1549 1901 1632 acciperemus
1958 1549 2031 1613 in
2074 1548 2489 1615 Oatechismo
2536 1568 2654 1631 pro

705 1655 782 1701 eo
822 1655 1016 1717 quem
1071 1635 1388 1699 sustinuit
1443 1634 1880 1700 conscientiae
1933 1633 2233 1714 horrore,
2289 1655 2490 1717 quum
2534 1654 2652 1718 pro

703 1719 896 1785 nobis
941 1719 1202 1785 sisteret
1242 1740 1313 1785 se
1347 1718 1429 1783 ad
1465 1718 1594 1785 Dei
1635 1719 1944 1798 tribunal,
1989 1727 2065 1785 ut
2105 1732 2373 1803 peccata
2407 1727 2650 1797 nostra,

701 1824 981 1888 poenam
1036 1825 1112 1870 ac
1167 1803 1692 1870 maledictionem
1743 1805 1813 1870 in
1874 1825 1945 1871 se
1987 1805 2471 1883 transferendo,
2530 1825 2653 1870 sua

703 1898 913 1955 morte
955 1889 1267 1972 expiaret.
1336 1888 1676 1971 Quantum
1720 1890 1802 1955 ad
1847 1890 1972 1956 hoc
2013 1891 2338 1975 posterius
2378 1897 2648 1974 spectat,

702 1975 861 2057 quin
904 1974 1013 2057 pia
1052 1981 1225 2040 esset
1269 1996 1344 2041 ac
1401 1983 1627 2040 sancta
1667 1974 1965 2042 doctrina
2006 1995 2200 2058 quam
2242 1977 2649 2059 profitemur,

701 2079 832 2124 nou
872 2079 954 2123 ne
1042 2060 1183 2125 bat:
1231 2057 1311 2124 de
1351 2080 1429 2125 eo
1471 2067 1732 2125 tantum
1780 2067 1924 2125 erat
1965 2062 2428 2139 controversia,
2487 2081 2649 2125 num

701 2145 795 2210 sic
837 2145 971 2209 inte
999 2143 1300 2243 ligendus
1357 2152 1532 2211 esset
1587 2144 1694 2211 hic
1746 2145 1943 2211 locus.
2033 2147 2334 2212 Primum
2377 2145 2648 2211 rationi-

699 2229 822 2295 bus
863 2240 1081 2295 conat1
1123 2250 1349 2296 sumus
1391 2252 1543 2295 eum
1580 2230 1900 2296 adducere
1933 2232 2006 2296 in
2050 2238 2343 2297 nostram
2382 2237 2647 2296 senten-

698 2314 878 2392 tiam,
922 2334 1088 2397 quae
1131 2322 1360 2381 contra
1399 2314 1632 2381 obiecit
1666 2325 2057 2400 argumenta
2098 2316 2536 2382 refutavimus
2571 2322 2648 2380 ut

695 2400 1044 2484 potuimus.
1113 2398 1336 2481 Quum
1374 2399 1543 2464 nihil
1580 2400 1701 2467 hoc
1734 2401 1927 2467 modo
1961 2402 2442 2485 proficeremus,
2478 2401 2647 2465 inita

697 2482 963 2549 tandem
1021 2504 1063 2549 a
1103 2485 1291 2551 nobis
1352 2486 1480 2550 fuit
1536 2486 1666 2550 alia
1715 2485 1901 2552 ratio.
1989 2486 2421 2553 Ostendimus
2463 2507 2644 2570 sym-

695 2568 922 2635 bolum
953 2567 1107 2635 fidei
1140 2591 1273 2635 non
1309 2568 1436 2636 alio
1469 2571 1816 2654 pertinere,
1853 2591 2066 2654 neque
2096 2572 2172 2637 in
2206 2571 2408 2636 alium
2442 2571 2644 2636 fuisse

694 2655 895 2719 finem
939 2655 1388 2737 compositum,
1424 2656 1553 2721 nisi
1590 2663 1668 2721 ut
1700 2664 1990 2722 exstaret
2010 2657 2231 2723 brevis
2266 2676 2342 2723 ac
2363 2656 2643 2739 simplex

700 2738 1173 2805 christianismi
1250 2760 1536 2821 summa,
1614 2761 1781 2824 quae
1854 2749 1920 2807 et
1982 2762 2209 2807 sanam
2276 2740 2640 2808 doctrinam

694 2824 1057 2891 contineret
1101 2833 1169 2889 et
1204 2825 1519 2908 populum
1564 2824 1827 2891 doceret
1867 2826 1948 2892 de
1989 2829 2184 2892 rebus
2223 2827 2511 2892 maxime
2554 2826 2639 2893 ad

693 2909 971 2975 salutem
1018 2909 1415 2976 necessariis.
1520 2909 1840 2978 Sufficere
1894 2931 2053 2996 ergo
2102 2911 2200 2976 illi
2254 2911 2519 2993 debere,
2581 2913 2640 2978 si

692 3013 826 3059 non
864 2994 998 3060 nisi
1040 3015 1265 3060 sanam
1323 2997 1630 3079 piamque
1674 2997 2039 3063 doctrinam
2093 2996 2367 3064 haberet
2409 3004 2639 3064 nostra

690 3080 1005 3180 expositio
1061 3087 1128 3146 et
1186 3079 1270 3146 ad
1326 3081 1838 3148 aedificationem
1894 3088 2050 3165 apta
2111 3090 2300 3149 esset.
2405 3082 2639 3168 Neque

690 3186 868 3231 emm
910 3185 1030 3231 nos
1089 3166 1457 3249 improbare
1514 3166 1819 3233 ecclesias
1875 3188 2041 3250 quae
2084 3188 2270 3234 secus
2311 3168 2636 3251 interpre-

685 3256 1004 3315 tarentur.
1093 3251 1382 3316 'I'antum
1423 3251 1492 3316 id
1533 3251 1721 3318 nobis
1763 3273 1958 3319 curae
2000 3273 2159 3332 esse,
2203 3273 2290 3318 ne
2333 3253 2506 3336 qnod
2550 3275 2633 3319 ex

682 3334 886 3400 variis
978 3336 1492 3419 expositionibus
1587 3357 1789 3422 grave
1890 3338 2138 3405 malum
2231 3349 2630 3405 nasceretur.

683 3418 1067 3503 Respondit,
1112 3419 1286 3486 nolle
1328 3443 1399 3487 se
1440 3423 1749 3505 recipere,
1795 3422 1965 3506 quod
2000 3432 2331 3508 praestare
2366 3425 2495 3490 nisi
2528 3446 2634 3490 re-

683 3513 1022 3589 pugnante
1079 3506 1476 3572 conscientia
1538 3527 1674 3572 non
1736 3515 1971 3591 posset.
2071 3508 2326 3576 Verum
2382 3511 2633 3593 praeci-

683 3609 893 3673 puum
947 3587 1132 3655 nobis
1188 3600 1520 3657 certamen
1579 3591 1660 3656 de
1703 3593 1973 3659 Canum
2027 3594 2169 3660 fuit.
2270 3595 2633 3660 Existimat

681 3674 858 3740 enim
901 3674 1222 3741 lascivum
1276 3686 1343 3742 et
1386 3676 1775 3743 obscoenum
1816 3698 1959 3744 esse
2002 3700 2285 3760 carmen,
2331 3701 2458 3764 quo
2503 3679 2631 3747 Sa-

678 3759 855 3825 lomo
897 3760 1263 3845 impudicos
1303 3781 1456 3826 suos
1499 3782 1752 3828 amores
1796 3762 2230 3848 descripserit.
2295 3766 2659 3849 Principio.

682 3844 987 3911 obtestati
1036 3865 1186 3910 eum
1246 3867 1507 3925 sumus,
1569 3855 1647 3913 ut
1699 3870 1782 3914 ne
1836 3858 2223 3933 perpetuum
2281 3852 2629 3917 universae

680 3930 992 3997 ecclesiae
1027 3950 1419 3997 consensum
1454 3940 1700 3999 temere
1734 3954 1854 4016 pro
1889 3936 2094 4001 nihilo
2130 3935 2417 4002 duceret.
2461 3935 2525 4000 N
2526 3935 2627 4001 ul-

677 4013 816 4080 lum
880 4013 1115 4081 dubiae
1172 4017 1322 4082 fidei
1379 4017 1618 4083 librum
1675 4040 1850 4096 esse,
1918 4020 2000 4086 de
2056 4041 2183 4103 quo
2241 4043 2374 4086 non
2429 4021 2629 4086 fuerit

678 4106 857 4165 mota
897 4100 1052 4166 olim
1095 4108 1162 4167 et
1196 4102 1444 4186 agitata
1477 4104 1696 4187 aliqua
1739 4104 2138 4188 disceptatio.
2207 4104 2391 4187 Quin
2425 4106 2626 4172 etiam

678 4206 763 4251 ex
805 4186 914 4264 iis,
971 4186 1205 4269 quibus
1249 4197 1492 4253 certam
1546 4191 1965 4255 autoritatem
2022 4211 2198 4258 nunc
2252 4190 2625 4268 deferimus,

678 4271 995 4352 quosdam
1054 4293 1188 4337 non
1241 4273 1444 4340 fuisse
1498 4274 1684 4339 initio
1736 4275 1978 4359 absque
2022 4277 2468 4343 controversia
2522 4297 2628 4341 re-

677 4363 926 4437 ceptos:
984 4355 1160 4422 huuc
1214 4379 1255 4423 a
1308 4358 1574 4424 nemine
1631 4360 1846 4441 palam
1913 4360 2115 4426 fuisse
2181 4381 2469 4444 unquam
2521 4383 2625 4427 re-

675 4438 1033 4522 pudiatum.
1124 4441 1452 4509 Obtestati
1495 4464 1751 4528 quoque
1809 4466 2038 4511 sumus
2080 4467 2165 4512 ne
2219 4467 2339 4512 suo
2380 4446 2625 4514 iudicio

673 4523 824 4608 plus
867 4546 1072 4609 aequo
1116 4539 1482 4613 arrogaret:
1548 4531 1932 4612 praesertim
1990 4552 2194 4614 quum
2250 4531 2418 4597 nihil
2471 4554 2624 4616 pro—

671 4618 947 4695 poneret
986 4612 1158 4693 quod
1201 4635 1338 4680 non
1371 4635 1597 4680 omnes
1637 4624 1788 4680 ante
1822 4636 1973 4681 eum
2017 4625 2250 4682 natum
2284 4617 2621 4683 vidissent.

872 4896 933 4964 2)
973 4900 1184 4965 Quaero
1203 4916 1316 4969 cur,
1341 4908 1629 4974 postquam
1648 4903 1846 4959 deinde
1863 4905 1914 4958 ei
1932 4904 2062 4960 ludo
2082 4905 2299 4959 circiter
2319 4904 2613 4961 triennium

668 4968 904 5038 praemi,
954 4974 1016 5022 tu
1051 4968 1184 5022 mihi
1220 4972 1481 5041 scriptum
1527 4978 1586 5026 et
1627 4978 1723 5026 tua
1758 4989 1920 5027 manu
1955 4974 2329 5044 subsignatum
2364 4976 2611 5030 testimo-

669 5036 818 5091 nium
864 5037 1082 5091 dederis
1122 5037 1441 5095 innocenter
1487 5047 1641 5095 actae
1689 5042 1875 5095 vitae?
1945 5042 2086 5096 Nam
2131 5043 2189 5096 id
2236 5044 2611 5099 testimonium

665 5120 767 5175 ego
802 5105 978 5160 adhuc
1011 5106 1186 5161 habeo
1220 5123 1346 5161 casu
1383 5116 1659 5177 repertum
1682 5109 1845 5163 domi.
1915 5112 2099 5165 Antea
2132 5112 2276 5165 euim
2311 5128 2421 5167 non
2455 5129 2611 5167 cura·

665 5173 793 5227 bam
830 5175 1032 5244 quippe
1079 5182 1365 5231 contentus
1411 5177 1722 5232 innocentia
1768 5195 1915 5247 mea,
1966 5180 2063 5233 sed
2107 5180 2256 5234 odito
2290 5182 2479 5236 libello
2511 5188 2607 5236 tuo

664 5242 883 5310 gavisus
925 5260 1045 5298 sum
1092 5246 1225 5299 illud
1278 5245 1648 5300 testimouium
1696 5247 1873 5301 adhuc
1919 5255 2165 5316 exstare,
2211 5249 2376 5319 idque
2419 5251 2610 5305 multis

663 5311 879 5365 ostendi
913 5314 1188 5368 nonnullis
1221 5314 1386 5368 etiam
1422 5316 1888 5370 concionatoribus
1923 5323 2023 5371 etc.
2099 5315 2352 5375 Oamuio
2382 5318 2418 5375 1.
2456 5336 2501 5377 ο.

2262 419 2789 489 EPISTOLAE
2836 423 3171 490 531—533

4590 424 4713 488 676

2768 606 2965 689 Quod
3043 617 3506 693 argumentum
3570 607 3840 689 attinet,
3919 607 4377 674 admonuimus
4438 610 4714 675 formam

2768 714 2910 760 esse
2951 694 3356 778 epithalamii
3408 694 3600 759 alteri
3655 715 3789 759 non
3846 693 4212 760 absimilem
4265 713 4430 777 quae
4472 695 4583 761 Ps.
4628 696 4711 759 45

2768 778 3065 844 habetur.
3133 780 3272 846 Nec
3314 780 3576 845 omnino
3606 779 3958 863 quidquam
3993 779 4331 857 interesse,
4376 781 4503 846 nisi
4540 777 4712 863 quod

2767 885 2934 947 quae
2968 865 3077 931 hic
3108 867 3180 930 in
3215 886 3456 950 genere
3491 865 3782 930 breviter
3815 864 4138 944 dicuntur,
4184 866 4391 931 fusius
4425 875 4494 931 et
4525 864 4713 949 quasi

2768 951 3145 1016 minutatim
3182 950 3594 1033 explicantur
3637 950 3707 1015 in
3758 950 4046 1017 CanticO.
4131 949 4489 1016 Decantari
4533 952 4710 1017 enim

2763 1036 2837 1099 in
2870 1036 3136 1101 Psalmo
3171 1034 3542 1102 Salomonis
3584 1034 4135 1119 pulchritudinem
4180 1050 4245 1101 et
4287 1057 4564 1120 sponsae
4606 1060 4710 1104 or-

2763 1128 3013 1201 natum,
3056 1121 3151 1186 ita
3194 1127 3269 1186 ut
3309 1143 3414 1187 res
3457 1141 3563 1185 res
3610 1121 3865 1198 ondeat‚
3911 1119 4259 1186 discrimen
4294 1123 4365 1186 in
4400 1122 4538 1189 sola
4576 1123 4709 1190 dic-

2764 1206 2964 1271 tionis
3020 1207 3235 1291 figura
3289 1227 3447 1272 esse.
3538 1142 3763 1287 (guum
3820 1206 3978 1272 haec
4034 1206 4282 1272 nullius
4332 1208 4510 1291 apud
4555 1229 4708 1276 eum

2760 1293 3077 1356 momenti
3121 1299 3370 1370 essent,
3426 1290 3941 1357 consultavimus
3992 1293 4168 1356 inter
4218 1313 4336 1358 nos
4393 1293 4708 1376 quidnam

2760 1397 2922 1460 opus
2965 1384 3138 1443 esset
3178 1378 3370 1443 facto.
3458 1377 3614 1442 Una
3651 1378 3940 1441 omnium
3979 1379 4305 1443 sententia
4347 1379 4487 1456 fuit,
4533 1381 4707 1464 peri-

2759 1462 3051 1528 culosum
3115 1472 3184 1528 et
3245 1462 3402 1527 mali
3454 1461 3737 1545 exempli
3793 1463 3958 1541 fore,
4022 1463 4079 1528 si
4131 1463 4214 1528 ad
4268 1464 4705 1533 ministerium

2759 1567 2906 1612 cum
2952 1548 3075 1614 hac
3119 1547 3487 1613 conditione
3523 1546 3993 1613 admitteretur.
4081 1548 4308 1615 Bonos
4352 1550 4527 1614 enim
4572 1553 4706 1635 pri-

2757 1654 2939 1697 mum
2984 1654 3118 1698 non
3153 1632 3388 1700 leviter
3421 1634 3748 1698 offensum
3789 1632 3890 1712 iri,
3934 1634 3991 1698 si
4026 1633 4295 1699 audiant
4328 1636 4703 1703 ministrum

2755 1738 2898 1783 esse
2934 1740 2974 1783 a
3006 1718 3195 1783 nobis
3229 1727 3542 1797 creatum,
3586 1718 3696 1801 qui
3732 1718 3990 1798 librum,
4036 1740 4227 1802 quem
4263 1720 4335 1784 in
4370 1741 4704 1789 sacrorum

2754 1802 3074 1869 librorum
3120 1803 3412 1888 catalogo
3453 1802 3737 1868 habeant
3770 1824 3996 1870 omnes
4033 1804 4360 1886 ecclesiae,
4396 1827 4704 1891 respuere

2755 1910 2825 1954 se
2869 1910 2944 1955 ac
2989 1888 3301 1954 damnare
3344 1889 3557 1972 palam
3620 1891 4014 1972 profiteatur.
4103 1890 4304 1957 Malis
4348 1902 4413 1957 et
4455 1893 4703 1975 impro-

2751 1974 2886 2053 bis,
2939 1976 3051 2057 qui
3109 1980 3176 2040 et
3226 1974 3583 2040 infamandi
3642 1974 3962 2057 evangelii
4014 1984 4082 2040 et
4138 1975 4335 2042 huius
4393 1977 4702 2045 ecclesiae

2752 2057 3136 2124 lacerandas
3194 2061 3597 2126 occasionem
3661 2068 3952 2142 captant,
4018 2060 4112 2127 ita
4167 2062 4525 2128 fenestram
4582 2085 4701 2148 per

2753 2165 2872 2209 nos
2917 2155 3215 2227 apertum
3249 2145 3349 2209 iri.
3415 2145 3761 2211 Postremo
3806 2144 3930 2210 hac
3963 2145 4108 2230 lege
4149 2167 4271 2212 nos
4315 2146 4701 2218 obstrictum

2752 2229 2835 2293 iri
2908 2229 2977 2294 in
3058 2238 3425 2312 posterum,
3505 2251 3588 2295 ne
3660 2230 3765 2296 cui
3844 2231 4036 2297 alteri
4108 2232 4269 2297 vitio
4345 2241 4697 2316 vertamus,

2750 2315 2807 2378 si
2849 2324 2961 2380 aut
3002 2313 3464 2391 Ecclesiasten,
3510 2324 3626 2379 aut
3657 2316 4032 2395 Proverbia,
4071 2327 4186 2382 aut
4218 2339 4423 2383 unum
4470 2340 4696 2403 quem-

2748 2420 2875 2482 que
2915 2398 3158 2465 librum
3212 2421 3296 2466 ex
3347 2401 3615 2483 reliquis
3670 2400 3993 2484 repudiet:
4049 2404 4173 2467 nisi
4233 2403 4399 2469 forte
4440 2405 4512 2469 in
4573 2405 4694 2473 hoc

2747 2492 3081 2551 certamen
3123 2483 3516 2552 descendere
3556 2486 3773 2564 libeat,
3820 2488 3965 2569 quis
3998 2488 4235 2570 spiritu
4278 2498 4507 2555 sancto
4552 2490 4695 2576 digb

2745 2591 2871 2635 nus
2915 2570 3003 2636 sit
3044 2580 3160 2635 aut
3191 2569 3522 2656 indignus.
3610 2572 3712 2638 Ne
3750 2572 3897 2655 quis
3941 2593 4097 2656 ergo
4136 2574 4313 2639 aliud
4357 2575 4692 2659 quidpiam

2746 2674 2981 2721 causae
3024 2676 3166 2722 esse
3210 2657 3596 2740 suspicetur,
3659 2676 3780 2721 cur
3822 2679 3860 2722 a
3904 2659 4088 2725 nobis
4133 2658 4423 2724 discedat
4469 2660 4691 2728 Sebas-

2741 2741 2973 2820 tianus,
3035 2741 3157 2808 hoc
3200 2762 3584 2826 quocunque
3640 2743 3896 2808 venerit
3952 2750 4265 2809 testatum
4318 2766 4460 2811 esse
4501 2746 4691 2813 volu-

2740 2846 2906 2893 mus.
2995 2825 3276 2893 Scholae
3317 2827 3696 2912 magisterio
3752 2836 3987 2912 sponte
4044 2849 4113 2894 se
4171 2828 4518 2896 abdicavit.
4609 2832 4690 2899 In

2741 2932 2817 2977 eo
2862 2913 2957 2977 ita
2998 2931 3068 2977 se
3119 2919 3409 2997 gesserat
3461 2923 3538 2979 ut
3592 2933 3775 2980 sacro
3829 2913 3955 2979 hoc
4006 2915 4371 2981 ministerio
4414 2915 4688 3001 dignum

2739 2995 3191 3063 indicaremus.
3272 2997 3643 3079 Quominus
3686 3007 3906 3064 autem
3949 3007 4251 3084 receptus
4294 3002 4508 3083 fuerit,
4553 3025 4686 3071 non

2739 3081 2956 3165 aliqua
3000 3083 3175 3149 vitae
3230 3084 3518 3163 macula,
3572 3105 3705 3150 non
3759 3084 4036 3167 impium
4091 3084 4350 3170 aliquod
4401 3088 4473 3153 in
4532 3088 4683 3156 fidei

2737 3176 2999 3234 nostrae
3041 3168 3362 3253 capitibus
3405 3165 3661 3253 dogma,
3707 3170 3823 3236 sed
3868 3170 4030 3237 haec
4071 3192 4206 3237 una
4248 3193 4444 3257 quam
4483 3195 4682 3260 expo-

2736 3254 2987 3320 suimus
3030 3275 3230 3322 causa
3271 3255 3536 3321 obstitit.
3559 3255 3617 3339 ⁸)

3346 3391 3639 3458 Ministri
3681 3392 3986 3459 ecclesiae
4030 3392 4458 3463 Genevensis.

3571 3477 3855 3544 Ioannes
3899 3477 4218 3545 Calvinus

3191 3561 3483 3627 omnium
3527 3564 3791 3629 nomine
3835 3585 3911 3631 ac
3953 3564 4267 3631 mandato
4307 3565 4676 3653 subscripsi.

2937 3780 2998 3850 3)
3042 3781 3173 3838 Sine
3205 3783 3294 3837 die
3328 3787 3378 3837 et
3410 3783 3645 3840 consule.
3695 3783 3892 3855 Hem-y
3924 3784 4190 3841 adscribit
4223 3784 4303 3840 17.
4330 3786 4492 3843 Febr.
4528 3787 4675 3858 1554,

2840 3849 2879 3904 d
2911 3853 3132 3906 omnino
3162 3852 3395 3917 falsum,
3440 3858 3491 3907 et
3530 3854 3716 3921 potius
3770 3854 4108 3923 typographo
4151 3871 4312 3924 quam
4356 3859 4549 3912 auton·
4577 3860 4674 3914 m·-

2731 3865 3015 3973 guugndum.
3092 3919 3456 3975 Februarium
3499 3925 3680 3976 tamen
3722 3928 3956 3976 retinere
3995 3927 4203 3991 poteris
4245 3925 4299 3978 si
4402 3925 4544 3981 Mem
4576 3927 4675 3985 Ιιοο

2732 3988 3101 4068 ιεριίηιοηίιιηι.
3134 4004 3228 4042 eas
3259 3988 3414 4057 ipsas
3458 3989 3648 4070 literas
3677 3990 3857 4055 fuisse
3888 3991 4097 4045 dixeris
4130 4007 4268 4073 quas
4365 4000 4508 4049 oster

2732 4070 2811 4137 esp
2857 4063 2983 4110 anto
3041 4055 3229 4111 dtebus
3278 4055 3593 4137 Castqlhom
3643 4058 4008 4112 Lausamaam
4053 4062 4422 4128 proficiscenti
4461 4011 4673 4121 deff&

2731 4129 2853 4244 ⁰:⁸2·
2846 4122 2935 4191 (N.
2970 4121 3117 4190 530).
3192 4124 3354 4248 ῗρηὲι
3370 4125 3460 4206 hep
3492 4140 3696 4249 ”gtmtea
3716 4126 3925 4209 devitum
3960 4127 4110 4183 Iulio
4142 4129 4378 4210 scholam
4413 4135 4466 4186 et
4502 4131 4689 4197 Genea

2728 4210 3615 4395 ...mam
3565 4210 3671 4397 “3-
3684 4210 4017 4387 &iiiii
4043 4212 4669 4393 fflffizm

2728 4346 3106 4478 saunerisgpt·
3161 4398 3339 4479 aloiti-i
3369 4415 3450 4467 ep.
3486 4347 3600 4452 adm
3610 4347 4172 4482 νὲιεῖῗιεηιιῗῗείεῖιάαΐ
4189 4352 4444 4459 Jiden‘tur
4470 4355 4669 4463 cmg:

2728 4465 2923 4547 Inonem
2949 4480 3255 4521 miss-nonem
3289 4482 3401 4549 ¹5²¹!
3430 4473 3668 4550 pecasse.
3722 4467 3989 4539 Demque,
4100 4472 4417 4527 odmaaec'mi
4447 4480 4529 4529 est
4562 4492 4668 4532 neo·

2728 4538 2912 4599 ment»,
2959 4548 3236 4589 successor
3268 4550 3320 4615 ep
3353 4551 3467 4589 tam
3505 4535 3618 4590 dest
3656 4544 3823 4592 natus
3865 4544 3987 4594 erat
4100 4556 4130 4594 c
4160 4541 4282 4623 {pso
4327 4547 4560 4609 tempore
4591 4544 4669 4601 ad

2723 4602 2931 4669 pascha
2965 4618 3168 4684 manus
3201 4603 3457 4684 aditurus
3490 4604 3592 4686 (N.
3630 4675 3640 4687 ο
3775 4613 3884 4662 not.
3919 4607 3997 4674 5).
4076 4606 4182 4678 Qut
4224 4624 4358 4664 sane
4397 4612 4592 4667 eoam·
4614 4618 4669 4669 et

2724 4675 3030 4793 affectam
3072 4687 3183 4726 non
3223 4677 3491 4739 potuzsset
3526 4688 3638 4727 nm
3681 4650 3770 4729 ale
3814 4676 4123 4731 massionem
4167 4678 4276 4732 σἀηι
4311 4680 4669 4748 immanet.

2738 4737 2807 4792 V·
2842 4745 2964 4793 etur
3009 4754 3068 4795 er
3103 4756 3137 4793 ο
3181 4755 3269 4795 res
3314 4740 3395 4794 ali
3465 4758 3497 4797 ο
3542 4741 3700 4797 modo
3741 4759 3846 4812 pro
3881 4750 4116 4815 temporo
4149 4762 4259 4801 com
4291 4750 4669 4875 35?oequ

4264 4833 4290 4870 e
4469 4855 4483 4870 .

2720 4806 2804 4861 ita
2837 4813 2902 4863 ut
2934 4822 3002 4862 m.
3078 4807 3193 4864 ulio
3233 4806 3391 4865 Ceste
3427 4812 3485 4865 io
3520 4811 3713 4865 iterum
3748 4818 3999 4869 senatum
4034 4813 4191 4870 adire
