5050 6167
373 500 412 562 9
2182 505 2346 565 1540
2388 499 2573 566 IAN.
4306 505 4386 566 10

373 687 567 753 Dieu.
654 689 750 753 Et
804 688 885 755 de
935 709 1089 774 moy
1160 690 1209 754 il
1263 710 1303 753 a
1358 690 1544 772 eineq
1602 711 1723 755 ans
1820 711 1908 754 ue
1963 690 2025 756 16
2078 710 2166 755 86
2218 689 2327 776 lay

374 773 545 839 dicte
589 781 658 839 et
701 795 837 860 nay
892 776 1213 840 intention
1268 775 1351 840 de
1404 775 1470 840 18
1511 774 1743 841 1818816
1831 775 1960 853 116,
2018 784 2164 841 tant
2210 796 2328 841 sen

371 859 542 923 fault
582 881 710 943 que
747 861 812 925 ie
856 860 923 925 18
964 861 1205 927 vueille
1246 861 1674 939 mainctenir,
1729 882 1841 927 681
1886 883 1956 927 66
1997 863 2059 926 16
2114 862 2328 927 168666

368 946 573 1010 voulu
615 946 1114 1028 mainetenir27)
1156 948 1220 1011 ie
1263 969 1348 1011 ne
1388 947 1569 1013 fusse
1612 968 1729 1029 pas
1769 948 1875 1031 icy
1918 968 2109 1011 venu.

543 1029 781 1097 0111116
823 1034 924 1097 fut
965 1031 1127 1098 dict:
1182 1032 1367 1098 Vous
1423 1053 1634 1097 88816
1677 1054 1719 1097 8
1760 1031 2102 1114 (1668181611
2146 1034 2202 1098 61
2248 1032 2329 1099 (16

370 1137 446 1182 66
480 1137 606 1201 que
648 1138 951 1183 68661166
986 1140 1156 1185 nous
1193 1140 1398 1184 avons
1433 1140 1518 1204 oy
1552 1140 1719 1183 8686
1754 1119 2021 1200 parlons
2063 1139 2329 1185 encorre

372 1223 532 1268 avec
584 1225 775 1269 vous.
864 1205 1025 1269 Cest
1082 1225 1259 1288 quon
1323 1226 1363 1268 a
1422 1204 1557 1271 dict
1622 1225 1747 1287 que
1802 1225 1966 1270 vous
2020 1212 2208 1269 tenez
2266 1204 2328 1269 le

368 1298 774 1376 purgatoyre
825 1311 1077 1356 comme
1134 1311 1220 1355 on
1279 1290 1474 1355 disoit
1528 1311 1657 1372 que
1708 1309 1877 1355 vous
1929 1290 2326 1355 mainteniez

368 1374 437 1438 18
481 1395 698 1440 816666
740 1382 808 1439 61
842 1397 968 1459 que
1012 1398 1175 1441 vous
1220 1375 1424 1442 dictes
1460 1377 1597 1459 quil
1640 1375 1809 1440 fault
1842 1377 1987 1460 prie
2030 1397 2197 1459 pour
2231 1376 2326 1441 les

367 1467 752 1544 trespassez.

544 1547 796 1630 Lequel
841 1547 1207 1630 respondit:
1264 1548 1326 1612 11
1369 1557 1470 1613 est
1527 1549 1777 1613 certain
1821 1568 1949 1630 686
1991 1569 2073 1612 68
2118 1554 2326 1612 toutte

364 1632 437 1697 18
490 1633 738 1699 saincte
794 1635 1153 1715 escripture
1218 1655 1302 1698 ne
1368 1641 1600 1699 trouve
1658 1634 1895 1699 auleun
1948 1632 2327 1698 fondement

370 1717 455 1782 de
496 1727 900 1803 purgatoyre
957 1722 1124 1785 mais
1182 1719 1244 1784 16
1299 1719 1472 1784 11686
1529 1738 1779 1784 comme
1834 1720 2029 1784 chose
2086 1740 2325 1804 songee

368 1811 440 1868 et
483 1812 910 1869 controuvee:
971 1824 1315 1889 pourquoy
1371 1805 1434 1869 ie
1491 1805 1645 1888 iuge
1702 1812 1914 1869 toutte
1975 1806 2325 1890 souffraige

364 1890 619 1972 prieres
662 1901 730 1955 et
762 1899 975 1955 168166
1012 1891 1258 1956 8811166
1298 1890 1526 1955 choses
1563 1892 1671 1972 qui
1709 1900 1856 1955 sont
1892 1892 2122 1957 saintes
2156 1911 2324 1974 pour

368 1979 573 2040 161116
630 1975 727 2039 166
780 1997 961 2042 81866
1015 1976 1103 2040 (18
1169 1986 1571 2060 purgatoyre
1628 1985 1799 2041 estre
1854 1977 2052 2042 chose
2106 1998 2323 2061 vayne

366 2061 901 2143 superstitieuses
965 2072 1032 2127 et
1086 2063 1272 2127 folles
1328 2072 1397 2127 et
1448 2062 1559 2144 qui
1615 2083 1700 2125 ne
1755 2072 1906 2127 sont
1960 2063 2325 2127 nullement

369 2147 559 2212 selon
600 2148 668 2212 18
711 2148 1004 2213 (16611186
1050 2147 1131 2213 (16
1169 2150 1341 2213 Dieu
1382 2147 1663 2229 laquelle
1707 2148 1770 2212 16
1813 2150 2119 2230 seigneur
2152 2170 2321 2214 nous

365 2232 589 2298 donne
633 2253 827 2318 grace
872 2234 953 2299 de
997 2235 1218 2299 suivre
1261 2243 1329 2297 et
1371 2234 1660 2299 observe.

542 2317 853 2405 Surquoy
910 2320 1011 2385 fut
1068 2321 1212 2403 prie
1267 2319 1329 2383 16
1384 2320 1695 2403 seigneur
1749 2341 1831 2384 en
1874 2319 1993 2403 luy
2036 2317 2322 2384 rendant

363 2426 598 2489 graces
642 2405 731 2471 du
773 2406 925 2472 bien
966 2407 1081 2488 6111
1125 2427 1289 2471 nous
1333 2407 1489 2470 faiet
1532 2405 1613 2469 de
1657 2427 1821 2470 nous
1867 2405 2084 2470 donne
2127 2426 2320 2490 grace

362 2490 446 2556 de
491 2492 685 2556 vivre
743 2512 829 2556 en
883 2490 1097 2556 bonne
1149 2492 1304 2576 paix
1363 2499 1429 2556 et
1484 2491 1688 2556 union
1745 2511 1827 2555 68
1887 2492 2193 2557 186611881
2235 2513 2320 2556 68

362 2576 765 2643 ledification
801 2577 882 2643 de
915 2587 1084 2654 1686,
1127 2584 1494 2644 avanceant
1510 2578 1601 2654 211)
1638 2585 1852 2641 tontes
1895 2577 2122 2643 choses
2158 2576 2319 2641 1168-

358 2685 484 2728 866
527 2678 596 2727 61
639 2661 1039 2728 (16611816881
1096 2671 1309 2729 1611166
1353 2663 1584 2729 choses
1626 2663 2073 2740 meschantes‚
2134 2662 2318 2727 telle·

359 2759 549 2813 ment
591 2769 719 2831 que
764 2747 843 2814 de
889 2771 1088 2814 cueur
1131 2749 1343 2814 entier
1386 2767 1555 2813 nous
1599 2748 1894 2813 serviens
1939 2770 1979 2813 8
2021 2748 2199 2815 Dieu
2234 2769 2318 2813 en

360 2853 572 2919 vraye
617 2840 684 2897 61
726 2834 879 2900 vive
918 2836 1031 2919 foy
1074 2843 1393 2899 ouvrante
1435 2853 1555 2916 par
1597 2835 1862 2898 charite.
1883 2835 1975 2916 ²⁹)

534 2988 628 3052 Et
691 2989 755 3052 ie
809 2989 1144 3054 Anthoine
1198 2987 1415 3053 Bretel
1479 2988 1750 3053 humble
1815 2990 2164 3055 secretaire
2230 2988 2318 3053 du

360 3074 610 3141 conseil
629 3075 716 3154 ⁸⁰)
764 3073 846 3139 de
889 3075 957 3139 18
998 3075 1156 3139 ville
1200 3074 1280 3138 de
1314 3074 1738 3140 Neufchastel
1783 3076 2053 3139 eertiffie
2098 3095 2137 3137 a
2174 3084 2316 3139 tous

358 3160 590 3226 fideles
634 3180 761 3242 que
802 3181 923 3243 par
981 3158 1399 3225 ordonnance
1453 3159 1534 3225 de
1578 3159 2029 3225 l’honnorable
2073 3160 2319 3226 eonseil

358 3245 439 3313 de
487 3245 556 3309 18
607 3245 765 3311 ville
821 3245 1048 3311 dudict
1089 3245 1515 3312 Neufchastel
1571 3247 1709 3310 suis
1760 3257 1897 3311 este
1955 3266 2209 3330 envoyc
2253 3253 2320 3310 et

357 3332 676 3397 transmis
719 3331 1219 3398 ambassadeurs
1252 3331 1611 3396 en.ladicte
1644 3333 1896 3414 ne¹¹⁹⁸¹)
1932 3340 1998 3396 61
2032 3332 2317 3397 desdictz

354 3420 694 3483 ministres
738 3425 937 3484 avant
966 3438 1268 3482 nommez
1313 3416 1409 3481 ait
1451 3437 1574 3500 oyr
1613 3415 2013 3482 fidellement
2054 3417 2151 3483 les
2186 3416 2316 3483 col-

355 3503 586 3588 loques
639 3503 779 3587 quil
837 3512 954 3568 ont
1005 3505 1126 3568 fait
1183 3524 1268 3568 68
1323 3522 1480 3567 8618
1535 3502 1617 3567 (16
1674 3504 1847 3568 Dieu
1906 3523 2065 3569 avec
2119 3502 2319 3569 ledict

361 3589 609 3668 Caroli,
677 3599 743 3654 et
796 3610 881 3654 en
938 3591 1125 3673 signe
1184 3589 1265 3654 de
1318 3609 1481 3671 pure
1533 3589 1745 3653 verite
1801 3590 1910 3674 iay
1965 3589 2317 3673 soubsigne

358 3685 536 3743 ceste
592 3676 673 3740 de
727 3696 884 3739 mon
941 3676 1130 3759 seing
1185 3683 1605 3741 aceoustume
1662 3674 1726 3739 le
1768 3687 2004 3739 xxix¹¹¹⁰
2045 3676 2192 3740 iour
2237 3674 2317 3740 de

360 3762 660 3846 Ianvyer
710 3767 891 3826 1540.

1188 3849 1265 3913 A.
1307 3846 1539 3911 Bretel
1578 3845 1728 3912 Not.
1774 3853 1948 3922 (avec
1979 3846 2314 3929 paraphe).

534 4004 629 4068 Et
673 4023 826 4087 moy
861 4002 1135 4085 Iaeques
1157 4001 1488 4085 Bouryeoy
1530 4003 1793 4067 testiffie
1837 4002 1903 4065 18
1946 4002 2140 4067 chose
2174 4022 2317 4066 sus-

362 4089 538 4155 111616
594 4101 768 4154 66116
823 4109 1027 4172 vraye
1097 4096 1304 4172 ayant
1358 4107 1551 4169 aussy
1610 4086 1852 4170 charge
1906 4107 2067 4154 avec
2122 4085 2320 4153 ledict

360 4177 543 4242 sieur
584 4185 955 4259 secretayre
1011 4174 1131 4258 luy
1187 4173 1499 4238 assistant
1548 4193 1717 4255 pour
1771 4181 1838 4238 et
1896 4194 1981 4238 au
2035 4194 2193 4238 nom
2237 4171 2317 4237 de

358 4261 845 4343 messeigneurs
884 4258 980 4325 les
1039 4267 1301 4343 quattre
1353 4258 1775 4324 ministraulx
1819 4266 1887 4322 et
1930 4258 2195 4342 conseyl
2238 4258 2318 4324 de

360 4347 430 4412 la
474 4346 633 4412 ville
679 4344 901 4410 dudict
940 4343 1393 4421 Neufehastel,
1452 4346 1812 4427 tesmoings
1853 4365 2008 4409 mon
2053 4365 2206 4409 nom
2251 4351 2319 4409 et

360 4432 589 4499 bichet
631 4453 715 4496 en
758 4429 1108 4504 desoub⁸²)
1153 4430 1396 4512 escript
1429 4439 1496 4494 et
1528 4431 1684 4495 faict
1724 4429 1787 4492 le
1822 4442 2013 4495 11110
2058 4429 2138 4495 de
2159 4430 2315 4495 Ian·

361 4521 508 4584 vier
548 4517 730 4583 mille
773 4518 920 4600 cinq
964 4537 1119 4582 cens
1162 4523 1229 4581 et
1270 4525 1603 4597 quarente.

1290 4617 2226 4787 Bourg⁰⁰{15⁰¹se⁶)pamphe)'

570 4878 665 4944 27)
701 4879 846 4932 tenir
882 4879 1060 4930 bonne
1096 4875 1159 4932 S.

570 4948 665 5014 28)
701 4963 1042 5000 annonceans
1079 4944 1139 5000 S.

574 5016 668 5084 29)
703 5016 806 5087 Iey
839 5013 1066 5069 s'arrete
1111 5014 1171 5069 la
1215 5014 1370 5082 copie
1403 5013 1465 5069 S.
1543 5010 1666 5066 Une
1697 5017 1860 5067 autre
1891 5011 2049 5066 main
2081 5009 2162 5064 du
2198 5008 2314 5063 160-

361 5085 523 5141 n'bde
556 5104 594 5140 6
628 5084 818 5153 ajout&
852 5099 937 5138 666
968 5088 1137 5138 mets:
1185 5081 1271 5137 En
1317 5083 1569 5152 loriginal
1619 5099 1677 5136 se
1724 5090 1916 5136 trouve
1963 5097 2024 5133 66
2100 5097 2166 5133 ne
2202 5079 2316 5132 iad-

356 5157 542 5224 jouste
578 5173 651 5235 ⁸¹¹.
685 5158 781 5207 bas
817 5154 887 5206 du
914 5153 1089 5233 Narro?
1126 5170 1191 5206 en
1232 5160 1378 5206 ceste
1414 5159 1577 5206 sorte.
1652 5148 1797 5205 Pais
1831 5150 2049 5205 meinent
2130 5163 2159 5202 ε
2191 5147 2317 5203 visa

364 5224 463 5280 aa
497 5223 666 5356 ⁰f30)
699 5238 757 5346 gt
792 5294 864 5345 du
900 5236 1105 5373 essjiiseil
1140 5289 1202 5346 S.

574 5361 667 5426 31)
703 5361 1042 5415 Neufvevllle
1079 5357 1140 5414 S.

576 5429 673 5497 32)
708 5446 836 5485 18611
874 5445 999 5483 8618
1037 5443 1102 5495 cy
1124 5429 1362 5484 flemus
1399 5426 1460 5483 Β.

2602 688 2696 753 Ε1
2737 708 2904 753 nous
2945 687 3176 752 Pierre
3220 685 3300 752 de
3342 685 3632 752 θὼν-6666
3646 689 3738 771 1111)
3783 708 4061 773 escuyer
4102 690 4385 756 chastel-

2429 773 2566 838 lain
2625 773 2706 838 de
2761 774 3175 856 schlossberg
3227 780 3297 836 et
3346 773 3554 837 maire
3607 793 3776 855 pour
3829 781 3896 838 et
3950 797 4034 840 88
4088 795 4244 840 8681
4302 775 4382 842 (16

2432 858 2914 926 tresredoubtez
2988 865 3056 922 et
3132 859 3435 941 puissant
3512 858 3819 941 seigneur
3881 860 4227 927 Monsieur
4301 861 4382 927 de

2431 945 2625 1023 Bale,
2692 946 2900 1010 Tuo-in
2946 944 3133 1010 Clare
3182 945 3387 1008 maire
3442 942 3669 1009 dudict
3710 944 3843 1009 lieu
3886 944 3967 1010 de
4011 946 4076 1012 18
4118 947 4383 1011 Β6886·

2431 1031 2608 1108 ville,
2653 1031 2861 1096 Iehan
2909 1029 3069 1096 Dote
3102 1029 3433 1107 banderet-‚
3479 1028 3686 1093 Ichan
3738 1030 3930 1095 Ymer
3967 1032 4135 1097 iadis
4178 1033 4385 1100 maire

2432 1125 2500 1181 et
2533 1117 2742 1180 Ichan
2783 1116 3225 1192 Petitmaistre‚
3270 1125 3416 1180 tous
3459 1115 3828 1200 bourgeoys
3871 1124 3941 1181 et
3983 1117 4383 1185 conseilliers

2432 1200 2512 1266 de
2559 1202 2794 1267 ladicte
2835 1201 3248 1280 Bonneville,
3294 1221 3421 1283 que
3465 1221 3670 1266 avons
3715 1213 3853 1267 este
3892 1214 4159 1284 present
4201 1225 4286 1268 ou
4320 1205 4384 1269 le

2431 1288 2800 1370 pariement
2843 1296 2910 1352 et
2953 1288 3278 1369 collocque
3337 1309 3414 1371 sy
3459 1286 3709 1351 devant
3762 1289 4098 1354 mentione
4156 1311 4196 1354 a
4243 1297 4382 1356 este

2428 1373 2605 1452 faiet,
2657 1374 2930 1438 voulans
2952 1373 3190 1437 rendre
3214 1372 3665 1456 tesmoignage
3688 1393 3728 1437 a
3753 1374 3960 1439 verite
4004 1375 4381 1454 certiffions,

2431 1480 2685 1525 comme
2732 1459 2912 1524 (16618
2951 1479 3159 1524 avons
3202 1460 3392 1523 faictz
3449 1478 3530 1522 en
3591 1479 3899 1540 presence
3944 1460 4025 1525 de
4068 1483 4186 1526 866
4225 1482 4381 1527 668-

2431 1547 2772 1629 seigneurs
2816 1551 2884 1608 et
2927 1544 3421 1629 combourgeois
3466 1543 3546 1608 de
3582 1544 3648 1608 18
3669 1544 4080 1625 Bonneville,
4126 1568 4250 1629 que
4285 1547 4384 1613 les

2430 1631 2661 1696 choses
2727 1638 2844 1695 ont
2901 1637 3038 1696 este
3105 1631 3292 1714 ainsy
3357 1628 3667 1694 demenee
3730 1652 3982 1696 comme
4047 1632 4172 1698 elle
4232 1641 4383 1698 6681

2430 1718 2710 1799 escripte
2770 1737 2808 1780 a
2863 1737 2936 1781 66
2991 1730 3259 1799 present
3313 1716 3543 1780 traicte
3597 1737 3718 1799 par
3774 1716 3839 1781 18
3895 1727 4085 1783 vertu
4142 1717 4382 1802 duquel

2430 1803 2900 1885 tesmoignaige
2944 1822 2984 1865 a
3028 1810 3166 1867 este
3208 1802 3500 1866 ordonne
3545 1801 3625 1866 de
3667 1812 3912 1868 mectre
3956 1803 4020 1868 16
4064 1824 4254 1870 66688
4300 1804 4383 1870 (16

2428 1888 2494 1953 18
2537 1888 2807 1952 18816116
2866 1909 2951 1950 68
2994 1887 3334 1971 placquart
3389 1908 3472 1951 en
3529 1888 3717 1971 signe
3773 1887 3854 1953 de
3911 1890 4124 1954 verite
4179 1910 4264 1954 68
4308 1909 4382 1956 66

2428 1982 2696 2056 present
2737 1973 3004 2039 traietez
3062 1972 3298 2055 duquel
3355 1973 3466 2037 lon
3527 1993 3644 2037 use
3700 1995 3784 2038 68
3842 1973 4077 2041 ladicte
4114 1976 4271 2041 ville
4314 1982 4383 2041 et

2427 2069 2677 2125 resortz
2723 2059 2970 2125 dicelle.
3060 2059 3253 2125 Faict
3306 2067 3372 2123 61
3428 2057 3645 2124 donne
3687 2079 3762 2124 cc
3806 2059 3951 2124 iour
3995 2060 4259 2126 dernier
4299 2060 4382 2126 de

2426 2146 2698 2212 Ianvier
2736 2146 2849 2211 188
2901 2150 3082 2209 1540.

3746 2231 3854 2314 (L.
3907 2229 4009 2316 S.)
4029 2232 4121 2318 8⁴)

3331 2707 3480 2776 206.

2912 2844 3386 2913 OALVINUS
3429 2843 3894 2911 FARELLO.

2596 3018 2840 3083 Iterum
2879 3039 3022 3084 eum
3062 3038 3130 3083 6ο
3172 3016 3518 3098 expostulat
3558 3017 3633 3081 de
3671 3014 3893 3083 Garolo
3925 3017 4120 3083 nimis
4162 3017 4379 3084 leniter

2424 3108 2711 3168 tractato:
2754 3125 2966 3168 verum
3009 3124 3168 3185 quae
3205 3105 3376 3185 facta
3418 3108 3582 3182 sunt,
3627 3103 3760 3166 iam
3801 3103 3873 3167 in
3915 3103 4002 3168 iis
4032 3104 4377 3184 persisten-

2424 3190 2577 3255 dum
2600 3189 2780 3254 docet.
2834 3190 3002 3271 Quid
3023 3190 3160 3270 ipse
3169 3210 3293 3271 pro
3315 3189 3563 3253 homine
3585 3189 3774 3271 eyerit
3795 3190 4055 3271 exponit.
4136 3189 4379 3271 Ubique

2422 3295 2635 3340 rerum
2687 3276 2963 3340 inveniri
3015 3295 3174 3357 quae
3227 3275 3640 3357 deplorentur.
3739 3273 4193 3357 Anabaptislae
4247 3276 4378 3341 Ar-

2417 3362 2723 3445 yentorati
2764 3362 3126 3442 resipiscere
3167 3360 3317 3424 velle
3359 3361 3666 3426 videntur.
3761 3358 4061 3425 06666νὶ6
4097 3366 4154 3425 et
4184 3360 4379 3444 Reqis

2417 3447 2640 3530 foedus
2673 3448 2908 3531 parari
2942 3447 3173 3525 dicunt,
3219 3447 3384 3527 quod
3416 3446 3689 3511 mam'me
3722 3446 4116 3512 metuendum
4150 3448 4210 3511 si
4240 3447 4376 3527 fiat.

2426 3532 2607 3599 Serio
2641 3536 2777 3615 ipse
2810 3534 3036 3616 coyitat
3054 3533 3129 3597 de
3161 3532 3445 3598 ducenda
3464 3552 3674 3611 uxore,
3714 3533 3784 3596 in
3806 3531 4129 3615 deliqenda
4151 3532 4372 3597 haeret.

2425 3705 2537 3771 (Ex
2573 3704 2909 3774 autographo
2947 3705 3090 3757 Bibl.
3112 3703 3316 3757 Genev.
3354 3703 3482 3757 Cod.
3510 3701 3626 3770 106,
3662 3701 3752 3755 fol.
3777 3699 3848 3754 36
3882 3702 4032 3755 6111116
4067 3701 4380 3824 8116ςηῖ11118

2423 3781 2643 3829 exstant
2676 3773 2809 3827 ibid.
2845 3773 2976 3826 Ood.
3013 3771 3129 3836 111,
3166 3773 3258 3826 fol.
3294 3771 3380 3838 28,
3414 3773 3469 3825 in
3509 3771 3731 3825 Archiv.
3767 3771 4028 3827 Beruens.
4067 3771 4205 3841 Epp.
4300 3772 4376 3826 11.

2421 3861 2476 3914 p.
2509 3843 2614 3898 327
2650 3848 2708 3896 et
2741 3843 2927 3909 Tiguri
2963 3844 3017 3895 in
3057 3842 3392 3896 Simlerianis
3430 3842 3548 3894 Vol.
3583 3839 3668 3892 47.
3708 3866 3771 3877 -
3811 3840 4039 3909 Angliee
4083 3841 4283 3910 legitur
4319 3841 4376 3893 in

2516 3914 2646 3967 edit.
2683 3912 2880 3966 Edinb.
2918 3911 2977 3963 Τ.
3016 3911 3060 3964 Ι.
3096 3927 3149 3980 p.
3191 3909 3307 3963 147.
3380 3909 3458 3963 Of.
3496 3910 3661 3963 etiam
3697 3907 3887 3978 Henry
3923 3908 3963 3961 Ι.
3998 3907 4102 3961 407
4137 3912 4280 3977 666.)

2482 4100 2711 4167 Fratri
2751 4119 2898 4165 meo
2941 4100 3366 4182 integerrimo
3412 4097 3495 4162 G.
3541 4095 3805 4161 Farello
3849 4096 3914 4161 N
3916 4098 4314 4162 eocomensis

2848 4185 3155 4252 ecclesiae
3197 4183 3576 4249 fidelissimo
3618 4183 3883 4265 pastori.
3915 4182 3966 4265 ¹)

2595 4322 2904 4402 Obsecro,
2962 4322 3055 4385 mi
3107 4321 3326 4400 frater,
3384 4320 3556 4403 quod
3615 4327 3831 4385 tecum
3888 4319 4250 4401 expostulo,
4309 4330 4377 4385 te

2423 4414 2716 4494 ohim-ge,
2753 4410 2873 4474 tibi
2898 4427 3266 4484 succenseo,
3304 4415 3369 4470 te
3403 4426 3651 4482 accuso,
3688 4405 3755 4469 id
3791 4404 4063 4486 perinde
4098 4404 4377 4487 accipias

2422 4521 2498 4565 ac
2543 4498 2599 4563 si
2645 4497 2804 4560 11866
2848 4503 3064 4559 166818
3111 4494 3250 4575 ipse
3293 4493 3556 4557 faceres.
3643 4489 3749 4555 De
3789 4489 4012 4556 Carolo
4044 4488 4377 4555 Dominus

2421 4584 2602 4650 (181111
2645 4581 2988 4647 6686111818
3031 4599 3159 4661 quo
3195 4579 3248 4643 si
3286 4575 3440 4659 quid
3475 4584 3815 4660 peccatum
3851 4583 3953 4641 est
3987 4576 4375 4660 corrigatur.

2420 4667 2650 4735 Nostri
2686 4686 2940 4750 quoque
2974 4687 3044 4729 se
3079 4664 3360 4729 leniores
3397 4664 3593 4727 fuisse
3630 4664 3921 4726 fatentur
3954 4682 4148 4743 quam
4184 4681 4375 4744 opor-

2421 4757 2641 4820 tuerit.
2744 4750 2879 4816 Sed
2936 4750 3092 4833 quia
3145 4771 3277 4814 868
3332 4769 3408 4813 68
3465 4760 3563 4813 661
3616 4747 3935 4813 severitas
3995 4746 4375 4829 disciplinae

2421 4840 2596 4924 apud
2635 4858 2754 4902 nos
2789 4858 2954 4919 quae
2989 4857 3131 4901 6666
3168 4834 3449 4911 deberet,
3495 4834 3700 4899 eoacti
3736 4843 3890 4898 sunt
3927 4831 4376 4916 indulgentius

2420 4948 2573 4993 eum
2606 4933 2891 4990 tractare
2925 4943 3122 5004 611818
3160 4925 3511 5003 optassent.
3606 4918 3922 5001 Inprimis
3961 4938 4113 4981 vero
4146 4916 4377 4981 fefellit

2627 5211 2722 5271 33)
2760 5211 2929 5266 Dana
2960 5211 3010 5265 le
3042 5209 3332 5264 docum
3377 5208 3457 5264 N.
3493 5208 3596 5263 177
3644 5223 3720 5262 on
3762 5205 4072 5275 vappae-it.-
4133 5208 4216 5261 De
4249 5207 4376 5263 Lie-

2416 5301 2586 5342 resse.
2659 5280 2826 5335 Dans
2860 5282 2918 5335 la
2952 5281 3103 5348 copie
3138 5279 3378 5335 Scaeuo
3412 5280 3619 5334 usone.-
3656 5278 3924 5332 Gletesse.

2628 5350 2723 5417 34)
2760 5352 2854 5420 Icy
2891 5360 2974 5405 est
3008 5365 3142 5420 pose
3178 5351 3230 5402 16
3271 5367 3398 5402 6688
3435 5367 3501 5403 68
3580 5350 3828 5415 18668811
3863 5344 3924 5400 8.

2454 5423 2590 5485 206.
2630 5423 2686 5487 1)
2724 5418 2985 5475 Pam-enus
3018 5418 3345 5487 adscripsit:
3382 5417 3430 5471 6.
3469 5419 3545 5472 Fe
3586 5435 3630 5469 r.
3671 5413 3821 5467 1540.
