5050 6167
378 463 489 527 321

374 656 484 714 tua
526 648 760 714 domus
795 668 949 714 cum
984 649 1290 714 omnibus
1326 647 1732 713 administris
1767 648 1897 713 tuis
1925 648 1992 712 in
2017 647 2321 712 Domino.

371 735 591 800 Nostri
632 755 860 800 omnes
915 744 1213 799 amanter
1266 742 1334 800 et
1386 742 1767 800 reverenter
1823 755 1938 799 vos
1981 740 2211 817 optant
2254 734 2324 798 in

370 820 650 886 Domino
694 819 931 896 valere,
988 820 1093 885 001
1137 826 1210 884 ut
1254 818 1479 885 sedulo
1523 840 1643 885 nos
1688 818 2154 886 commendetis
2201 819 2323 884 ite·

368 927 511 971 rum
569 914 765 988 atque
828 905 1028 970 etiam
1086 924 1415 990 rogamus.
1521 904 1978 985 Constantine,
2044 909 2139 969 10.
2186 904 2320 969 No·

367 993 654 1059 vembris
698 1012 870 1057 anno
922 993 1103 1057 1541.

1255 1129 1330 1194 Τ.
1378 1145 1462 1193 ex
1505 1128 1725 1194 animo
1768 1128 2001 1193 Ambr.
2043 1126 2317 1193 Bl-us.

1137 1406 1544 1415 ——.—

1260 1623 1411 1695 373.

851 1760 1325 1863 cALvas
1366 1758 1829 1826 FARELLO.

537 1934 887 2017 Respondet
923 1934 1008 1999 ad
1042 1933 1331 2015 proxime
1366 1933 1827 2018 praecedentem
1861 1933 2069 1998 amici.
2146 1933 2317 2015 Quae

357 2019 457 2087 hic
502 2022 670 2086 circa
714 2040 963 2086 coenam
1006 2018 1430 2085 celebrandam
1480 2019 1771 2083 Neocomi
1811 2018 1957 2099 fecit
1999 2019 2315 2100 approbat.

365 2107 589 2189 Quoad
623 2107 942 2173 ecclesiam
971 2105 1400 2182 Genevensem,
1463 2103 1661 2168 Vir-eti
1696 2105 2057 2185 praesentia
2102 2125 2318 2170 rerum

355 2194 552 2259 cardo
587 2198 693 2269 est,
738 2193 906 2257 omni
944 2192 1123 2256 modo
1161 2191 1484 2269 retinendi,
1521 2188 1693 2270 plebe
1727 2190 1975 2270 quidem
2010 2189 2152 2255 bene
2185 2192 2317 2258 dis-

346 2280 591 2360 posita,
637 2277 884 2362 eollwis
924 2297 1067 2342 vero
1104 2277 1362 2341 minime
1404 2275 1870 2357 sufficientibus,

358 2450 476 2516 (Ex
515 2454 643 2503 auto
744 2448 853 2518 pho
901 2448 1046 2501 Bibl.
1086 2447 1290 2501 Genev.
1329 2446 1457 2500 Cod.
1493 2445 1610 2509 106,
1656 2446 1748 2501 fol.
1785 2445 1866 2499 71.
1937 2446 2017 2500 Im
2059 2464 2210 2501 ressa
2243 2449 2318 2501 le·

355 2520 513 2589 gitur
546 2519 602 2572 in
691 2534 780 2587 pp.
815 2534 848 2570 a
884 2518 1030 2571 Beza
1064 2516 1228 2571 editis
1265 2515 1471 2569 Gener.
1508 2532 1560 2584 p.
1596 2513 1691 2577 32,
1739 2515 1899 2568 Laus.
1940 2533 1989 2585 p.
2063 2518 2121 2581 6,
2176 2518 2316 2571 Han.

356 2604 410 2657 p.
446 2586 541 2653 85,
580 2587 787 2642 Chouet
819 2604 877 2667 p.
913 2584 998 2652 41,
1036 2587 1214 2639 Amat..
1252 2603 1303 2654 p.
1336 2584 1402 2637 19
1437 2584 1507 2637 ad
1544 2601 1704 2653 quem
1741 2592 1950 2638 textum
1987 2586 2321 2640 conformata

778 2655 997 2708 Videtur
1032 2655 1209 2708 versio
1245 2654 1457 2723 anglica
1492 2652 1555 2707 Τ.
1590 2653 1631 2708 Ι.
1668 2670 1719 2722 p.
1759 2652 1905 2719 ⁶282.)

356 2843 640 2929 Optimo
699 2853 766 2908 et
808 2843 1144 2910 carissimo
1201 2842 1388 2907 fratri
1442 2862 1590 2906 meo
1639 2842 1722 2908 G.
1768 2841 2028 2908 Farello
2070 2843 2135 2908 Ν
2137 2864 2321 2910 0000-

675 2930 921 2995 mensis
967 2928 1278 2994 ecclesiae
1318 2929 1567 3010 pastori
1612 2927 2008 2994 fidelissimo.

542 3066 693 3132 Non
737 3078 837 3132 est
894 3064 1066 3149 quod
1122 3064 1200 3129 (10
1255 3085 1404 3130 0100
1457 3063 1973 3148 expostulatione
2018 3064 2108 3130 sis
2150 3066 2321 3131 mul·

356 3162 505 3220 tum
555 3152 896 3218 sollicitus:
943 3151 1155 3236 magis
1199 3150 1375 3216 enim
1420 3151 1618 3215 iocari
1651 3158 1869 3216 tecum
1912 3171 2107 3234 quam
2152 3151 2320 3217 serio

355 3239 677 3324 conqueri
719 3237 1073 3302 volueram.
1158 3234 1338 3301 Satis
1387 3237 1562 3300 enim
1607 3236 1739 3301 scio
1782 3256 1889 3301 me
1943 3237 2161 3302 animo
2203 3244 2320 3303 tuo

355 3349 496 3392 non
543 3324 892 3401 excidisse,
953 3324 1208 3388 etiamsi
1267 3322 1515 3387 centies
1559 3323 1631 3386 in
1674 3322 1885 3387 literis
1929 3330 2315 3406 praetereas.

355 3412 597 3495 Itaque
651 3420 718 3475 te
775 3430 1077 3474 securum
1136 3430 1276 3474 esse
1333 3408 1454 3473 hac
1512 3414 1694 3491 parte
1750 3408 1956 3473 iubeo.
2044 3408 2320 3475 Utinam

356 3504 500 3564 tam
544 3496 755 3562 facilis
800 3503 973 3560 esset
1014 3494 1133 3559 tibi
1181 3494 1568 3577 compositio
1627 3515 1773 3560 cum
1818 3494 1933 3573 iis,
1987 3495 2096 3577 qui
2141 3504 2208 3560 te
2254 3503 2322 3561 et

353 3583 707 3650 ecclesiam
753 3591 937 3646 tuam
981 3588 1230 3646 vexant
1272 3589 1338 3643 et
1380 3580 1679 3664 fatigant.
1770 3579 2189 3663 Quanquam,
2246 3590 2322 3647 ut

356 3668 544 3747 dicis,
592 3666 838 3732 bellum
881 3687 1028 3731 cum
1072 3664 1318 3729 mundo
1363 3675 1429 3729 et
1473 3686 1671 3730 carne
1717 3665 2142 3731 reformidare
2188 3688 2320 3732 non

354 3753 704 3831 debemus,
759 3754 813 3816 si
860 3752 1127 3818 Christo
1186 3752 1433 3816 servire
1489 3751 1719 3829 libeat,
1778 3753 1908 3816 imo
1963 3773 2046 3817 ex
2100 3753 2319 3819 animo

354 3838 806 3924 appetendum
830 3849 956 3902 est:
995 3837 1108 3902 sed
1132 3844 1356 3903 tamen
1380 3836 1741 3920 optandum
1764 3846 1879 3917 est,
1908 3845 1983 3902 ut
2005 3837 2318 3921 quidquid

356 3925 559 3991 hodie
627 3945 776 3991 cum
835 3922 1099 3989 Christo
1163 3922 1410 3988 bellum
1474 3923 1673 4006 gerit,
1739 3923 1810 3987 in
1876 3922 2320 3989 voluntariam

352 4011 801 4078 obedientiam
843 4009 1060 4091 potius
1095 4030 1164 4073 se
1209 4006 1421 4086 dedat,
1464 4030 1659 4090 quam
1704 4008 1776 4072 vi
1819 4016 1887 4073 et
1930 4009 2131 4075 armis
2166 4010 2318 4077 sub-

357 4106 586 4165 actum
629 4097 994 4179 frangatur,
1040 4115 1176 4158 non
1220 4094 1603 4177 corrigatur.
1677 4094 1930 4159 Verum
1975 4096 2129 4178 quia
2174 4096 2322 4161 vult

354 4205 481 4250 nos
528 4203 833 4248 exercere
878 4180 1201 4245 Dominus
1246 4180 1313 4242 in
1360 4202 1481 4244 000
1524 4180 1776 4259 militia,
1823 4201 1945 4247 nec
1989 4181 2320 4263 quiescere

355 4291 482 4335 nos
519 4269 791 4351 patitur,
828 4286 1200 4349 pugnemus
1237 4286 1395 4330 sane
1432 4266 1578 4329 forti
1616 4274 1682 4330 et
1717 4268 2043 4331 constanti
2080 4268 2319 4345 animo,

356 4353 558 4420 111οᾶ0
603 4354 686 4419 110
731 4353 930 4418 armis
975 4352 1209 4435 quibus
1253 4372 1373 4416 nos
1414 4351 1748 4416 instruxit.
1819 4350 1988 4439 -Nam
2022 4351 2144 4417 sub
2179 4353 2322 4418 eius

358 4439 676 4524 auspiciis
720 4437 993 4502 victoria
1036 4457 1296 4519 semper
1341 4435 1468 4500 erit
1502 4437 1572 4501 in
1608 4458 1828 4503 manu.
1897 4435 2089 4517 Quod
2125 4459 2323 4504 coena

356 4525 639 4593 Domini
682 4522 1007 4591 celebrata
1050 4531 1167 4602 est,
1199 4523 1246 4606 ¹)
1292 4522 1677 4606 praesertim
1723 4544 1874 4589 cum
1911 4523 2033 4588 hac
2067 4523 2322 4589 denun-

354 4612 648 4677 ciatione
694 4631 888 4693 quam
926 4610 1149 4686 refers,
1196 4609 1322 4673 erit
1354 4610 1601 4692 optima
1634 4609 1820 4688 ratio,
1867 4617 1941 4672 ut
1982 4629 2191 4690 spero,
2238 4608 2321 4674 ad

357 4694 879 4781 recolligendam
923 4694 1280 4761 ecclesiam.
1366 4695 1460 4759 Et
1502 4693 1693 4759 audio
1737 4715 1815 4759 ea
1858 4693 2320 4772 moderatione,

356 4804 566 4867 quam
611 4803 788 4847 nunc
832 4779 1121 4862 adhibes,
1140 4782 1199 4857 2)
1245 4780 1487 4863 partim
1541 4779 1776 4859 sedari,
1820 4781 2060 4864 partim
2104 4781 2324 4863 frangi

356 4870 726 4934 multorum
794 4867 1064 4933 animos.
1175 4864 1357 4931 Dum
1423 4865 1742 4945 succedit,
1822 4864 1987 4931 nihil
2062 4867 2324 4932 omittas

357 4953 540 5037 quod
577 4952 663 5018 ad
697 4952 1068 5018 sanandum
1105 4951 1347 5018 vulnus
1383 4953 1616 5035 quovis
1654 4951 1841 5018 modo
1877 4951 2112 5018 valeat.
2172 4953 2322 5016 Erit

406 5245 537 5306 878.
578 5246 635 5311 1)
675 5245 753 5300 N.
790 5243 909 5309 371,
939 5241 1305 5322 probabiliter
1338 5242 1620 5296 occasione
1655 5246 1877 5295 exortae
1904 5241 2109 5322 pestis..

362 5382 518 5438 Nov·
554 5313 764 5439 (121)ωὼ
798 5330 911 5383 qua
947 5318 997 5368 et
1032 5311 1370 5376 chhhofer
1398 5327 1461 5380 p.
1498 5312 1566 5364 33
1601 5326 1668 5365 ex
1721 5326 1807 5379 ep.
1844 5310 2109 5365 Inbertett
2145 5309 2198 5364 d.
2235 5310 2321 5364 24.

581 5468 801 5525 Calvina·
829 5483 1014 5537 opera.
1100 5466 1215 5521 Vol.
1255 5464 1363 5519 XI.

2061 461 2221 524 1541
2268 454 2686 526 NOVEMB.

4260 471 4390 538 322

2428 645 2538 710 1110
2597 645 3078 745 pulcherrimus
3134 648 3536 800 triumghus,
3594 651 3652 716 si
3695 650 3903 718 Satan
3962 673 4116 720 cum
4160 659 4388 739 paucis

2429 740 2878 816 antesignanis
2923 753 2963 797 a
3005 754 3125 798 sua
3158 735 3296 803 acie
3385 743 3695 803 eseratur.
3767 736 3963 820 Quod
3998 739 4082 804 ad
4117 750 4385 813 nostras

2428 818 2718 882 rationes
2783 819 3048 896 attinet,
3116 818 3264 901 plus
3330 823 3491 889 satis
3560 844 3791 889 verum
3850 846 3992 890 esse
4060 828 4368 911 experior

2427 902 2601 986 quod
2643 903 2873 969 scribis
2893 904 2951 986 ⁸)
3011 903 3091 970 de
3149 904 3306 990 iugo
3362 909 3718 992 inaequali:
3778 910 3894 976 sed
3943 909 4150 977 tolero
4208 934 4298 997 qu

2425 989 2655 1053 tollere
2700 1010 2836 1054 non
2879 988 3051 1055 licet.
3124 990 3357 1075 Itaque
3401 995 3456 1059 si
3501 993 3670 1058 mihi
3729 995 3981 1062 Viretus
4026 999 4382 1081 auferatur,

2424 1094 2693 1157 prorsus
2747 1075 2941 1158 perii:
2996 1096 3117 1141 nec
3171 1077 3510 1144 ecclesiam
3564 1078 3738 1146 hanc
3791 1081 4042 1147 salvam
4097 1086 4382 1153 retinere

2423 1165 2667 1242 potere.
2759 1158 2983 1241 Quare
3037 1168 3106 1225 te
3159 1172 3228 1227 et
3282 1163 3443 1230 alios
3498 1165 3835 1249 ignoscere
3887 1167 4054 1232 mihi
4096 1188 4216 1251 par
4259 1176 4379 1251 est,

2422 1245 2479 1309 si
2522 1265 2786 1310 omnem
2830 1266 3065 1310 moveo
3105 1246 3409 1332 lapidem,
3471 1273 3555 1316 ne
3598 1273 3675 1316 eo
3718 1252 3974 1336 spolier.
4064 1253 4232 1319 Volo
4275 1256 4383 1321 111-

2420 1330 2617 1395 terim
2640 1332 3015 1396 consultum
3036 1332 3500 1401 Lausannensi
3521 1337 3848 1416 ecclesiae,
3883 1337 4079 1421 idque
4121 1360 4207 1404 ex
4241 1340 4383 1422 pio·

2422 1437 2570 1480 rum
2621 1417 2899 1481 fratrum
2952 1419 3309 1499 sententia,
3369 1431 3437 1485 et
3491 1430 3608 1486 tuo
3662 1443 3919 1506 quoque
3960 1423 4167 1506 ipsius
4207 1425 4382 1491 arbi-

2422 1503 2581 1566 trio:
2642 1510 2901 1566 tantum
2960 1502 3071 1567 ille
3125 1503 3289 1569 mihi
3344 1515 3626 1572 maneat.
3716 1507 3793 1572 Id
3841 1509 4102 1575 Bernae
4155 1512 4379 1580 nervis

2423 1586 2729 1652 omnibus
2774 1587 3114 1667 contendo,
3160 1611 3392 1655 verum
3436 1612 3520 1656 ne
3554 1593 3627 1657 in
3669 1594 3912 1659 malam
3948 1603 4202 1679 partem
4245 1596 4380 1663 fra-

2421 1679 2559 1739 tres
2601 1672 2992 1756 acciperent,
3037 1674 3095 1738 si
3129 1675 3290 1758 ipsis
3324 1679 3698 1760 praeteritis
3741 1679 3826 1744 ad
3869 1679 4030 1746 alios
4072 1701 4180 1745 me
4222 1703 4380 1748 con-

2420 1762 2860 1839 verterem,⁴)
2929 1780 3142 1842 nuper
3210 1764 3364 1826 veni
3419 1762 3788 1829 Viviacum.
3811 1766 3869 1850 ⁵)
3967 1766 4178 1833 Effeci
4243 1766 4381 1836 illic

2421 1845 2585 1910 meis
2629 1843 3008 1923 rationibus,
3069 1844 3241 1929 quod
3286 1849 3400 1912 vix
3443 1849 3814 1931 sperabam:
3876 1859 3954 1915 ut
4007 1873 4141 1917 non
4182 1852 4377 1921 modo

2421 1938 2793 1994 annuerent
2849 1952 2918 1996 se
2976 1931 3247 1995 minime
3301 1933 3803 2014 intercessuros,
3863 1937 3919 2001 si
3978 1958 4130 2002 eum
4187 1937 4379 2005 nobis

2420 2016 2853 2081 concederent
2896 2016 3242 2095 Bernates,
3300 2017 3416 2083 sed
3459 2030 3827 2086 assererent
3868 2020 3992 2087 sibi
4036 2022 4247 2088 videri
4291 2044 4378 2091 ex

2422 2101 2759 2168 communi
2797 2101 3218 2168 eeclesiarum
3260 2103 3429 2169 bono
3472 2105 3629 2184 fore,
3682 2107 3737 2169 si
3781 2106 3946 2171 mihi
3991 2108 4074 2172 ad
4119 2116 4378 2192 tempus

2421 2186 2912 2269 adiungeretur.
2980 2187 3111 2254 Hic
3153 2189 3360 2254 nolim
3398 2200 3461 2254 te
3505 2191 3731 2256 multis
3776 2191 4170 2273 hominibus,
4217 2194 4378 2260 alio·

2420 2273 2534 2355 qui
2570 2294 2701 2337 000
2733 2272 3081 2352 facillimis,
3119 2294 3260 2339 esse
3297 2277 3748 2342 morosiorem:
3793 2300 3948 2342 nam
3982 2279 4130 2361 plus
4165 2279 4379 2345 multo

2422 2358 2531 2425 1110
2577 2359 2825 2442 negotii
2867 2358 3054 2423 nobis
3098 2368 3200 2425 est
3232 2380 3425 2442 quam
3471 2371 3677 2444 putes.
3744 2363 4018 2428 Plebem
4058 2364 4381 2432 habemus

2422 2455 2753 2527 utcunque
2769 2446 2826 2526 6)
2862 2446 3344 2527 obsequentem.
3413 2446 3777 2514 Conciones
3811 2448 4046 2514 saltem
4082 2449 4382 2533 frequen·

2422 2538 2648 2595 tantur
2708 2528 2819 2593 dili
2870 2540 3085 2595 enter:
3149 2551 3364 2596 mores
3420 2533 3583 2598 satis
3632 2542 3790 2598 sunt
3836 2534 4206 2616 compositi,
4263 2534 4384 2601 sed

2422 2615 2708 2680 multum
2756 2552 2968 2682 adzuc
3005 2615 3154 2682 vitii
3190 2619 3360 2681 etin
3405 2620 3616 2702 capite
3660 2632 3726 2684 et
3769 2620 3991 2685 corde:
4040 2618 4213 2702 quod
4248 2621 4382 2688 nisi

2424 2711 2693 2767 curetur
2746 2702 3028 2780 sensim,
3088 2723 3317 2768 vereor
3375 2724 3461 2768 ne
3519 2704 3588 2767 in
3631 2705 3989 2787 pessimum
4033 2705 4222 2771 ulcus
4267 2704 4382 2771 de-

2423 2809 2608 2851 mum
2654 2795 2976 2870 erumpat.
3065 2786 3236 2853 Cum
3295 2787 3425 2853 illis
3482 2788 3812 2856 intestinis
3872 2800 3940 2855 et
3983 2789 4383 2857 absconditis

2425 2872 2620 2938 malis
2655 2883 2990 2957 pugnatur
3025 2895 3156 2937 non
3196 2874 3340 2939 sine
3374 2896 3633 2941 summa
3667 2875 4069 2952 difficultate,
4105 2884 4181 2941 ut
4214 2877 4384 2942 11000

2426 2959 2631 3039 nosti;
2675 2966 2744 3025 et
2788 2959 2915 3025 scis
2939 2957 3164 3042 quales
3187 2960 3462 3026 habeam
3485 2960 4065 3043 commilitiones,⁷)
4108 2961 4232 3027 hoc
4276 2982 4382 3028 re-

2425 3051 2621 3109 moto.
2711 3044 2938 3110 Fratri
2982 3045 3427 3112 consuluimus
3470 3046 3753 3112 fideliter
3799 3047 3972 3130 quod
4015 3045 4381 3115 videbatur.

2426 3129 2779 3196 Caeterum
2824 3132 3074 3214 quoties
3119 3130 3310 3211 volet,
3356 3132 3640 3215 reperiet
3673 3155 3778 3198 me
3813 3132 3896 3198 ad
3933 3134 4156 3199 omnia
4189 3153 4383 3215 para-

2426 3224 2606 3280 tum:
2664 3237 2898 3281 verum
2942 3214 3088 3281 ideo
3143 3238 3323 3283 nunc
3366 3217 3735 3301 supersedi,
3796 3218 3966 3302 quod
4009 3239 4143 3283 1100
4188 3226 4385 3301 puta-

2426 3302 2577 3367 bam
2615 3322 2756 3368 esse
2800 3302 2977 3367 utile.
3069 3299 3148 3368 Si
3185 3301 3548 3383 dissentias,
3594 3326 3832 3387 sequar
3874 3314 3937 3369 te
3981 3305 4216 3388 potius.
4259 3323 4384 3372 000

2425 3388 2761 3471 quidpiam
2827 3409 3054 3453 eorum
3131 3410 3297 3472 quae
3360 3390 3527 3453 mihi
3606 3389 3910 3474 iniunges
3993 3388 4383 3456 detrectabo.

2427 3472 2760 3555 Quamdiu
2804 3472 3050 3557 aliquid
3094 3474 3460 3540 valebimus
3508 3496 3629 3540 nos
3674 3474 3830 3555 duo,
3887 3497 4026 3541 1100
4070 3484 4169 3541 est
4211 3473 4388 3558 quod

2424 3560 2720 3643 queraris
2763 3567 2828 3624 te
2873 3558 3042 3623 nihil
3087 3579 3305 3642 posse,
3364 3561 3492 3626 0010
3545 3561 3722 3625 enim
3768 3582 3889 3626 nos
3929 3582 4072 3627 esse
4118 3560 4387 3645 penitus

2427 3660 2592 3709 tuoe.
2613 3644 2672 3730 ὅ)
2762 3643 2946 3723 Vale,
2995 3647 3238 3727 optime
3283 3653 3351 3709 et
3392 3647 3816 3730 integerrime
3859 3649 4078 3712 frater.
4146 3644 4387 3711 Saluta

2427 3729 2780 3813 diligenter
2824 3751 3068 3809 omncs,
3118 3729 3507 3796 Corderium
3552 3731 3970 3815 praesertim,
4028 3730 4134 3798 cui
4178 3751 4386 3814 quum

2425 3817 2712 3899 primum
2778 3816 3035 3880 licuerit
3107 3815 3657 3900 respondebimus.
3769 3818 4001 3882 Totam
4067 3816 4387 3881 familiam

2425 3903 2730 3986 cupimus
2774 3924 2916 3968 esse
2960 3901 3232 3967 salvam.
3324 3902 3654 3968 Genevae.
3681 3904 3738 3985 ⁹)

2632 4191 2693 4257 3)
2731 4192 2882 4245 what
2915 4192 2945 4245 Ι
2980 4196 3156 4245 wrote
3192 4207 3317 4260 you.

2632 4260 2693 4326 4)
2731 4261 2868 4325 that,
2945 4261 3127 4328 ussing
3161 4261 3236 4329 by
3270 4259 3440 4326 them,
3475 4258 3501 4312 1
3539 4265 3686 4312 went
3720 4264 3778 4311 to
3817 4258 4028 4327 Vevay.

2633 4330 2687 4396 5)
2721 4328 2821 4383 ubi
2854 4278 3227 4382 terebrabatur
3261 4332 3561 4382 conventus
3594 4327 3803 4381 classic.
3862 4325 4112 4392 (Rue-hat
4137 4325 4202 4380 V.
4230 4325 4385 4396 161.)

2634 4399 2691 4462 6)
2731 4415 2798 4452 on
2836 4398 2967 4451 both
3004 4398 3147 4450 sides
3184 4397 3328 4464 (um
3467 4398 3515 4464 ).

2633 4466 2693 4531 7)
2731 4467 2852 4521 Iae.
2887 4465 3151 4520 Rev-nard
3215 4466 3295 4519 H.
3343 4412 3412 4519 ἒ
3455 4466 3513 4520 la
3560 4465 3727 4518 Mare
3760 4468 3812 4518 et
3855 4462 3926 4517 A.
3981 4461 4386 4534 Ghanmereau,

2426 4537 2493 4592 ae
2528 4535 2731 4603 quam
2764 4535 2888 4590 viae
2921 4535 3088 4589 etiam
3125 4504 3355 4590 dabore
3383 4551 3447 4603 p.
3484 4534 3604 4587 360.

2631 4604 2692 4673 8)
2727 4605 2812 4659 for
2855 4622 2962 4673 you
3009 4605 3172 4658 know
3216 4605 3339 4658 that
3383 4608 3429 4656 it
3475 4605 3524 4656 10
3576 4610 3673 4657 not
3718 4617 3825 4672 you
3875 4601 4032 4655 alone
4084 4601 4210 4654 who
4246 4600 4388 4655 have

2425 4691 2585 4729 cause
2619 4680 2678 4727 to
2714 4675 2996 4742 complain.
4284 4734 4295 4747 ·

2630 4743 2690 4809 9)
2729 4742 2989 4796 Fas-ellus
3024 4739 3154 4796 add.
3192 4740 3274 4793 11.
3305 4738 3634 4794 Novembris
3673 4736 3805 4793 1541
3842 4736 3991 4807 quod
4025 4736 4186 4792 habet
4219 4741 4388 4791 etum

2425 4810 2601 4866 Amat.
2673 4811 2838 4866 Aliae
2870 4810 2992 4865 edd.
3027 4810 3167 4865 male
3201 4810 3252 4863 2.
3289 4811 3429 4864 Nov.

3901 5452 3968 5507 21
