5050 6167
411 425 528 488 357

406 611 579 677 enim
622 612 914 693 ipsorum
955 608 1265 685 maxime,
1308 627 1474 691 quae
1493 605 1646 672 Rex
1683 604 1815 671 illis
1858 606 2181 672 concessit
2222 626 2359 671 non

405 699 620 766 sinere
663 697 759 760 ita
810 696 1043 778 perire.
1142 693 1280 759 Res
1334 693 1463 757 erit
1515 691 1723 758 facilis
1781 692 2137 774 impetratu
2181 689 2352 773 apud

405 806 530 850 808.
619 783 710 847 Et
766 783 823 848 si
877 782 1048 847 serio
1104 779 1505 863 compositae
1558 777 1805 842 fuerint
1856 777 2120 854 literae,
2180 776 2356 859 quod

405 870 688 936 libenter
737 868 932 933 faciet
980 866 1288 942 Gironus,
1348 864 1621 948 pudebit
1661 864 1916 946 Regem
1971 884 2105 928 non
2164 883 2353 946 prae-

405 965 579 1022 stare
619 953 794 1038 quod
829 953 959 1019 illis
994 951 1192 1018 semel
1231 951 1548 1034 promisit.
1617 947 1695 1014 Si
1729 948 1991 1014 videtur
2024 948 2353 1031 expedire,

404 1041 629 1107 literas
672 1060 852 1104 meas
893 1038 1162 1120 adiungi
1193 1036 1277 1101 ad
1318 1056 1624 1110 sororem,
1668 1043 1930 1099 tantum
1975 1033 2272 1100 indicate.
2295 1035 2353 1116 ²)

575 1126 919 1209 Quantum
962 1123 1044 1189 ad
1087 1143 1316 1188 senem
1353 1121 1546 1185 illum
1581 1120 1818 1185 attinet
1851 1120 1962 1202 qui
2007 1142 2183 1186 1111110
2217 1121 2355 1204 agit

403 1235 552 1282 oum
579 1212 888 1290 Coi-deria
933 1208 1102 1275 nihil
1136 1207 1455 1274 audemus
1495 1206 1801 1288 recipere,
1847 1205 2050 1270 donee
2085 1226 2352 1288 respon·

403 1299 575 1365 derit
614 1300 767 1382 ‘ipse
822 1295 1156 1362 Garamas
1208 1291 1523 1376 quidnam
1581 1290 1931 1357 debeamus
1990 1291 2071 1357 de
2122 1313 2191 1357 se
2237 1313 2351 1355 ex·

401 1393 713 1469 spectare.
801 1381 1084 1448 Scholae
1140 1381 1316 1444 enim
1372 1379 1602 1442 melior
1654 1377 2030 1442 constitutio
2087 1378 2157 1440 in
2212 1378 2352 1442 eius

403 1471 761 1538 adventum
817 1487 1134 1550 suspensa
1187 1475 1304 1530 est.
1406 1462 1485 1529 Si
1545 1464 1616 1527 in
1671 1463 1965 1527 animum
2015 1461 2356 1527 induxerit

402 1580 548 1625 esse
605 1565 867 1632 noster,
925 1563 994 1618 et
1045 1551 1375 1634 putaverit
1426 1548 1613 1613 illum
1669 1549 1809 1612 fore
1862 1547 2167 1612 idoneum
2224 1548 2351 1613 sibi

403 1643 790 1718 adiutorem,
836 1638 1230 1723 praemittat.
1322 1635 1465 1718 Ego
1509 1633 1788 1698 libenter
1832 1654 1981 1697 eum
2028 1632 2201 1716 apud
2247 1655 2351 1698 me

401 1730 579 1796 alam
617 1746 828 1810 usque
873 1723 1028 1788 dum
1069 1723 1285 1788 locum
1329 1720 1658 1786 habuerit:
1706 1741 1836 1785 non
1882 1719 2058 1783 enim
2102 1720 2240 1783 refu
2295 1720 2354 1784 ‘o

401 1820 712 1896 sumptus
756 1811 953 1876 unius
989 1817 1104 1874 aut
1157 1808 1427 1872 alterius
1479 1805 1743 1871 mensis.
1833 1802 1960 1870 Sin
2005 1825 2159 1870 vero

399 1902 623 1968 devius
663 1891 957 1964 animum
1001 1893 1376 1977 deposuerit
1417 1912 1608 1974 quem
1653 1890 1952 1968 habebat,
2009 1892 2355 1973 postremis

399 1986 647 2054 nostris
682 1983 892 2049 literis
926 1980 1327 2056 absterritus,
1373 1978 1490 2043 vix
1533 1976 1739 2042 audeo
1783 1976 1950 2042 bono
1993 1978 2137 2042 viro
2181 1985 2356 2042 certo

398 2071 743 2156 quidpiam
785 2068 1185 2151 promittere,
1242 2063 1446 2128 donec
1500 2082 1646 2127 cum
1693 2063 1936 2126 nostris
1980 2060 2356 2128 hominibus

396 2157 753 2242 egerimus.
899 2151 1327 2234 Quanquam,
1420 2160 1497 2214 ut
1598 2150 1727 2213 iam
1807 2148 1976 2225 dixi,
2075 2148 2357 2214 libenter

396 2242 741 2312 sustinebo
781 2251 1122 2321 sumptum
1165 2236 1364 2301 unius
1409 2245 1525 2300 aut
1566 2233 1837 2299 alterius
1879 2235 2141 2300 mensis.
2221 2233 2357 2299 Ve-

396 2350 556 2396 rum
601 2329 867 2394 obsecro
911 2332 1013 2402 te,
1069 2323 1158 2387 mi
1207 2319 1481 2396 Farelze,
1538 2341 1620 2384 ne
1674 2321 1946 2403 patiaris
1994 2319 2358 2386 Coo-derium

397 2414 772 2480 detrectare
827 2410 1001 2475 hanc
1059 2408 1462 2491 provinciam
1517 2425 1683 2488 quae
1735 2407 2027 2471 offertur.
2129 2407 2357 2490 Neque

395 2501 588 2567 enim
631 2498 823 2563 aliter
864 2517 1013 2578 spes
1049 2494 1184 2558 ulla
1220 2501 1319 2556 cst
1362 2490 1710 2575 erigendae
1754 2491 2034 2569 scholae,
2072 2493 2199 2557 nisi
2244 2493 2356 2558 ob-

393 2587 565 2653 litus
609 2585 711 2650 sui
755 2582 1041 2647 Domino
1083 2579 1192 2644 1110
1236 2578 1553 2642 servierit.

577 2671 682 2735 De
726 2667 1134 2734 Metensibus
1177 2663 1342 2728 nihil
1387 2661 1719 2730 habemus.
1787 2664 2094 2728 Lutetiae
2135 2663 2356 2727 ferun-

395 2765 510 2824 tur
558 2776 703 2822 esse
746 2754 996 2834 aliquot
1048 2751 1202 2815 boni
1247 2750 1763 2814 concionatores:
1821 2749 1973 2814 nolo
2016 2759 2238 2812 tamen
2284 2757 2360 2813 ut

393 2843 687 2908 nimium
735 2837 974 2923 gaudio
1029 2836 1132 2902 vel
1179 2836 1395 2917 potius
1450 2833 1701 2899 laetitia
1743 2834 2050 2899 exsultes.
2143 2833 2357 2917 Cupio

393 2948 640 2994 verum
708 2946 850 2989 esse
908 2921 1079 3005 quod
1138 2920 1406 2999 dicitur,
1474 2921 1595 2985 vix
1660 2929 1878 2984 tamen
1943 2941 2024 2984 ex
2090 2919 2360 2984 dimidia

391 3023 593 3099 parte
638 3009 848 3077 credo.
935 3008 1075 3074 Nec
1119 3007 1348 3071 literae
1392 3005 1750 3072 amicorum
1795 3012 2130 3088 tantopere
2171 3007 2358 3071 nobis

391 3107 823 3184 praesentem
864 3102 1113 3158 statum
1147 3091 1626 3157 commendant.
1694 3091 2009 3175 Lugduni
2047 3092 2168 3158 hoo
2201 3093 2358 3158 boni

392 3197 499 3251 est
551 3182 725 3267 quod
769 3180 1029 3248 Doletus
1048 3181 1106 3254 a)
1164 3199 1338 3244 nunc
1393 3176 1793 3242 Psalterium
1849 3178 2142 3254 excudit,
2201 3199 2356 3243 mox

391 3270 608 3337 biblia
663 3266 962 3348 incipiet,
1023 3286 1098 3330 80
1155 3262 1521 3328 versionem
1588 3262 1903 3328 olivetani
1959 3273 2281 3346 sequetur.
2298 3263 2356 3350 ⁴)

387 3356 584 3423 Eant
626 3375 802 3419 nunc
838 3351 954 3434 qui
985 3359 1235 3433 negant
1254 3348 1577 3413 Satanam
1621 3369 1763 3413 esse
1785 3349 1910 3412 Dei
1958 3348 2355 3415 ministrum.

387 3443 548 3526 Ego
593 3442 857 3505 funesto
899 3436 1013 3502 illo
1055 3436 1293 3500 nuncio
1329 3432 1409 3499 de
1443 3443 1656 3499 morte
1692 3433 2014 3517 Capitonis
2059 3437 2152 3500 810
2207 3457 2357 3519 pro-

387 3535 654 3596 stratus
691 3526 802 3602 fui,
848 3533 924 3588 ut
964 3545 1050 3587 ex
1084 3543 1159 3586 80
1197 3531 1489 3603 tempore
1524 3540 1647 3585 nec
1682 3541 1950 3604 corpore
1986 3543 2104 3586 nec
2139 3523 2357 3586 81111110

387 3612 747 3680 valuerim.
853 3607 1082 3688 91111111
1141 3608 1304 3671 18188
1378 3605 1608 3670 1118188
1667 3603 1748 3668 ad
1819 3615 1884 3670 te
1952 3609 2356 3688 pervenient,

385 3698 529 3765 iam
583 3713 755 3772 tuae,
800 3695 928 3759 nisi
971 3693 1178 3770 fallor,
1224 3700 1418 3756 8111111
1460 3692 1532 3755 111
1575 3691 1843 3766 11111818,
1940 3692 2129 3759 11111118
2172 3692 2359 3759 1101118

388 3806 589 3870 spem
658 3782 984 3847 adventus
1050 3778 1149 3842 tui
1215 3775 1415 3843 dabis.
1527 3777 1712 3841 Vale.
1822 3775 1916 3842 Sa
1942 3787 2058 3844 uta
2132 3800 2359 3844 omnes

386 3872 659 3936 fratres,
678 3870 737 3946 ⁵)

924 4037 1017 4101 10.
1066 4033 1386 4100 Calvinus
1429 4055 1576 4099 meo
1621 4042 1687 4100 81
1730 4034 1943 4100 Vireti
1989 4036 2269 4101 nomine.

393 4164 710 4176 ——--———-—-‘
739 4164 810 4170 -Φ

614 4243 677 4312 2)
713 4243 791 4297 In
823 4241 1075 4310 maraine
1107 4237 1366 4294 additur.-
1404 4239 1725 4292 111-1111111188
1752 4242 1922 4292 tutius
1949 4243 2199 4295 nuncium
2238 4245 2359 4297 mit·

392 4321 546 4383 tere,
584 4321 681 4367 aut
716 4314 795 4365 ita
838 4311 1215 4367 commendare
1252 4310 1430 4376 legato
1467 4308 1678 4372 literas,
1731 4310 1874 4377 quod
1914 4327 2230 4379 responsum
2267 4313 2361 4365 ha-

391 4386 594 4439 beant.
670 4381 844 4436 Soror
877 4379 978 4433 ala
1011 4383 1092 4432 est
1127 4375 1492 4444 Maryaretha
1534 4376 1777 4435 Vale-eia.

618 4451 681 4518 3)
714 4449 907 4530 Steph.
947 4448 1110 4502 Dolet
1138 4445 1563 4500 Aurelianensis
1595 4446 1660 4499 im
1692 4445 2116 4503 humanioribus
2149 4447 2360 4518 doctus,

391 4520 468 4578 de
503 4520 678 4576 rebus
710 4517 997 4586 reliqiom‘s
1030 4516 1180 4569 ultra
1217 4531 1382 4583 quam
1407 4513 1639 4568 Calvim
1666 4515 2068 4583 111001111Ζῶωο
2102 4520 2361 4587 sentiens,

392 4606 456 4647 a.
495 4589 643 4644 1542
677 4588 961 4642 haereseos
1007 4589 1329 4650 accusatus,
1378 4583 1748 4651 quadr-{ennio
1794 4585 1981 4654 elapso
2009 4592 2143 4654 post
2174 4589 2363 4642 varios

389 4671 576 4716 eacus
613 4656 859 4712 Parisiis
1042 4654 1169 4708 licio
1200 4654 1444 4720 affectus.

621 4726 815 4847 ιίᾶιείο,
852 4724 968 4778 scil.
1003 4740 1068 4776 m
1102 4723 1283 4777 bibliis
1310 4721 1662 4776 excudendis.
1739 4722 1890 4776 Talis
1923 4723 2088 4777 editio
2124 4724 2360 4793 Luqdu·

394 4796 606 4852 mois
699 4795 792 4848 ius
825 4798 926 4847 aut
953 4792 1203 4861 proximi
1236 4793 1376 4845 amvi
1409 4809 1487 4845 am
1520 4792 1806 4858 exstiterit,
1844 4791 2176 4847 dubitamus.

625 4861 686 4929 ὃ)
720 4862 980 4916 Fau-ellus
1014 4860 1346 4928 adscripsit.-
1393 4878 1579 4913 mense
1617 4862 1900 4913 Decembri
1949 4861 2103 4914 1541.
2181 4863 2364 4930 Quum

396 4932 486 4988 ad
517 4931 940 5001 praecedentem
958 4929 1172 4984 Farelli
1195 4930 1251 4982 (J.
1276 4945 1390 4983 non
1422 4928 1752 4997 respondere
1777 4928 2051 4997 videatur,
2088 4930 2202 4985 iam
2236 4937 2365 4986 ante

397 5000 572 5058 illam
603 5005 880 5070 receptam
912 4999 1059 5053 hanc
1092 4998 1354 5066 scriptam
1386 4998 1561 5063 tuisse
1592 4999 1716 5052 iure
1749 4997 2058 5056 coniecerim

2095 420 2253 481 1541
2303 415 2714 485 DEOEMB.

4288 426 4422 490 358

3361 607 3519 680 882.

2936 744 3126 812 LEO
3170 743 3466 813 IUDAE
3510 744 3937 814 OALVINO.

2638 913 2899 981 Calvino
2953 918 3224 983 summis
3270 937 3411 983 cum
3466 918 3761 983 laudibus
3799 918 4069 984 salutato
4110 919 4411 986 nonnulla

2447 1002 2751 1081 proponit
2781 1001 2979 1068 dubia
3012 1024 3170 1085 quae
3202 1004 3548 1069 dominam
3568 1006 3645 1069 de
3665 1006 4072 1071 sacramentis
4105 1025 4183 1069 ex
4215 1011 4412 1071 mente

2457 1086 2595 1152 eius
2635 1087 3089 1154 consideratam
3132 1090 3261 1170 ipsi
3302 1090 3518 1154 minus
3559 1094 3786 1155 certam
3826 1091 4115 1173 fecerunt.

2691 1255 2794 1324 (Ex
2830 1257 3167 1328 autographo
3203 1259 3348 1314 Bibl.
3385 1258 3591 1314 Gener.
3627 1259 3758 1314 Ood.
3796 1258 3911 1326 113,
3948 1261 4039 1315 fol.
4075 1260 4182 1328 79.)

2455 1406 2900 1475 ornatissimo
2956 1412 3099 1478 viro
3158 1413 3241 1478 D.
3302 1411 3537 1478 Ioanni
3582 1412 3860 1480 Calvino
3917 1416 4126 1482 amico
4181 1424 4249 1481 et
4290 1438 4408 1500 pa-

2734 1503 2928 1561 trono
2971 1498 3040 1562 in
3086 1498 3372 1564 Domino
3406 1520 3665 1583 semper
3706 1499 4124 1566 observando.

2628 1630 2931 1696 Gratiam
2984 1643 3052 1698 et
3106 1653 3333 1718 pacem
3379 1656 3419 1700 a
3460 1636 3606 1700 Deo
3660 1645 3846 1718 patre
3899 1657 4020 1719 per
4061 1638 4407 1708 Christum

2453 1714 2679 1781 Iesum
2702 1725 3097 1784 servatorem
3123 1727 3439 1786 nostrum.
3507 1720 3699 1801 911οᾶ
3745 1729 3811 1786 18
3855 1723 4071 1788 virum
4112 1724 4408 1793 doetissi-

2328 1843 2356 1855 -
2455 1822 2642 1866 mum
2707 1813 2774 1866 et
2836 1802 2997 1867 mihi
3062 1805 3470 1888 incognitum
3532 1806 3867 1872 incondita
3946 1808 4069 1875 hac
4134 1812 4409 1895 epistola

2457 1886 2738 1967 adorior,
2782 1888 2968 1954 nulla
3007 1891 3086 1954 fit
3127 1892 3495 1956 temeritate
3539 1899 3656 1957 aut
3690 1894 4081 1976 arrogantia,
4126 1897 4240 1962 sed
4284 1899 4409 1964 im-

2459 1981 2616 2054 petu
2660 1971 2941 2055 quodam
2994 1975 3101 2057 pio
3144 1989 3211 2041 et
3265 1977 3481 2040 studio
3536 1978 3602 2040 in
3649 1986 3715 2043 te
3757 1989 3957 2060 s'upra
3992 1981 4261 2047 modum
4305 2004 4410 2048 ar-

2459 2057 2662 2135 denti,
2708 2080 2834 2141 quo
2877 2080 3011 2125 non
3053 2061 3267 2126 solum
3316 2061 3517 2127 ducor
3573 2073 3691 2127 aut
3742 2062 3986 2142 trahor,
4031 2066 4145 2131 sed
4189 2069 4411 2151 rapior

2457 2143 2671 2227 plane.
2761 2143 2987 2226 Quum
3030 2148 3206 2212 enim
3247 2167 3460 2230 nuper
3503 2155 3618 2213 tua
3671 2149 3955 2232 legerem
3972 2200 3988 2227 ,
4049 2151 4153 2216 vir
4194 2154 4411 2220 erudi·

2457 2230 2726 2307 tissime,
2770 2251 3230 2315 cerneremque
3273 2234 3491 2298 omnia
3524 2242 3663 2298 tam
3707 2254 3850 2298 esse
3892 2232 4101 2312 docta,
4145 2237 4411 2323 elegan-

2460 2316 2558 2380 tia
2601 2316 2869 2397 insuper
2912 2327 2979 2380 et
3020 2318 3232 2396 fortia,
3276 2339 3443 2400 quae
3483 2329 3560 2384 tu
3594 2340 3715 2401 pro
3751 2318 4019 2384 Christo
4062 2322 4129 2386 in
4177 2321 4410 2390 adver·

2459 2401 2666 2467 sarios
2708 2402 3005 2466 veritatis
3048 2410 3315 2486 torques
3356 2417 3425 2468 et
3466 2404 3827 2481 eiacularis,
3884 2406 4121 2487 quibus
4163 2429 4274 2474 eos
4312 2419 4410 2475 te-

2459 2508 2578 2552 nes
2636 2494 2702 2550 et
2757 2487 3059 2570 stringis,
3117 2498 3195 2552 ut
3253 2487 3547 2554 elabendi
3609 2489 3789 2554 nulla
3842 2491 3937 2556 eis
3994 2492 4104 2557 via
4158 2501 4408 2575 pateat:

2460 2593 2664 2654 quum
2710 2593 2975 2637 rursum
3036 2567 3475 2657 expenderem
3520 2573 3671 2640 fidei
3730 2573 4035 2659 dogmata
4088 2587 4226 2646 tam
4269 2601 4412 2647 esse

2461 2655 2669 2722 solida
2711 2667 2977 2740 tamque
3017 2659 3211 2724 firma
3253 2658 3496 2741 talique
3539 2669 3679 2724 arte
3725 2659 3980 2740 tradita,
4027 2671 4103 2726 ut
4144 2663 4250 2728 vel
4294 2687 4411 2731 no-

2459 2742 2704 2807 lentem
2749 2744 3015 2809 vincere
3049 2755 3319 2826 possent
3360 2765 3435 2811 ac
3477 2744 3903 2827 persuadere,
3959 2748 4207 2831 ingenti
4253 2770 4410 2833 qua-

2463 2827 2619 2892 dam
2659 2828 2909 2894 laetitia
2960 2850 3073 2895 cor
3115 2850 3336 2895 meum
3379 2832 3712 2912 perfusum
3765 2840 3881 2908 est,
3927 2832 4023 2896 ita
4065 2842 4141 2898 ut
4182 2835 4253 2899 in
4304 2856 4412 2902 me

2463 2913 2827 2978 subsiliret:
2869 2913 3026 2996 quin
3073 2925 3141 2979 et
3182 2936 3255 2980 os
3296 2936 3516 2981 meum
3565 2936 3784 2982 coram
3830 2916 4067 2983 throno
4111 2920 4410 2992 eoelestis

2463 3001 2639 3082 regis
2681 3000 2755 3063 in
2798 2999 3059 3064 laudem
3097 3008 3163 3064 et
3197 3002 3557 3084 gratiarum
3604 3002 3923 3068 actionem
3971 3006 4205 3086 erupit.
4273 3006 4335 3070 Ν
4339 3027 4413 3072 80

2461 3085 2530 3148 id
2585 3084 2753 3149 mihi
2808 3085 2926 3148 uni
2982 3087 3259 3169 contigit
3317 3086 3430 3151 sed
3490 3086 3636 3151 aliis
3692 3107 3947 3169 quoque
4008 3090 4121 3171 qui
4183 3112 4289 3156 me
4346 3100 4411 3158 et

2462 3170 2828 3236 eruditione
2870 3181 2938 3234 et
2979 3171 3221 3255 pietate
3260 3171 3454 3254 longe
3498 3173 3916 3238 antecellunt.
3978 3172 4226 3253 Quidni
4262 3197 4413 3259 gra·

2461 3256 2588 3319 tias
2628 3276 2973 3339 ageremus
3019 3258 3190 3338 patri
3243 3267 3469 3323 nostro
3522 3258 3931 3338 pientissimo
3987 3259 4099 3340 qui
4152 3275 4218 3324 te
4276 3272 4415 3329 tam

2459 3339 2783 3424 locuplete
2826 3342 3059 3423 spiritu
3105 3341 3419 3406 donavit?
3495 3344 3556 3408 O
3600 3343 3757 3407 felix
3798 3345 4129 3410 saeculum
4172 3346 4243 3410 in
4286 3368 4416 3429 quo

2461 3438 2598 3491 tam
2640 3426 2921 3491 ubertim
2968 3448 3088 3493 sua
3122 3427 3295 3493 dona
3341 3429 3413 3491 in
3453 3449 3574 3494 1108
3632 3427 3912 3493 effundit
3957 3429 4177 3494 divina
4218 3433 4416 3498 mise-

2459 3512 2771 3577 ricordia!
2854 3511 2914 3578 O
2959 3523 3060 3577 ter
3103 3515 3374 3578 miseros
3417 3534 3538 3579 nos
3582 3514 3637 3579 si
3682 3514 3851 3579 hanc
3896 3525 4033 3578 tam
4075 3516 4416 3599 ingentem

2459 3598 2591 3663 Dei
2634 3599 2840 3679 patris
2885 3598 3378 3664 beneficentiam
3425 3609 3490 3662 et
3532 3600 3808 3682 gratiam
3857 3599 3965 3664 vel
4013 3621 4145 3665 non
4180 3622 4415 3685 agnos-

2462 3684 2670 3748 cimus
2716 3684 2818 3747 vel
2865 3685 3160 3765 agnitam
3206 3684 3634 3767 negligimus!
3718 3684 4036 3749 Incensus
4079 3707 4236 3768 ergo
4281 3697 4418 3754 tam

2466 3769 2641 3834 dulci
2683 3766 3105 3833 meditatione
3150 3768 3416 3834 divinae
3462 3769 3810 3844 bonitatis,
3871 3769 4418 3837 consideratione-

2466 3876 2590 3937 que
2632 3853 3065 3918 humanitatis
3124 3859 3311 3932 tuae,
3373 3874 3537 3937 quae
3596 3857 3667 3918 in
3726 3855 3982 3937 scriptis
4041 3858 4172 3921 tuis
4231 3859 4419 3940 quasi

2463 3939 2835 4006 scintillulis
2856 3938 3243 4022 quibusdam
3280 3941 3534 4018 emicat,
3573 3940 3864 4004 animum
3899 3961 4119 4005 meum
4156 3943 4418 4009 firmavi

2464 4037 2543 4091 ut
2587 4024 2893 4090 auderem
2954 4024 3147 4090 hasce
3203 4023 3289 4089 ad
3347 4035 3411 4090 te
3455 4025 3609 4089 dare
3654 4025 3911 4102 literas,
3972 4026 4205 4108 quibus
4266 4049 4305 4092 a
4348 4037 4417 4094 te

2464 4113 2887 4193 impetratum
2943 4112 3133 4192 cupio
3176 4120 3252 4174 ut
3305 4131 3410 4174 me
3468 4110 3802 4193 paulisper
3846 4110 3925 4175 de
3968 4115 4415 4193 sacramentis,

2465 4218 2634 4279 quae
2666 4218 2773 4260 me
2809 4216 3205 4278 suspensum
3240 4205 3487 4272 tenent,
3524 4207 3739 4260 tecum
3778 4197 4045 4278 patiaris
4085 4217 4416 4264 commen-

2465 4283 2609 4346 tari.
2676 4281 2821 4346 Hoc
2864 4283 3149 4365 ingenue
3191 4282 3504 4348 confiteor
3546 4282 3709 4345 nihil
3757 4303 3862 4345 me
3905 4282 3986 4345 de
4030 4282 4269 4347 horum
4312 4305 4417 4350 ra-

2465 4368 2643 4432 tione
2684 4367 2923 4449 legisse
2967 4375 3179 4443 antea,
3225 4366 3332 4431 vel
3368 4365 3653 4446 brevius,
3699 4367 3806 4431 vel
3850 4367 4106 4446 clarius,
4154 4368 4257 4432 vel
4303 4372 4417 4435 ab·

2466 4453 2757 4517 solutius.
2832 4452 2978 4518 Hoc
3020 4473 3179 4518 vero
3222 4451 3387 4516 mihi
3431 4473 3741 4535 scrupum
3784 4452 4005 4517 iniecit
4050 4473 4238 4535 quem
4277 4456 4417 4520 exi·

2465 4559 2646 4602 mere
2701 4538 2969 4602 omnino
3029 4536 3195 4601 mihi
3235 4537 3364 4619 ipsi
3394 4573 3399 4577 -
3432 4558 3566 4601 non
3623 4558 3917 4620 possum,
3975 4537 4143 4619 quod
4202 4540 4420 4623 sigilla

2465 4643 2663 4688 vocas
2707 4631 3135 4696 sacramenta,
3198 4643 3362 4705 quae
3406 4623 3595 4687 nobis
3682 4623 4101 4689 romissiones
4142 4625 4419 4690 Domini

2466 4711 2732 4774 firment
2774 4718 2969 4790 atque
3007 4707 3370 4790 obsignent.
3462 4644 3679 4788 Quodp
3701 4708 4170 4789 promissiones
4214 4711 4418 4777 oculis

2465 4792 2849 4876 spectandas
2894 4791 3232 4870 subiciant,
3279 4793 3450 4876 quod
3497 4813 3606 4857 eas
3652 4803 4171 4874 repraesentent,
4226 4795 4417 4859 refri-

2466 4888 2635 4958 08111,
2673 4876 2845 4962 quod
2880 4876 2960 4943 de
2999 4879 3339 4942 voluntate
3362 4878 3489 4943 Dei
3534 4878 3720 4943 nobis
3756 4880 4203 4955 testificentur,
4240 4880 4419 4961 quod

2467 4965 2667 5029 fidem
2721 4965 3013 5030 excitent
3068 4963 3537 5045 adiuventque:
3609 4967 3678 5028 in
3739 4963 3895 5042 1100,
3956 4964 4127 5046 quod
4184 4985 4417 5033 sensus

2467 5060 2776 5115 externos
2811 5050 2943 5115 huc
2988 5058 3238 5127 vocant,
3282 5058 3359 5113 ut
3400 5049 3525 5114 hoc
3563 5059 3763 5132 agant
3797 5049 3969 5132 quod
4012 5047 4175 5113 fides
4213 5050 4418 5132 intus,

2466 5135 2751 5200 libenter
2793 5135 3241 5202 concesserim.
3330 5135 3586 5199 Verum
3642 5133 3811 5217 quod
3866 5134 4062 5199 fidem
4106 5143 4221 5198 aut
4264 5157 4418 5219 pro-

2467 5223 2849 5287 missionem
2873 5222 3010 5285 obsi
3061 5231 3221 5285 nent
3242 5230 3358 5286 aut
3380 5222 3785 5297 confirment,
3810 5220 3934 5284 hoc
3957 5219 4118 5282 mihi
4155 5223 4419 5288 omnino

3284 5306 3455 5371 Nam
3520 5311 3571 5371 1.
3632 5306 3839 5371 solum
3908 5305 4216 5388 spiritum
4268 5329 4421 5376 eum

3900 5404 4002 5459 23*

2469 5307 2733 5372 videtur
2795 5308 2995 5373 8118111
3040 5328 3172 5371 11111.
