5050 6167
399 459 517 522 309

396 644 519 712 viri
562 644 997 709 ministerium
1042 643 1178 708 ulla
1219 664 1303 708 ex
1347 651 1531 726 parte
1588 642 1889 708 violetur.
1994 643 2087 709 Iis
2139 644 2342 727 igitur

396 731 507 814 qui
548 729 859 794 videntur
900 730 1022 793 sibi
1063 729 1146 793 ab
1169 729 1368 795 huius
1388 730 1737 794 severitate
1758 729 1969 794 laesos
1990 728 2340 795 dicendum

396 824 512 891 est,
557 832 926 896 quanquam
972 837 1093 879 nec
1149 815 1371 880 ovium
1427 815 1512 879 sit
1567 813 1824 878 fidelem
1884 824 2211 896 pastorem
2269 815 2342 878 in

395 902 499 967 ius
542 920 789 975 vocare,
835 922 955 966 nec
996 901 1281 965 filiorum
1329 899 1627 981 quamvis
1663 900 1893 964 duram
1940 902 2079 965 veri
2136 899 2341 983 patris

393 987 910 1069 increpationem
995 1006 1113 1068 pro
1192 986 1433 1050 iniuria
1514 986 1859 1067 deputare,
1952 995 2175 1051 tamen
2267 997 2343 1049 ut

394 1073 656 1138 illorum
701 1072 1069 1135 infirmitati
1128 1071 1370 1153 aliquid
1427 1070 1784 1149 deferatur,
1842 1071 2186 1136 dicendum
2245 1071 2340 1136 eis

396 1160 524 1225 erit
587 1167 661 1221 ιιι
727 1156 1025 1221 adferant
1086 1178 1210 1238 quo
1276 1178 1346 1221 se
1403 1157 1670 1240 indigne
1736 1159 1816 1221 ab
1891 1157 2007 1222 illo
2084 1156 2339 1222 habitos

395 1243 796 1311 existiment.
841 1243 1271 1306 constituatur
1327 1242 1641 1308 iudicium
1693 1243 2197 1307 ecclesiasticum
2255 1264 2336 1306 cx

392 1330 865 1415 probatissimis
908 1329 1326 1392 ecclesiarum
1350 1329 1685 1403 ministris
1732 1350 1811 1392 ex
1838 1329 2338 1411 religiosissimis

394 1417 543 1482 aliis
566 1415 729 1477 viris
774 1414 853 1478 de
894 1435 1166 1495 utroque
1210 1427 1439 1477 senatu
1487 1436 1561 1479 ae
1606 1435 1839 1489 coram,
1888 1415 1944 1479 si
1991 1414 2335 1491 videbitur,

389 1504 535 1587 ipsa
590 1500 779 1585 plebe
837 1500 1255 1564 excutiantur
1311 1500 1571 1563 illorum
1621 1501 1953 1564 hominum
2017 1500 2336 1582 querelae,

390 1595 471 1653 ut
534 1587 658 1663 eis,
725 1585 776 1649 si
836 1584 990 1666 quid
1048 1586 1215 1648 iuste
1259 1598 1633 1668 querantur,
1696 1585 1985 1667 legitime
2031 1586 2336 1649 satisfiat:

393 1675 501 1740 sin
543 1681 621 1737 ut
660 1672 733 1735 in
776 1671 949 1736 viam
994 1670 1279 1746 redeant,
1323 1672 1392 1734 in
1419 1670 1755 1735 Christum
1780 1673 2012 1752 ipsum,
2048 1672 2115 1734 in
2155 1673 2339 1735 cuius

393 1768 535 1825 tam
577 1757 757 1823 fideli
814 1766 1010 1838 atque
1066 1756 1306 1820 eximio
1360 1758 1659 1821 ministro
1717 1757 1938 1820 iniurii
1999 1766 2066 1820 et
2114 1768 2338 1820 contu-

391 1844 652 1911 meliosi
700 1843 1140 1907 inveniantur.
1228 1841 1305 1907 Si
1341 1862 1497 1905 vero
1531 1842 1770 1907 iudicio
1805 1843 2087 1924 experiri
2112 1842 2337 1919 nolint,

395 1932 571 1996 sicut
609 1950 744 1993 non
767 1927 1093 1994 credimus
1130 1928 1304 1993 hunc
1342 1938 1478 1991 tam
1514 1940 1811 1993 sanctum
1855 1930 2067 1992 virum
2106 1928 2186 1992 ab
2211 1927 2341 1991 ullo

393 2015 663 2081 homine
718 2014 861 2078 iure
908 2014 977 2077 in
1035 2015 1137 2079 ius
1193 2014 1408 2077 vocari
1465 2032 1676 2094 posse,
1748 2012 1938 2077 detur
2006 2034 2203 2095 opera
2269 2020 2342 2077 ut

394 2101 767 2168 exacerbati
790 2099 1048 2164 illorum
1072 2099 1272 2163 animi
1309 2099 1695 2181 mitigentur
1715 2108 1781 2161 et
1801 2099 2158 2182 placentur,
2202 2119 2338 2161 mo·

394 2196 681 2253 veantur
737 2185 951 2267 magis
1001 2184 1285 2267 peccatis
1342 2184 1479 2249 suis
1528 2184 1599 2248 in
1641 2205 1809 2265 quae
1854 2184 2152 2249 Farellus
2192 2205 2341 2266 gra-

395 2272 553 2339 vius
596 2270 840 2335 dixisse
886 2270 1160 2345 videtur,
1205 2290 1399 2351 quam
1447 2270 1608 2351 piae,
1654 2280 1965 2351 paternae
2006 2280 2200 2350 atque
2243 2289 2343 2332 sa-

396 2358 601 2424 lutari
646 2357 787 2421 eius
826 2356 1259 2437 obiurgationi
1303 2355 1688 2432 irascantur,
1744 2355 2153 2437 cogitentque
2197 2354 2344 2419 nul-

394 2444 540 2509 lam
582 2463 724 2507 esse
758 2442 995 2505 iustam
1031 2463 1293 2506 causam
1327 2442 1661 2505 ministros
1693 2441 2114 2505 ecclesiarum
2155 2460 2347 2505 veros

396 2528 662 2610 riteque
705 2527 941 2591 eleetos
983 2537 1050 2590 et
1090 2538 1353 2611 vocatos
1395 2524 1725 2603 mutandi,
1783 2526 1913 2589 nisi
1969 2525 2074 2589 vel
2118 2546 2348 2607 perpe-

396 2636 551 2681 ram
594 2613 869 2679 doceant
901 2612 1003 2676 vel
1049 2633 1273 2677 curam
1318 2612 1688 2676 animarum
1730 2631 1866 2674 non
1908 2612 2077 2675 bona
2116 2610 2246 2674 fide
2282 2618 2351 2674 et

396 2699 766 2784 vigilanter
828 2697 1091 2775 obeant,
1172 2706 1287 2761 aut
1360 2699 1498 2761 vita
1574 2695 1829 2778 reprobi
1904 2696 2347 2761 inveniantur.

398 2787 759 2868 Quumque
816 2783 1064 2847 nullam
1118 2782 1357 2846 harum
1411 2802 1754 2848 causarum
1808 2782 2168 2864 impingere
2225 2781 2352 2845 Fw

396 2872 561 2939 reno
603 2876 877 2953 queant,
936 2869 1067 2931 imo
1121 2878 1436 2950 cogantur
1491 2864 1787 2952 [Γαίεηῗὲ]
1849 2867 1971 2932 his·
1997 2868 2206 2932 tribus
2250 2888 2352 2930 re-

396 2959 547 3033 buS,
593 2955 888 3021 doctrina
920 2974 1103 3031 sana,
1147 2975 1303 3018 cura
1338 2955 1707 3018 animarum
1740 2952 2065 3035 vigilanti,
2109 2961 2175 3016 et
2217 2953 2355 3016 vita

398 3040 744 3123 inculpata
784 3040 1034 3103 nemini
1079 3059 1220 3104 esse
1263 3038 1647 3115 secundum,
1707 3037 1890 3101 nulla
1942 3059 2050 3101 eos
2106 3039 2356 3101 ratione

398 3146 605 3212 posse
626 3125 1055 3190 remotionem
1079 3124 1427 3189 ministerii
1447 3122 1640 3189 huius
1682 3124 1806 3189 viri
1850 3126 2156 3205 petere.“)
2234 3124 2354 3188 Di·

399 3232 556 3280 cere
600 3210 779 3275 enim
825 3210 1041 3275 acrius
1083 3211 1154 3274 in
1199 3220 1476 3292 peccata,
1535 3230 1731 3275 causa
1778 3230 1920 3274 csse
1963 3228 2095 3272 non
2142 3216 2357 3290 potest

400 3306 488 3363 nt
528 3297 890 3379 quisquam,
948 3293 1187 3361 nedum
1229 3315 1461 3360 servus
1520 3293 1623 3359 dei
1665 3301 1919 3371 tantus,
1972 3293 2185 3359 locum
2230 3295 2353 3359 mi·

402 3383 666 3450 nisterii
705 3390 965 3445 mutare
1009 3378 1254 3445 debeat.
1324 3378 1546 3461 Quare
1590 3381 1646 3444 si
1689 3380 1811 3444 toti
1852 3378 2190 3463 tyrannidi
2214 3381 2354 3446 An-

403 3467 700 3534 tichristi
753 3465 1070 3530 haetenus
1113 3466 1369 3529 fortiter
1411 3465 1744 3531 restitistis
1787 3487 1870 3530 ne
1914 3465 2165 3530 Christi
2207 3486 2354 3548 reg-

402 3575 573 3620 num
619 3553 1012 3626 abiiceretis,
1068 3551 1126 3615 si
1184 3549 1308 3615 hoc
1365 3572 1496 3615 non
1541 3550 1727 3627 datis,
1773 3563 1838 3614 et
1879 3552 2128 3627 merito,
2176 3553 2353 3633 prin-

405 3639 545 3722 cipi
587 3648 831 3712 vestre,
892 3646 967 3701 ut
1020 3656 1205 3701 sacra
1254 3636 1618 3700 ministeria
1660 3636 1959 3713 mutetis,
2013 3656 2212 3717 quare
2254 3637 2354 3700 in-

404 3723 708 3791 consulte
751 3722 1144 3804 perturbatis
1194 3742 1366 3785 nune
1410 3721 1647 3785 animis
1703 3721 1949 3803 aliquot
1991 3730 2355 3785 vestrorum

408 3810 658 3878 civium
702 3807 823 3872 hoc
865 3805 1342 3872 concederetis?
1434 3803 1617 3886 Quos
1661 3807 1728 3869 in
1785 3827 1983 3870 manu
2027 3815 2129 3871 est
2167 3806 2356 3871 facile

409 3894 660 3963 sedare.
749 3894 921 3957 Nam
966 3901 1083 3957 aut
1125 3891 1274 3956 boni
1322 3900 1477 3956 sunt
1516 3903 1582 3955 et
1625 3892 2049 3973 magistratus
2091 3912 2242 3956 suos
2284 3893 2355 3956 in

411 3981 636 4046 debito
679 3979 927 4043 honore
972 3977 1243 4054 habent,
1303 3984 1421 4040 aut
1460 3977 1709 4040 minus:
1770 3974 1941 4058 quod
1996 3983 2219 4041 tamen
2277 3976 2357 4042 de

411 4068 514 4132 eis
569 4066 874 4130 nolumus
929 4076 1236 4128 statuere.
1342 4060 1417 4127 Si
1477 4062 1656 4139 boni,
1718 4075 1833 4126 aut
1885 4060 1988 4145 (ut
2045 4060 2356 4147 diximus)

411 4149 762 4219 diiudicari
801 4148 1092 4230 legitime
1135 4167 1287 4211 suas
1320 4147 1615 4229 querelas
1659 4146 2006 4228 patientur,
2052 4156 2167 4211 aut
2208 4168 2358 4230 gra-

414 4239 550 4303 tiae
593 4245 663 4301 et
703 4234 1038 4299 autoritati
1082 4244 1359 4308 vestrae,
1406 4232 1518 4313 qui
1566 4232 1891 4297 Far-ellum
1932 4234 2165 4297 merito
2209 4253 2359 4314 pro-

412 4322 612 4400 batis,
651 4342 762 4385 eas
804 4319 1137 4385 commode
1180 4317 1493 4383 admoniti
1530 4326 1598 4381 et
1632 4317 1864 4399 placati
1886 4315 2358 4383 condonabunt.

417 4407 499 4476 Si
546 4426 698 4471 vero
742 4416 1053 4470 neutrum
1105 4406 1279 4469 ferre
1337 4402 1436 4466 illi
1479 4403 1715 4481 velint,
1770 4424 1896 4484 quo
1940 4401 2083 4467 illos
2125 4403 2361 4484 iniqui-

415 4493 576 4559 tatis
620 4492 902 4558 evasisse
941 4490 1446 4572 haudquaquam
1507 4487 1859 4565 credimus,
1920 4486 2129 4551 aderit
2181 4489 2363 4554 vobis

417 4578 766 4652 Dominus,
812 4576 1093 4641 aderunt
1112 4576 1204 4659 pii
1232 4575 1406 4650 socii,
1445 4595 1528 4637 ne
1563 4572 1719 4655 quid
1755 4582 1975 4636 tamen
1997 4576 2031 4610 ¹*
2069 4571 2167 4637 illi
2210 4594 2361 4638 con-

419 4671 529 4731 tm
571 4664 801 4747 legem,
847 4673 1075 4727 contra
1112 4661 1651 4741 tranquillitatem
1705 4657 2093 4741 reipublicae
2151 4655 2362 4741 desig-

421 4758 616 4827 nent,
682 4756 884 4830 utque
940 4747 1323 4830 permittant
1374 4746 1502 4810 frui
1570 4744 1756 4809 vobis
1811 4742 2157 4824 tranquille
2224 4743 2364 4809 eius

422 4835 806 4912 ministerio,
849 4854 1045 4916 quem
1089 4831 1400 4898 Christus
1444 4830 1632 4896 vobis
1680 4837 1748 4894 et
1789 4828 2056 4911 spiritus
2099 4838 2365 4895 sanctus

421 4921 830 5006 petentibus,
896 4928 962 4983 et
1025 4918 1532 5001 approbantibus
1587 4913 1887 4979 omnibus
1941 4914 2246 4979 ecclesiae
2301 4924 2368 4980 et

425 5005 820 5089 reipublicae
863 5002 1197 5070 ordinibus
1241 5001 1448 5078 dedit,
1509 5000 1796 5083 profecto
1853 5000 2367 5083 integerrimum,

425 5091 883 5159 fidelissimum
918 5097 987 5154 et
1019 5088 1579 5155 accuratissimum
1612 5086 2003 5164 ministrum,
2046 5095 2369 5167 pastorem

436 5266 499 5274 ῳ·
524 5264 840 5274 ῌ-α--ιπ

638 5362 700 5431 2)
743 5362 883 5419 Tota
913 5361 1048 5417 haec
1074 5360 1308 5430 phrasis
1340 5358 1619 5417 widem·-
1650 5351 2029 5415 ἐναισλοόθος
2060 5357 2287 5427 scripta.

2081 459 2239 519 1541
2280 453 2606 522 OOTOB.

4255 464 4388 529 310

2443 649 2510 706 et
2573 649 2849 725 patrem.
2958 641 3143 708 Haec
3212 643 3399 709 vobis
3457 664 3545 709 ex
3600 645 3812 711 officio
3876 650 4237 715 eommunis
4312 650 4390 717 in

2443 727 2710 792 Christo
2753 728 3099 807 societatis,
3145 736 3286 792 tum
3332 729 3530 795 etiam
3567 731 3888 814 singulari
3924 752 4052 814 qua
4087 753 4204 799 vos
4240 755 4388 799 ves-

2444 823 2547 877 tro
2591 813 2825 878 merito
2868 814 3190 895 complexi
3232 834 3455 881 sumus
3499 817 3790 893 caritate,
3846 818 4130 883 scribere
4176 820 4386 884 volui-

2441 919 2627 977 mus,
2681 921 2813 963 non
2858 898 3029 981 quod
3082 900 3461 975 timeremus
3506 923 3588 965 ne
3632 902 3973 966 Christum
4017 903 4085 966 in
4131 903 4388 971 Farello

2444 984 2812 1049 abiicerctis
2854 985 2962 1050 vel
3007 986 3205 1049 etiam
3251 984 3693 1065 dimitteretis,
3754 1009 3994 1051 verum·
4039 996 4114 1052 ut
4154 1010 4273 1054 vos
4315 990 4389 1056 in

2443 1069 2660 1134 studio
2725 1080 2791 1133 et
2870 1070 3285 1134 observantia.
3349 1071 3621 1150 Famem,
3700 1072 4109 1137 saluberrimi
4185 1075 4390 1140 vestri

2444 1155 2717 1238 apostoli
2775 1163 2843 1219 et
2893 1156 3207 1237 episcopi,
3267 1160 3816 1233 confirmaremus,
3861 1180 3944 1222 ne
3989 1158 4093 1223 vel
4140 1158 4387 1242 cupidi-

2442 1250 2578 1304 tate
2622 1250 2931 1305 externae
2975 1239 3487 1322 tranquillitatis,
3547 1254 3662 1306 aut
3704 1243 4000 1308 molestia
4040 1244 4178 1310 eius
4222 1266 4388 1327 quae

2441 1333 2668 1390 exorta
2712 1336 2812 1390 est
2855 1326 2923 1389 in
2975 1325 3302 1391 Farellum
3356 1328 3526 1408 apud
3584 1329 3833 1409 aliquos
3877 1331 4389 1411 perturbationis

2442 1412 2720 1475 nimium
2789 1411 3243 1475 deiiceremini.
3355 1412 3488 1477 Sed
3546 1435 3749 1495 quum
3805 1437 3926 1480 nec
3971 1415 4264 1480 Farellus
4305 1416 4387 1482 ob

2442 1496 2615 1560 hanc
2634 1496 3190 1578 perturbationem
3229 1518 3495 1580 gregem
3523 1500 3785 1563 Domini
3825 1501 4120 1566 deserere
4163 1502 4387 1583 possit,

2443 1582 2572 1646 nisi
2595 1583 2974 1646 mercenarii
2992 1583 3242 1647 crimen
3270 1593 3336 1647 et
3352 1590 3676 1666 poenam*
3697 1585 3916 1650 subire
3934 1586 4108 1665 velit,
4134 1608 4252 1652 nec
4273 1607 4390 1653 vos

2439 1664 2629 1731 illum
2673 1667 3001 1731 dimittere
3055 1669 3189 1733 nisi
3232 1668 3481 1734 Christi
3536 1671 3765 1753 iugum
3813 1671 4087 1737 abiicere
4130 1682 4198 1736 et
4238 1693 4386 1755 per-

2444 1751 2599 1816 dere
2641 1752 2919 1818 salutem
2955 1764 3242 1818 vestram
3287 1755 3519 1833 velitis,
3563 1772 3637 1820 ut
3671 1757 3867 1820 etiam
3905 1766 4130 1821 nostra
4166 1755 4388 1823 admo-

2445 1837 2692 1903 nitione
2736 1839 3084 1903 confortati
3141 1839 3456 1904 maiorem
3514 1862 3738 1905 curam
3797 1841 4263 1924 impenderetis
4306 1843 4388 1907 iis

2444 1924 2558 2005 qui
2602 1921 2828 1988 cedere
2887 1924 3020 1989 suis
3076 1925 3413 1990 affectibus
3460 1925 3786 1990 Far-ellum
3830 1929 4104 2009 cupiunt
4147 1926 4232 2011 (si
4275 1927 4389 2009 qui

2442 2017 2664 2071 tamen
2709 2006 2777 2072 id
2819 2017 3197 2074 constanter
3239 2012 3576 2092 cupiunt),
3633 2012 3737 2076 vel
3795 2013 3905 2094 pia
3948 2013 4388 2077 satisfactione

2443 2104 2639 2175 atque
2678 2095 3296 2160 commonefactione
3355 2096 3690 2173 sanandis,
3745 2097 3852 2161 vel
3904 2098 4252 2162 autoritate
4294 2098 4390 2162 le·

2444 2179 2712 2263 gitimae
2770 2179 3112 2262 potestatis
3164 2180 3494 2259 sedandis,
3554 2181 3710 2245 libet
3760 2183 3980 2264 itaque
4023 2182 4194 2247 hanc
4236 2204 4389 2248 nos-

2444 2276 2619 2329 tram
2660 2264 3006 2346 epistolam
3049 2265 3436 2332 concludere
3496 2266 3711 2331 verbis
3753 2267 3984 2331 Pauli:
4052 2268 4391 2350 Rogamus

2449 2371 2581 2427 vos,
2628 2350 2881 2425 fratres,
2925 2358 3000 2414 ut
3042 2352 3408 2433 agnoscatis
3443 2373 3553 2416 eos
3587 2354 3698 2434 qui
3733 2351 4034 2416 laborant
4065 2355 4240 2417 inter
4274 2373 4392 2419 vos

2447 2444 2515 2500 et
2555 2435 2665 2518 qui
2710 2443 3024 2516 praesunt
3063 2435 3249 2502 vobis
3291 2437 3360 2501 in
3406 2438 3705 2515 Domine,
3752 2446 3817 2502 et
3859 2437 4218 2503 admonent
4258 2460 4394 2519 vos,

2450 2528 2526 2585 ιιι
2591 2519 2886 2585 habeatis
2940 2520 3087 2585 illos
3144 2521 3212 2584 in
3272 2543 3529 2586 summo
3583 2524 3791 2604 pretio
3857 2544 3973 2604 per
4037 2525 4396 2604 caritatem,

2451 2614 2716 2688 propter
2776 2626 2940 2688 opus
3004 2606 3283 2670 illorum.
3394 2609 3636 2672 Pacem
3703 2608 3935 2673 habete
4001 2631 4149 2674 cum
4206 2608 4398 2759 eishii

2451 2689 2550 2765 Id,
2595 2690 2982 2756 confidimus
3024 2692 3093 2756 in
3132 2692 3434 2771 Domino,
3481 2692 3760 2757 libenter
3801 2693 4070 2773 facietis,
4116 2702 4183 2758 et
4225 2695 4295 2758 ni
4351 2695 4364 2708 '

2453 2775 2709 2840 admitti
2754 2776 2928 2860 apud
2963 2797 3078 2841 vos
3125 2778 3352 2843 sinetis
3395 2776 3566 2861 quod
3602 2778 3673 2842 in
3718 2780 4026 2844 iniuriam
4070 2780 4236 2845 sacri
4273 2780 4398 2844 mi-

2454 2862 2706 2926 nisterii
2752 2862 3028 2944 sicque*
3082 2870 3149 2926 et
3190 2863 3261 2926 in
3307 2874 3552 2929 certam
3598 2864 3907 2928 ecclesiae
3952 2873 4206 2930 vestrae
4251 2884 4398 2947 per-

2454 2947 2692 3012 niciem
2736 2954 2804 3011 et
2846 2948 3308 3030 gravissimum
3345 2948 3620 3013 aliarum
3664 2948 4081 3015 ecclesiarum
4125 2949 4400 3016 scanda-

2457 3031 2596 3096 lum
2642 3031 2922 3096 evadere
2982 3041 3196 3115 queat.
3285 3035 3611 3099 Dominus
3667 3035 3853 3099 Iesus
3909 3036 4127 3118 itaque
4183 3036 4404 3100 omnia

2458 3116 2634 3200 apud
2669 3138 2786 3183 vos
2822 3119 3201 3199 tranquillet
3241 3127 3309 3183 et
3343 3119 3539 3183 donet
3579 3140 3733 3184 suos
3776 3119 4000 3185 fideles
4044 3122 4401 3201 ministros,

2453 3203 2529 3267 in
2572 3202 2850 3268 salutem
2898 3213 3180 3268 vestram
3224 3206 3686 3287 sempiternam
3725 3207 3910 3271 vobis
3954 3205 4034 3269 ab
4069 3207 4207 3288 ipso
4241 3206 4404 3271 mis-

2457 3309 2584 3365 sos,
2631 3290 2722 3352 ita
2766 3289 3059 3370 utpium
3104 3297 3171 3353 et
3212 3290 3397 3354 vobis
3442 3291 3728 3355 salutare
3773 3301 3890 3367 est,
3936 3291 4229 3372 agnosci,
4287 3311 4404 3355 au-

2457 3372 2615 3451 diri,
2671 3374 3006 3439 observari
3049 3375 3129 3439 ab
3174 3374 3506 3451 omnibus,
3563 3384 3640 3438 ut
3695 3398 3810 3442 vos
3865 3375 4129 3440 illorum
4187 3384 4256 3440 et
4307 3375 4404 3440 illi

2456 3467 2678 3524 vestra
2720 3459 2855 3524 sint
2896 3458 3105 3543 gloria
3146 3459 3214 3523 in
3269 3459 3373 3524 die
3412 3459 3698 3525 eiusdem
3744 3460 4010 3525 Domini
4056 3470 4122 3526 et
4164 3459 4406 3526 summi

2455 3545 2735 3695 &asteris
2792 3553 2985 3627 atque
3054 3544 3340 3627 episcopi
3393 3547 3757 3609 animarum
3824 3553 4196 3611 nostrarum
4249 3546 4406 3612 Iesu

2518 3630 2724 3696 hristi.
2809 3631 3046 3694 Amen.
3065 3632 3126 3711 ⁴)

2763 3764 3046 3831 Caritati
3102 3773 3171 3828 et
3225 3767 3663 3846 praestantiae
3716 3775 3972 3833 vestrae
4015 3766 4405 3833 deditissimi

2763 3852 2834 3915 in
2857 3849 3141 3915 Domino
3175 3850 3408 3916 fratres
3452 3860 3518 3916 et
3559 3853 3858 3918 conservi
3881 3852 4153 3917 Domini
4194 3853 4406 3919 nostri

2766 3936 2921 4001 Iesu
2966 3935 3217 4002 Christi

3083 4072 3156 4138 C.
3196 4071 3425 4137 Hedio.
3495 4073 3587 4138 M.
3622 4072 3883 4139 Zellius.
3951 4073 4042 4138 M.
4087 4074 4406 4142 Bueerus.

3221 4156 3352 4224 Iac.
3398 4158 3725 4225 Bedrotus
3768 4181 3918 4225 cum
3963 4159 4250 4225 caeteris.

2590 4295 2951 4360 Ecclesiam
2997 4302 3289 4360 nostram
3324 4316 3488 4376 quae
3517 4318 3694 4362 nunc

2464 4388 2646 4463 peste
2682 4381 2967 4463 graviter
2999 4379 3312 4445 invisitur
3346 4402 3386 4445 a
3407 4382 3693 4447 Domino

2465 4474 2534 4531 et
2567 4472 2861 4529 extremo
2895 4466 3073 4529 vitae
3111 4464 3483 4532 discrimine
3519 4466 3695 4532 labo-

2462 4561 2721 4615 rantem
2784 4549 3234 4615 fidelissimum
3298 4559 3366 4616 et
3430 4552 3695 4618 utilissi-

2465 4657 2650 4700 mum
2673 4656 2938 4701 servum
2963 4635 3235 4700 Domini
3257 4636 3481 4702 Wolff.
3510 4636 3700 4718 Capi-

2464 4727 2659 4786 tonem
2703 4720 3002 4804 precibus
3037 4723 3272 4786 vestris
3308 4743 3499 4803 quam
3546 4722 3695 4786 dili-

2466 4807 2846 4891 gentissime
2889 4806 3434 4873 commendamus.

2672 5010 2736 5143 {3
2771 5010 2906 5132 idua
2936 5008 3138 5132 ηιωὶκῗέ
3171 5008 3498 5146 Kampsa.-
3532 5081 3692 5136 Anno
3733 5081 3879 5145 1541,
3918 5082 4019 5135 sub
4053 5080 4216 5134 finem
4249 5080 4413 5136 coto-

2470 5149 2603 5203 bris.
2696 5145 2857 5217 Quod
2899 5145 3121 5201 omnino
3172 5147 3258 5201 rei
3300 5155 3736 5204 consentaneum.
3819 5149 4014 5216 Capito
4061 5147 4207 5202 enim
4257 5163 4417 5218 quem

2469 5215 2724 5288 precibus
2742 5216 3194 5272 Noocomonsinm
3210 5218 3588 5274 comdant
3607 5220 3742 5275 obiit
3760 5236 3812 5274 a.
3830 5218 3886 5273 ἀ.
3906 5218 4033 5274 111.
4069 5232 4249 5272 nonas
4267 5218 4417 5277 Now.

3243 5361 3616 5370 ,ω’-ψ,-

3899 5438 4005 5495 200
