<?xml version="1.0" encoding="UTF-8"?>
<!DOCTYPE html PUBLIC "-//W3C//DTD XHTML 1.0 Transitional//EN"
    "http://www.w3.org/TR/xhtml1/DTD/xhtml1-transitional.dtd">
<html xmlns="http://www.w3.org/1999/xhtml" xml:lang="en" lang="en">
 <head>
  <title>
</title>
<meta http-equiv="Content-Type" content="text/html;charset=utf-8" />
  <meta name='ocr-system' content='tesseract 3.04.00' />
  <meta name='ocr-capabilities' content='ocr_page ocr_carea ocr_par ocr_line ocrx_word'/>
</head>
<body>
  <div class='ocr_page' id='page_1' title='image "./ioanniscalvinio13unkngoog_0317.png"; bbox 0 0 5050 6167; ppageno 0'>
   <div class='ocr_carea' id='block_1_1' title="bbox 402 415 519 478">
    <p class='ocr_par' dir='ltr' id='par_1_1' title="bbox 402 415 519 478">
     <span class='ocr_line' id='line_1_1' title="bbox 402 415 519 478; baseline -0.017 0"><span class='ocrx_word' id='word_1_1' title='bbox 402 415 519 478; x_wconf 78' lang='lat'>605</span> 
     </span>
    </p>
   </div>
   <div class='ocr_carea' id='block_1_2' title="bbox 385 597 2339 2138">
    <p class='ocr_par' dir='ltr' id='par_1_2' title="bbox 385 597 2339 2138">
     <span class='ocr_line' id='line_1_2' title="bbox 395 597 2334 683; baseline -0.002 -17"><span class='ocrx_word' id='word_1_2' title='bbox 395 602 501 666; x_wconf 91' lang='lat' dir='ltr'>lon</span> <span class='ocrx_word' id='word_1_3' title='bbox 706 609 968 683; x_wconf 87' lang='lat' dir='ltr'>tempus</span> <span class='ocrx_word' id='word_1_4' title='bbox 1011 600 1175 666; x_wconf 87' lang='lat' dir='ltr'>haee</span> <span class='ocrx_word' id='word_1_5' title='bbox 1209 618 1409 665; x_wconf 87' lang='lat' dir='ltr'>eausa</span> <span class='ocrx_word' id='word_1_6' title='bbox 1450 597 1853 677; x_wconf 77' lang='lat' dir='ltr'><strong>extrahetur,</strong></span> <span class='ocrx_word' id='word_1_7' title='bbox 1897 604 2012 663; x_wconf 90' lang='lat' dir='ltr'>aut</span> <span class='ocrx_word' id='word_1_8' title='bbox 2054 597 2222 662; x_wconf 88' lang='lat' dir='ltr'><strong>nihil</strong></span> <span class='ocrx_word' id='word_1_9' title='bbox 2264 597 2334 663; x_wconf 92' lang='lat' dir='ltr'>in</span> 
     </span>
     <span class='ocr_line' id='line_1_3' title="bbox 396 682 2335 764; baseline -0.003 -11"><span class='ocrx_word' id='word_1_10' title='bbox 396 686 618 753; x_wconf 76' lang='lat' dir='ltr'>eadem</span> <span class='ocrx_word' id='word_1_11' title='bbox 658 684 1125 764; x_wconf 88' lang='lat' dir='ltr'>elaborabitur‚</span> <span class='ocrx_word' id='word_1_12' title='bbox 1179 683 1526 750; x_wconf 86' lang='lat' dir='ltr'>eonsilium</span> <span class='ocrx_word' id='word_1_13' title='bbox 1581 682 1877 749; x_wconf 79' lang='lat' dir='ltr'>dedimus</span> <span class='ocrx_word' id='word_1_14' title='bbox 1925 682 2183 749; x_wconf 78' lang='lat' dir='ltr'>Calvino</span> <span class='ocrx_word' id='word_1_15' title='bbox 2237 692 2335 748; x_wconf 89' lang='lat' dir='ltr'>at-</span> 
     </span>
     <span class='ocr_line' id='line_1_4' title="bbox 397 768 2338 857; baseline -0.002 -21"><span class='ocrx_word' id='word_1_16' title='bbox 397 793 516 857; x_wconf 91' lang='lat' dir='ltr'>que</span> <span class='ocrx_word' id='word_1_17' title='bbox 560 770 813 836; x_wconf 77' lang='lat' dir='ltr'>Farello</span> <span class='ocrx_word' id='word_1_18' title='bbox 854 791 984 854; x_wconf 90' lang='lat' dir='ltr'>quo</span> <span class='ocrx_word' id='word_1_19' title='bbox 1039 770 1124 836; x_wconf 88' lang='lat' dir='ltr'>ad</span> <span class='ocrx_word' id='word_1_20' title='bbox 1177 790 1334 835; x_wconf 90' lang='lat' dir='ltr'>suos</span> <span class='ocrx_word' id='word_1_21' title='bbox 1388 768 1680 834; x_wconf 79' lang='lat' dir='ltr'>redirent</span> <span class='ocrx_word' id='word_1_22' title='bbox 1735 782 1802 834; x_wconf 88' lang='lat' dir='ltr'>et</span> <span class='ocrx_word' id='word_1_23' title='bbox 1854 769 2158 835; x_wconf 79' lang='lat' dir='ltr'>eeclesias</span> <span class='ocrx_word' id='word_1_24' title='bbox 2212 768 2338 836; x_wconf 91' lang='lat' dir='ltr'>sibi</span> 
     </span>
     <span class='ocr_line' id='line_1_5' title="bbox 396 853 2336 938; baseline -0.002 -16"><span class='ocrx_word' id='word_1_25' title='bbox 396 857 769 923; x_wconf 74' lang='lat' dir='ltr'>commissas</span> <span class='ocrx_word' id='word_1_26' title='bbox 832 866 1155 921; x_wconf 75' lang='lat' dir='ltr'>curarent.</span> <span class='ocrx_word' id='word_1_27' title='bbox 1253 853 1447 936; x_wconf 80' lang='lat' dir='ltr'>Quod</span> <span class='ocrx_word' id='word_1_28' title='bbox 1512 854 1565 919; x_wconf 92' lang='lat' dir='ltr'>si</span> <span class='ocrx_word' id='word_1_29' title='bbox 1631 855 1928 919; x_wconf 79' lang='lat' dir='ltr'>fortassis</span> <span class='ocrx_word' id='word_1_30' title='bbox 1989 853 2336 938; x_wconf 90' lang='lat' dir='ltr'>aliquando</span> 
     </span>
     <span class='ocr_line' id='line_1_6' title="bbox 394 939 2337 1024; baseline -0.002 -16"><span class='ocrx_word' id='word_1_31' title='bbox 394 942 725 1008; x_wconf 75' lang='lat' dir='ltr'>Metenses</span> <span class='ocrx_word' id='word_1_32' title='bbox 769 939 941 1006; x_wconf 89' lang='lat' dir='ltr'>diem</span> <span class='ocrx_word' id='word_1_33' title='bbox 996 941 1078 1006; x_wconf 90' lang='lat' dir='ltr'>ad</span> <span class='ocrx_word' id='word_1_34' title='bbox 1124 939 1516 1024; x_wconf 77' lang='lat' dir='ltr'>colloquium</span> <span class='ocrx_word' id='word_1_35' title='bbox 1561 946 1883 1018; x_wconf 79' lang='lat' dir='ltr'><strong>statuant,</strong></span> <span class='ocrx_word' id='word_1_36' title='bbox 1941 939 2337 1024; x_wconf 75' lang='lat' dir='ltr'>significabi-</span> 
     </span>
     <span class='ocr_line' id='line_1_7' title="bbox 394 1024 2333 1111; baseline -0.001 -19"><span class='ocrx_word' id='word_1_37' title='bbox 394 1047 538 1092; x_wconf 92' lang='lat' dir='ltr'>mus</span> <span class='ocrx_word' id='word_1_38' title='bbox 579 1027 651 1091; x_wconf 91' lang='lat' dir='ltr'>in</span> <span class='ocrx_word' id='word_1_39' title='bbox 694 1034 1007 1111; x_wconf 89' lang='lat' dir='ltr'>tempore,</span> <span class='ocrx_word' id='word_1_40' title='bbox 1095 1047 1182 1092; x_wconf 92' lang='lat' dir='ltr'>uo</span> <span class='ocrx_word' id='word_1_41' title='bbox 1218 1048 1339 1092; x_wconf 90' lang='lat' dir='ltr'>sua</span> <span class='ocrx_word' id='word_1_42' title='bbox 1373 1024 1836 1111; x_wconf 81' lang='lat' dir='ltr'>religionisque</span> <span class='ocrx_word' id='word_1_43' title='bbox 1870 1046 2066 1091; x_wconf 87' lang='lat' dir='ltr'>eausa</span> <span class='ocrx_word' id='word_1_44' title='bbox 2100 1025 2333 1091; x_wconf 80' lang='lat' dir='ltr'>adsint.</span> 
     </span>
     <span class='ocr_line' id='line_1_8' title="bbox 394 1048 2336 1196; baseline -0.002 -17"><span class='ocrx_word' id='word_1_45' title='bbox 394 1114 490 1179; x_wconf 82' lang='lat' dir='ltr'>Ao</span> <span class='ocrx_word' id='word_1_46' title='bbox 533 1112 690 1195; x_wconf 88' lang='lat' dir='ltr'>quia</span> <span class='ocrx_word' id='word_1_47' title='bbox 731 1121 879 1177; x_wconf 90' lang='lat' dir='ltr'>uter</span> <span class='ocrx_word' id='word_1_48' title='bbox 920 1133 1022 1191; x_wconf 90' lang='lat' dir='ltr'>ue,</span> <span class='ocrx_word' id='word_1_49' title='bbox 1054 1048 1373 1179; x_wconf 51' lang='lat' dir='ltr'>(balanus</span> <span class='ocrx_word' id='word_1_50' title='bbox 1413 1121 1609 1196; x_wconf 90' lang='lat' dir='ltr'>atque</span> <span class='ocrx_word' id='word_1_51' title='bbox 1655 1110 1978 1192; x_wconf 64' lang='lat' dir='ltr'>Far-ellae,</span> <span class='ocrx_word' id='word_1_52' title='bbox 2034 1111 2154 1176; x_wconf 91' lang='lat' dir='ltr'>reli</span> <span class='ocrx_word' id='word_1_53' title='bbox 2206 1112 2336 1176; x_wconf 85' lang='lat' dir='ltr'>‘ose</span> 
     </span>
     <span class='ocr_line' id='line_1_9' title="bbox 393 1196 2339 1281; baseline -0.002 -18"><span class='ocrx_word' id='word_1_54' title='bbox 393 1205 458 1263; x_wconf 87' lang='lat' dir='ltr'>et</span> <span class='ocrx_word' id='word_1_55' title='bbox 499 1206 723 1263; x_wconf 78' lang='lat' dir='ltr'>sanate</span> <span class='ocrx_word' id='word_1_56' title='bbox 745 1218 875 1281; x_wconf 90' lang='lat' dir='ltr'>apu</span> <span class='ocrx_word' id='word_1_57' title='bbox 941 1217 1061 1263; x_wconf 91' lang='lat' dir='ltr'>nos</span> <span class='ocrx_word' id='word_1_58' title='bbox 1082 1197 1330 1263; x_wconf 81' lang='lat' dir='ltr'>versati</span> <span class='ocrx_word' id='word_1_59' title='bbox 1363 1204 1536 1275; x_wconf 89' lang='lat' dir='ltr'>sunt,</span> <span class='ocrx_word' id='word_1_60' title='bbox 1574 1196 2120 1280; x_wconf 78' lang='lat' dir='ltr'>quemadmodum</span> <span class='ocrx_word' id='word_1_61' title='bbox 2199 1204 2339 1261; x_wconf 87' lang='lat' dir='ltr'>eeet</span> 
     </span>
     <span class='ocr_line' id='line_1_10' title="bbox 391 1280 2335 1367; baseline -0.002 -17"><span class='ocrx_word' id='word_1_62' title='bbox 391 1304 497 1350; x_wconf 91' lang='lat' dir='ltr'>eos</span> <span class='ocrx_word' id='word_1_63' title='bbox 540 1283 654 1366; x_wconf 92' lang='lat' dir='ltr'>qui</span> <span class='ocrx_word' id='word_1_64' title='bbox 695 1282 969 1349; x_wconf 85' lang='lat' dir='ltr'>studiosi</span> <span class='ocrx_word' id='word_1_65' title='bbox 990 1293 1148 1348; x_wconf 87' lang='lat' dir='ltr'>sunt</span> <span class='ocrx_word' id='word_1_66' title='bbox 1188 1283 1603 1367; x_wconf 78' lang='lat' dir='ltr'>evangelicae</span> <span class='ocrx_word' id='word_1_67' title='bbox 1624 1280 1956 1349; x_wconf 86' lang='lat' dir='ltr'>doetrinae</span> <span class='ocrx_word' id='word_1_68' title='bbox 1990 1289 2060 1347; x_wconf 92' lang='lat' dir='ltr'>et</span> <span class='ocrx_word' id='word_1_69' title='bbox 2097 1284 2335 1347; x_wconf 85' lang='lat' dir='ltr'>verita—</span> 
     </span>
     <span class='ocr_line' id='line_1_11' title="bbox 392 1367 2335 1454; baseline -0.001 -19"><span class='ocrx_word' id='word_1_70' title='bbox 392 1370 505 1448; x_wconf 84' lang='lat' dir='ltr'>tis,</span> <span class='ocrx_word' id='word_1_71' title='bbox 564 1367 647 1434; x_wconf 89' lang='lat' dir='ltr'>de</span> <span class='ocrx_word' id='word_1_72' title='bbox 699 1390 828 1454; x_wconf 91' lang='lat' dir='ltr'>qua</span> <span class='ocrx_word' id='word_1_73' title='bbox 881 1389 954 1434; x_wconf 92' lang='lat' dir='ltr'>re</span> <span class='ocrx_word' id='word_1_74' title='bbox 1010 1389 1129 1433; x_wconf 91' lang='lat' dir='ltr'>nos</span> <span class='ocrx_word' id='word_1_75' title='bbox 1181 1369 1343 1453; x_wconf 86' lang='lat' dir='ltr'>ipsis</span> <span class='ocrx_word' id='word_1_76' title='bbox 1395 1368 1571 1434; x_wconf 90' lang='lat' dir='ltr'>ultro</span> <span class='ocrx_word' id='word_1_77' title='bbox 1614 1376 1682 1433; x_wconf 88' lang='lat' dir='ltr'>et</span> <span class='ocrx_word' id='word_1_78' title='bbox 1724 1368 2003 1434; x_wconf 85' lang='lat' dir='ltr'>libenter</span> <span class='ocrx_word' id='word_1_79' title='bbox 2045 1368 2335 1433; x_wconf 91' lang='lat' dir='ltr'>testimo·</span> 
     </span>
     <span class='ocr_line' id='line_1_12' title="bbox 390 1451 2335 1537; baseline -0.001 -17"><span class='ocrx_word' id='word_1_80' title='bbox 390 1456 577 1520; x_wconf 91' lang='lat' dir='ltr'>nium</span> <span class='ocrx_word' id='word_1_81' title='bbox 623 1454 872 1533; x_wconf 89' lang='lat' dir='ltr'>damus,</span> <span class='ocrx_word' id='word_1_82' title='bbox 919 1475 959 1519; x_wconf 86' lang='lat' dir='ltr'>a</span> <span class='ocrx_word' id='word_1_83' title='bbox 1001 1454 1185 1521; x_wconf 82' lang='lat' dir='ltr'>vobis</span> <span class='ocrx_word' id='word_1_84' title='bbox 1241 1455 1525 1537; x_wconf 90' lang='lat' dir='ltr'>petimus</span> <span class='ocrx_word' id='word_1_85' title='bbox 1580 1460 1657 1518; x_wconf 89' lang='lat' dir='ltr'>ut</span> <span class='ocrx_word' id='word_1_86' title='bbox 1703 1453 2033 1519; x_wconf 74' lang='lat' dir='ltr'>Calvinum</span> <span class='ocrx_word' id='word_1_87' title='bbox 2087 1452 2167 1518; x_wconf 91' lang='lat' dir='ltr'>de</span> <span class='ocrx_word' id='word_1_88' title='bbox 2209 1451 2335 1519; x_wconf 81' lang='lat' dir='ltr'>hae</span> 
     </span>
     <span class='ocr_line' id='line_1_13' title="bbox 389 1537 2333 1691; baseline -0.002 -84"><span class='ocrx_word' id='word_1_89' title='bbox 389 1560 576 1641; x_wconf 71' lang='lat' dir='ltr'>mora</span> <span class='ocrx_word' id='word_1_90' title='bbox 603 1550 811 1691; x_wconf 50' lang='lat' dir='ltr'>mue</span> <span class='ocrx_word' id='word_1_91' title='bbox 853 1540 1785 1691; x_wconf 50' lang='lat' dir='ltr'>exsp‘lgbaoffioffimexmatzm·</span> <span class='ocrx_word' id='word_1_92' title='bbox 1812 1537 2051 1603; x_wconf 84' lang='lat' dir='ltr'>habere</span> <span class='ocrx_word' id='word_1_93' title='bbox 2083 1538 2333 1687; x_wconf 53' lang='lat' dir='ltr'>kx)›jeli1:is,</span> 
     </span>
     <span class='ocr_line' id='line_1_14' title="bbox 391 1643 2334 1691; baseline -0.002 0"><span class='ocrx_word' id='word_1_94' title='bbox 391 1646 562 1691; x_wconf 87' lang='lat' dir='ltr'>s11n</span> <span class='ocrx_word' id='word_1_95' title='bbox 760 1646 1028 1691; x_wconf 87' lang='lat' dir='ltr'>oausae</span> <span class='ocrx_word' id='word_1_96' title='bbox 1176 1646 1252 1690; x_wconf 88' lang='lat' dir='ltr'>ra</span> <span class='ocrx_word' id='word_1_97' title='bbox 1428 1645 1788 1689; x_wconf 86' lang='lat' dir='ltr'>nons1:1</span> <span class='ocrx_word' id='word_1_98' title='bbox 1867 1643 2334 1690; x_wconf 79' lang='lat' dir='ltr'>uevoisro</span> 
     </span>
     <span class='ocr_line' id='line_1_15' title="bbox 387 1644 2333 1795; baseline -0.001 -19"><span class='ocrx_word' id='word_1_99' title='bbox 387 1731 505 1776; x_wconf 89' lang='lat' dir='ltr'>suo</span> <span class='ocrx_word' id='word_1_100' title='bbox 548 1732 709 1795; x_wconf 84' lang='lat' dir='ltr'>erga</span> <span class='ocrx_word' id='word_1_101' title='bbox 750 1732 870 1777; x_wconf 81' lang='lat' dir='ltr'>vos</span> <span class='ocrx_word' id='word_1_102' title='bbox 910 1722 1323 1795; x_wconf 82' lang='lat' dir='ltr'>vestramque</span> <span class='ocrx_word' id='word_1_103' title='bbox 1378 1710 1712 1776; x_wconf 87' lang='lat' dir='ltr'>eoolesiam</span> <span class='ocrx_word' id='word_1_104' title='bbox 1759 1644 2080 1794; x_wconf 59' lang='lat' dir='ltr'>sisnlgulari</span> <span class='ocrx_word' id='word_1_105' title='bbox 2123 1644 2333 1774; x_wconf 45' lang='lat' dir='ltr'>offizio</span> 
     </span>
     <span class='ocr_line' id='line_1_16' title="bbox 386 1793 2333 1875; baseline -0.003 -13"><span class='ocrx_word' id='word_1_106' title='bbox 386 1798 474 1862; x_wconf 88' lang='lat' dir='ltr'>sit</span> <span class='ocrx_word' id='word_1_107' title='bbox 528 1797 1034 1863; x_wconf 87' lang='lat' dir='ltr'>oommendatus.</span> <span class='ocrx_word' id='word_1_108' title='bbox 1123 1797 1261 1862; x_wconf 85' lang='lat' dir='ltr'>Nos</span> <span class='ocrx_word' id='word_1_109' title='bbox 1314 1796 1510 1861; x_wconf 87' lang='lat' dir='ltr'>etiam</span> <span class='ocrx_word' id='word_1_110' title='bbox 1567 1794 1884 1873; x_wconf 77' lang='lat' dir='ltr'>vicissim,</span> <span class='ocrx_word' id='word_1_111' title='bbox 1938 1795 1995 1858; x_wconf 92' lang='lat' dir='ltr'>si</span> <span class='ocrx_word' id='word_1_112' title='bbox 2051 1793 2204 1875; x_wconf 92' lang='lat' dir='ltr'>quid</span> <span class='ocrx_word' id='word_1_113' title='bbox 2261 1797 2333 1857; x_wconf 91' lang='lat' dir='ltr'>in</span> 
     </span>
     <span class='ocr_line' id='line_1_17' title="bbox 386 1879 2332 1965; baseline -0.001 -18"><span class='ocrx_word' id='word_1_114' title='bbox 386 1881 765 1947; x_wconf 90' lang='lat' dir='ltr'>huiusmodi</span> <span class='ocrx_word' id='word_1_115' title='bbox 807 1882 1006 1949; x_wconf 92' lang='lat' dir='ltr'>rebus</span> <span class='ocrx_word' id='word_1_116' title='bbox 1048 1881 1263 1947; x_wconf 84' lang='lat' dir='ltr'>faeere</span> <span class='ocrx_word' id='word_1_117' title='bbox 1305 1883 1662 1965; x_wconf 81' lang='lat' dir='ltr'>poterimus</span> <span class='ocrx_word' id='word_1_118' title='bbox 1705 1879 1875 1962; x_wconf 90' lang='lat' dir='ltr'>quod</span> <span class='ocrx_word' id='word_1_119' title='bbox 1920 1888 2183 1963; x_wconf 88' lang='lat' dir='ltr'>gratum</span> <span class='ocrx_word' id='word_1_120' title='bbox 2218 1900 2332 1945; x_wconf 83' lang='lat' dir='ltr'>vo·</span> 
     </span>
     <span class='ocr_line' id='line_1_18' title="bbox 385 1964 2332 2047; baseline -0.002 -15"><span class='ocrx_word' id='word_1_121' title='bbox 385 1965 483 2034; x_wconf 87' lang='lat' dir='ltr'>bis</span> <span class='ocrx_word' id='word_1_122' title='bbox 529 1968 649 2047; x_wconf 89' lang='lat' dir='ltr'>sit,</span> <span class='ocrx_word' id='word_1_123' title='bbox 708 1966 932 2034; x_wconf 91' lang='lat' dir='ltr'>sedulo</span> <span class='ocrx_word' id='word_1_124' title='bbox 985 1966 1056 2032; x_wconf 93' lang='lat' dir='ltr'>id</span> <span class='ocrx_word' id='word_1_125' title='bbox 1109 1977 1177 2033; x_wconf 91' lang='lat' dir='ltr'>et</span> <span class='ocrx_word' id='word_1_126' title='bbox 1233 1967 1513 2032; x_wconf 89' lang='lat' dir='ltr'>fideliter</span> <span class='ocrx_word' id='word_1_127' title='bbox 1565 1987 1600 2030; x_wconf 95' lang='lat' dir='ltr'>s</span> <span class='ocrx_word' id='word_1_128' title='bbox 1714 1965 1740 2029; x_wconf 91' lang='lat' dir='ltr'>i</span> <span class='ocrx_word' id='word_1_129' title='bbox 1782 1964 2011 2031; x_wconf 91' lang='lat' dir='ltr'>iemus.</span> <span class='ocrx_word' id='word_1_130' title='bbox 2118 1965 2332 2030; x_wconf 88' lang='lat' dir='ltr'>Datae</span> 
     </span>
     <span class='ocr_line' id='line_1_19' title="bbox 386 2049 2063 2138; baseline -0.001 -22"><span class='ocrx_word' id='word_1_131' title='bbox 386 2056 518 2137; x_wconf 80' lang='lat' dir='ltr'>xvj.</span> <span class='ocrx_word' id='word_1_132' title='bbox 568 2054 859 2138; x_wconf 86' lang='lat' dir='ltr'>Augusti</span> <span class='ocrx_word' id='word_1_133' title='bbox 900 2056 1100 2119; x_wconf 82' lang='lat' dir='ltr'>Anno</span> <span class='ocrx_word' id='word_1_134' title='bbox 1138 2053 1411 2118; x_wconf 89' lang='lat' dir='ltr'>Domini</span> <span class='ocrx_word' id='word_1_135' title='bbox 1452 2051 1546 2117; x_wconf 77' lang='lat' dir='ltr'>M.</span> <span class='ocrx_word' id='word_1_136' title='bbox 1593 2051 1676 2116; x_wconf 90' lang='lat' dir='ltr'>D.</span> <span class='ocrx_word' id='word_1_137' title='bbox 1857 2049 2063 2133; x_wconf 72' lang='lat'>111⁸)</span> 
     </span>
    </p>
   </div>
   <div class='ocr_carea' id='block_1_3' title="bbox 1159 2345 1420 2353">
    <p class='ocr_par' dir='ltr' id='par_1_3' title="bbox 1159 2345 1420 2353">
     <span class='ocr_line' id='line_1_20' title="bbox 1159 2345 1420 2353; baseline -0.004 -1"><span class='ocrx_word' id='word_1_138' title='bbox 1159 2345 1388 2353; x_wconf 63' lang='lat'><em>.-—--———</em></span> <span class='ocrx_word' id='word_1_139' title='bbox 1405 2346 1420 2351; x_wconf 78' lang='grc'><em>-</em></span> 
     </span>
    </p>
   </div>
   <div class='ocr_carea' id='block_1_4' title="bbox 418 2577 2286 2798">
    <p class='ocr_par' dir='ltr' id='par_1_4' title="bbox 418 2577 2286 2798">
     <span class='ocr_line' id='line_1_21' title="bbox 1278 2577 1432 2649; baseline 0.006 -1"><span class='ocrx_word' id='word_1_140' title='bbox 1278 2577 1432 2649; x_wconf 71' lang='lat'>40⁶.</span> 
     </span>
     <span class='ocr_line' id='line_1_22' title="bbox 418 2713 2286 2798; baseline -0.004 -9"><span class='ocrx_word' id='word_1_141' title='bbox 418 2719 824 2788; x_wconf 81' lang='lat' dir='ltr'>ZELLIUS</span> <span class='ocrx_word' id='word_1_142' title='bbox 867 2714 1301 2786; x_wconf 80' lang='lat' dir='ltr'>MYCONIO</span> <span class='ocrx_word' id='word_1_143' title='bbox 1344 2714 1755 2798; x_wconf 75' lang='lat' dir='ltr'>EIUSQUE</span> <span class='ocrx_word' id='word_1_144' title='bbox 1799 2713 2286 2783; x_wconf 83' lang='lat' dir='ltr'>COLLEGIS.</span> 
     </span>
    </p>
   </div>
   <div class='ocr_carea' id='block_1_5' title="bbox 375 2885 2336 3147">
    <p class='ocr_par' dir='ltr' id='par_1_5' title="bbox 375 2885 2336 3147">
     <span class='ocr_line' id='line_1_23' title="bbox 557 2885 2334 2971; baseline -0.003 -13"><span class='ocrx_word' id='word_1_145' title='bbox 557 2889 954 2958; x_wconf 58' lang='lat' dir='ltr'>emnam</span> <span class='ocrx_word' id='word_1_146' title='bbox 991 2907 1253 2954; x_wconf 75' lang='lat' dir='ltr'>eausam</span> <span class='ocrx_word' id='word_1_147' title='bbox 1299 2886 1477 2953; x_wconf 74' lang='lat' dir='ltr'>Galli</span> <span class='ocrx_word' id='word_1_148' title='bbox 1516 2887 1847 2954; x_wconf 71' lang='lat' dir='ltr'>cuiusdam</span> <span class='ocrx_word' id='word_1_149' title='bbox 1886 2887 1998 2968; x_wconf 73' lang='lat' dir='ltr'>qui</span> <span class='ocrx_word' id='word_1_150' title='bbox 2031 2885 2334 2971; x_wconf 68' lang='lat' dir='ltr'>Arymto-</span> 
     </span>
     <span class='ocr_line' id='line_1_24' title="bbox 375 2966 2336 3054; baseline -0.004 -10"><span class='ocrx_word' id='word_1_151' title='bbox 375 2982 594 3044; x_wconf 67' lang='lat' dir='ltr'>mm</span> <span class='ocrx_word' id='word_1_152' title='bbox 631 2981 887 3044; x_wconf 77' lang='lat' dir='ltr'>venerat</span> <span class='ocrx_word' id='word_1_153' title='bbox 926 2973 1262 3041; x_wconf 67' lang='lat' dir='ltr'>Calvinum</span> <span class='ocrx_word' id='word_1_154' title='bbox 1298 2978 1355 3039; x_wconf 80' lang='lat' dir='ltr'>et</span> <span class='ocrx_word' id='word_1_155' title='bbox 1397 2971 1726 3038; x_wconf 62' lang='lat' dir='ltr'>Fas-ellum</span> <span class='ocrx_word' id='word_1_156' title='bbox 1768 2966 2116 3054; x_wconf 74' lang='grc' dir='ltr'><strong><em>ἱστορήσων,</em></strong></span> <span class='ocrx_word' id='word_1_157' title='bbox 2168 2992 2336 3040; x_wconf 71' lang='lat' dir='ltr'>nune</span> 
     </span>
     <span class='ocr_line' id='line_1_25' title="bbox 380 3057 2051 3147; baseline -0.005 -16"><span class='ocrx_word' id='word_1_158' title='bbox 380 3068 591 3131; x_wconf 68' lang='lat' dir='ltr'>aedan</span> <span class='ocrx_word' id='word_1_159' title='bbox 632 3084 677 3129; x_wconf 88' lang='lat' dir='ltr'>a</span> <span class='ocrx_word' id='word_1_160' title='bbox 705 3061 1135 3147; x_wconf 69' lang='lat' dir='ltr'>praedonibus</span> <span class='ocrx_word' id='word_1_161' title='bbox 1175 3065 1396 3142; x_wconf 69' lang='lat' dir='ltr'>eaptus</span> <span class='ocrx_word' id='word_1_162' title='bbox 1432 3057 1698 3124; x_wconf 69' lang='lat' dir='ltr'>Brisaei</span> <span class='ocrx_word' id='word_1_163' title='bbox 1731 3058 2051 3123; x_wconf 70' lang='lat' dir='ltr'>detineam</span> 
     </span>
    </p>
   </div>
   <div class='ocr_carea' id='block_1_6' title="bbox 380 3226 2331 3365">
    <p class='ocr_par' dir='ltr' id='par_1_6' title="bbox 380 3226 2331 3365">
     <span class='ocr_line' id='line_1_26' title="bbox 380 3226 2331 3304; baseline -0.003 -14"><span class='ocrx_word' id='word_1_164' title='bbox 380 3235 494 3299; x_wconf 75' lang='lat' dir='ltr'>(Ex</span> <span class='ocrx_word' id='word_1_165' title='bbox 531 3232 872 3304; x_wconf 78' lang='lat' dir='ltr'>autographo</span> <span class='ocrx_word' id='word_1_166' title='bbox 905 3230 1047 3286; x_wconf 84' lang='lat' dir='ltr'>Bibl.</span> <span class='ocrx_word' id='word_1_167' title='bbox 1083 3230 1239 3284; x_wconf 83' lang='lat' dir='ltr'>oivio.</span> <span class='ocrx_word' id='word_1_168' title='bbox 1277 3229 1454 3284; x_wconf 81' lang='lat' dir='ltr'>Turio.</span> <span class='ocrx_word' id='word_1_169' title='bbox 1472 3228 1628 3284; x_wconf 74' lang='lat' dir='ltr'>MSS.</span> <span class='ocrx_word' id='word_1_170' title='bbox 1662 3229 1724 3284; x_wconf 71' lang='lat' dir='ltr'>F.</span> <span class='ocrx_word' id='word_1_171' title='bbox 1745 3226 1817 3283; x_wconf 76' lang='lat'>82</span> <span class='ocrx_word' id='word_1_172' title='bbox 1850 3229 1980 3283; x_wconf 82' lang='lat' dir='ltr'>olim</span> <span class='ocrx_word' id='word_1_173' title='bbox 2012 3229 2155 3299; x_wconf 74' lang='lat' dir='ltr'>Epp.</span> <span class='ocrx_word' id='word_1_174' title='bbox 2182 3230 2331 3284; x_wconf 79' lang='lat' dir='ltr'>Tem.</span> 
     </span>
     <span class='ocr_line' id='line_1_27' title="bbox 878 3296 1835 3365; baseline -0.002 -11"><span class='ocrx_word' id='word_1_175' title='bbox 878 3298 965 3364; x_wconf 78' lang='lat'>47,</span> <span class='ocrx_word' id='word_1_176' title='bbox 998 3299 1090 3354; x_wconf 77' lang='lat' dir='ltr'>fol.</span> <span class='ocrx_word' id='word_1_177' title='bbox 1124 3296 1244 3353; x_wconf 83' lang='lat'>338.</span> <span class='ocrx_word' id='word_1_178' title='bbox 1316 3297 1528 3352; x_wconf 71' lang='lat' dir='ltr'>simler.</span> <span class='ocrx_word' id='word_1_179' title='bbox 1563 3298 1686 3353; x_wconf 83' lang='lat' dir='ltr'>Vol.</span> <span class='ocrx_word' id='word_1_180' title='bbox 1722 3296 1835 3365; x_wconf 76' lang='lat'>53.)</span> 
     </span>
    </p>
   </div>
   <div class='ocr_carea' id='block_1_7' title="bbox 373 3483 2333 3730">
    <p class='ocr_par' dir='ltr' id='par_1_7' title="bbox 373 3483 2333 3730">
     <span class='ocr_line' id='line_1_28' title="bbox 373 3483 2333 3571; baseline -0.005 -12"><span class='ocrx_word' id='word_1_181' title='bbox 373 3492 519 3560; x_wconf 89' lang='lat' dir='ltr'>Piis</span> <span class='ocrx_word' id='word_1_182' title='bbox 564 3510 643 3556; x_wconf 81' lang='lat' dir='ltr'>ao</span> <span class='ocrx_word' id='word_1_183' title='bbox 684 3488 892 3556; x_wconf 79' lang='lat' dir='ltr'>doctis</span> <span class='ocrx_word' id='word_1_184' title='bbox 935 3488 1098 3554; x_wconf 81' lang='lat' dir='ltr'>viris</span> <span class='ocrx_word' id='word_1_185' title='bbox 1131 3488 1215 3553; x_wconf 89' lang='lat' dir='ltr'>D.</span> <span class='ocrx_word' id='word_1_186' title='bbox 1254 3483 1544 3553; x_wconf 84' lang='lat' dir='ltr'>Osvaldo</span> <span class='ocrx_word' id='word_1_187' title='bbox 1577 3486 1889 3571; x_wconf 78' lang='lat' dir='ltr'>Myoonio</span> <span class='ocrx_word' id='word_1_188' title='bbox 1931 3484 2333 3567; x_wconf 83' lang='lat' dir='ltr'>eaeterisque</span> 
     </span>
     <span class='ocr_line' id='line_1_29' title="bbox 375 3568 2332 3659; baseline -0.005 -14"><span class='ocrx_word' id='word_1_189' title='bbox 375 3577 695 3645; x_wconf 68' lang='lat' dir='ltr'>stati-ibus</span> <span class='ocrx_word' id='word_1_190' title='bbox 737 3574 1125 3659; x_wconf 75' lang='lat' dir='ltr'>evangelion</span> <span class='ocrx_word' id='word_1_191' title='bbox 1159 3571 1411 3639; x_wconf 79' lang='lat' dir='ltr'>Christi</span> <span class='ocrx_word' id='word_1_192' title='bbox 1432 3572 1735 3638; x_wconf 85' lang='lat' dir='ltr'>Basileae</span> <span class='ocrx_word' id='word_1_193' title='bbox 1779 3568 2332 3637; x_wconf 88' lang='lat' dir='ltr'>annunoiantibus</span> 
     </span>
     <span class='ocr_line' id='line_1_30' title="bbox 498 3654 2215 3730; baseline -0.006 0"><span class='ocrx_word' id='word_1_194' title='bbox 498 3662 785 3730; x_wconf 88' lang='lat' dir='ltr'>dominis</span> <span class='ocrx_word' id='word_1_195' title='bbox 823 3681 901 3727; x_wconf 89' lang='lat' dir='ltr'>ao</span> <span class='ocrx_word' id='word_1_196' title='bbox 940 3659 1254 3726; x_wconf 81' lang='lat' dir='ltr'>fratribus</span> <span class='ocrx_word' id='word_1_197' title='bbox 1296 3658 1434 3725; x_wconf 92' lang='lat' dir='ltr'>suis</span> <span class='ocrx_word' id='word_1_198' title='bbox 1476 3678 1732 3724; x_wconf 91' lang='lat' dir='ltr'>summe</span> <span class='ocrx_word' id='word_1_199' title='bbox 1773 3654 2215 3723; x_wconf 84' lang='lat' dir='ltr'>observandis.</span> 
     </span>
    </p>
   </div>
   <div class='ocr_carea' id='block_1_8' title="bbox 374 3792 2333 4484">
    <p class='ocr_par' dir='ltr' id='par_1_8' title="bbox 374 3792 2333 4484">
     <span class='ocr_line' id='line_1_31' title="bbox 557 3792 2330 3880; baseline -0.006 -13"><span class='ocrx_word' id='word_1_200' title='bbox 557 3798 794 3867; x_wconf 81' lang='lat' dir='ltr'>Gratia</span> <span class='ocrx_word' id='word_1_201' title='bbox 847 3797 1033 3863; x_wconf 79' lang='lat' dir='ltr'>vobis</span> <span class='ocrx_word' id='word_1_202' title='bbox 1088 3802 1155 3861; x_wconf 92' lang='lat' dir='ltr'>et</span> <span class='ocrx_word' id='word_1_203' title='bbox 1206 3814 1340 3880; x_wconf 85' lang='lat' dir='ltr'>pax</span> <span class='ocrx_word' id='word_1_204' title='bbox 1396 3794 1485 3860; x_wconf 89' lang='lat' dir='ltr'>sit</span> <span class='ocrx_word' id='word_1_205' title='bbox 1535 3814 1653 3877; x_wconf 92' lang='lat' dir='ltr'>per</span> <span class='ocrx_word' id='word_1_206' title='bbox 1704 3793 1928 3859; x_wconf 90' lang='lat' dir='ltr'>Iesum</span> <span class='ocrx_word' id='word_1_207' title='bbox 1971 3792 2330 3858; x_wconf 82' lang='lat' dir='ltr'>Christum.</span> 
     </span>
     <span class='ocr_line' id='line_1_32' title="bbox 377 3878 2328 3963; baseline -0.004 -14"><span class='ocrx_word' id='word_1_208' title='bbox 377 3884 583 3954; x_wconf 85' lang='lat' dir='ltr'>Venit</span> <span class='ocrx_word' id='word_1_209' title='bbox 642 3885 773 3950; x_wconf 87' lang='lat' dir='ltr'>huo</span> <span class='ocrx_word' id='word_1_210' title='bbox 838 3890 992 3949; x_wconf 90' lang='lat' dir='ltr'>ante</span> <span class='ocrx_word' id='word_1_211' title='bbox 1057 3880 1195 3947; x_wconf 91' lang='lat' dir='ltr'>dies</span> <span class='ocrx_word' id='word_1_212' title='bbox 1261 3879 1538 3963; x_wconf 86' lang='lat' dir='ltr'>aliquot,</span> <span class='ocrx_word' id='word_1_213' title='bbox 1603 3878 2009 3945; x_wconf 75' lang='lat' dir='ltr'>dilectissimi</span> <span class='ocrx_word' id='word_1_214' title='bbox 2073 3878 2328 3956; x_wconf 79' lang='lat' dir='ltr'>fratres,</span> 
     </span>
     <span class='ocr_line' id='line_1_33' title="bbox 377 3964 2333 4054; baseline -0.006 -15"><span class='ocrx_word' id='word_1_215' title='bbox 377 3971 623 4039; x_wconf 79' lang='lat' dir='ltr'>Gallus</span> <span class='ocrx_word' id='word_1_216' title='bbox 665 3967 932 4054; x_wconf 87' lang='lat' dir='ltr'>quidam</span> <span class='ocrx_word' id='word_1_217' title='bbox 975 3965 1462 4033; x_wconf 83' lang='lat' dir='ltr'>Avenionensis</span> <span class='ocrx_word' id='word_1_218' title='bbox 1478 4015 1494 4044; x_wconf 92' lang='lat'>‚</span> <span class='ocrx_word' id='word_1_219' title='bbox 1551 3964 1655 4031; x_wconf 84' lang='lat' dir='ltr'>vir</span> <span class='ocrx_word' id='word_1_220' title='bbox 1697 3967 1941 4049; x_wconf 87' lang='lat' dir='ltr'>pietate</span> <span class='ocrx_word' id='word_1_221' title='bbox 1984 3972 2053 4028; x_wconf 87' lang='lat' dir='ltr'>et</span> <span class='ocrx_word' id='word_1_222' title='bbox 2094 3982 2333 4047; x_wconf 81' lang='lat' dir='ltr'>genere</span> 
     </span>
     <span class='ocr_line' id='line_1_34' title="bbox 376 4046 2332 4135; baseline -0.006 -12"><span class='ocrx_word' id='word_1_223' title='bbox 376 4058 650 4135; x_wconf 84' lang='lat' dir='ltr'>nobilis,</span> <span class='ocrx_word' id='word_1_224' title='bbox 705 4056 896 4122; x_wconf 87' lang='lat' dir='ltr'>ouius</span> <span class='ocrx_word' id='word_1_225' title='bbox 950 4072 1189 4118; x_wconf 91' lang='lat' dir='ltr'>nomen</span> <span class='ocrx_word' id='word_1_226' title='bbox 1246 4071 1367 4117; x_wconf 94' lang='lat' dir='ltr'>nos</span> <span class='ocrx_word' id='word_1_227' title='bbox 1409 4049 1611 4135; x_wconf 86' lang='lat' dir='ltr'>fugit,</span> <span class='ocrx_word' id='word_1_228' title='bbox 1669 4059 1746 4115; x_wconf 92' lang='lat' dir='ltr'>ut</span> <span class='ocrx_word' id='word_1_229' title='bbox 1799 4048 1880 4114; x_wconf 92' lang='lat' dir='ltr'>de</span> <span class='ocrx_word' id='word_1_230' title='bbox 1939 4046 2332 4132; x_wconf 89' lang='lat' dir='ltr'>quibusdam</span> 
     </span>
     <span class='ocr_line' id='line_1_35' title="bbox 374 4133 2329 4231; baseline -0.007 -21"><span class='ocrx_word' id='word_1_231' title='bbox 374 4141 720 4231; x_wconf 80' lang='lat' dir='ltr'>religionis</span> <span class='ocrx_word' id='word_1_232' title='bbox 754 4137 1045 4206; x_wconf 77' lang='lat' dir='ltr'>articulis</span> <span class='ocrx_word' id='word_1_233' title='bbox 1088 4158 1236 4203; x_wconf 86' lang='lat' dir='ltr'>oum</span> <span class='ocrx_word' id='word_1_234' title='bbox 1285 4134 1542 4203; x_wconf 79' lang='lat' dir='ltr'>Calvino</span> <span class='ocrx_word' id='word_1_235' title='bbox 1583 4143 1651 4202; x_wconf 89' lang='lat' dir='ltr'>et</span> <span class='ocrx_word' id='word_1_236' title='bbox 1695 4133 1947 4200; x_wconf 74' lang='lat' dir='ltr'>Farozzo</span> <span class='ocrx_word' id='word_1_237' title='bbox 1988 4133 2329 4199; x_wconf 76' lang='lat' dir='ltr'>conferret.</span> 
     </span>
     <span class='ocr_line' id='line_1_36' title="bbox 377 4219 2330 4305; baseline -0.007 -10"><span class='ocrx_word' id='word_1_238' title='bbox 377 4226 679 4294; x_wconf 75' lang='lat' dir='ltr'>Tandem</span> <span class='ocrx_word' id='word_1_239' title='bbox 714 4226 869 4292; x_wconf 88' lang='lat' dir='ltr'>hino</span> <span class='ocrx_word' id='word_1_240' title='bbox 922 4224 1147 4290; x_wconf 91' lang='lat' dir='ltr'>abiens</span> <span class='ocrx_word' id='word_1_241' title='bbox 1201 4220 1431 4288; x_wconf 87' lang='lat' dir='ltr'>inoidit</span> <span class='ocrx_word' id='word_1_242' title='bbox 1486 4221 1557 4286; x_wconf 92' lang='lat' dir='ltr'>in</span> <span class='ocrx_word' id='word_1_243' title='bbox 1614 4220 1974 4305; x_wconf 87' lang='lat' dir='ltr'>praedones</span> <span class='ocrx_word' id='word_1_244' title='bbox 2025 4219 2138 4302; x_wconf 90' lang='lat' dir='ltr'>qui</span> <span class='ocrx_word' id='word_1_245' title='bbox 2178 4237 2330 4283; x_wconf 91' lang='lat' dir='ltr'>eum</span> 
     </span>
     <span class='ocr_line' id='line_1_37' title="bbox 374 4304 2332 4394; baseline -0.007 -14"><span class='ocrx_word' id='word_1_246' title='bbox 374 4314 618 4382; x_wconf 88' lang='lat' dir='ltr'>ablatis</span> <span class='ocrx_word' id='word_1_247' title='bbox 683 4311 991 4378; x_wconf 74' lang='lat' dir='ltr'>trecentis</span> <span class='ocrx_word' id='word_1_248' title='bbox 1045 4308 1282 4394; x_wconf 85' lang='lat' dir='ltr'>viginti</span> <span class='ocrx_word' id='word_1_249' title='bbox 1336 4307 1621 4390; x_wconf 89' lang='lat' dir='ltr'>quinque</span> <span class='ocrx_word' id='word_1_250' title='bbox 1681 4304 2006 4373; x_wconf 89' lang='lat' dir='ltr'>ooronatis</span> <span class='ocrx_word' id='word_1_251' title='bbox 2058 4324 2175 4388; x_wconf 86' lang='lat' dir='ltr'>pro</span> <span class='ocrx_word' id='word_1_252' title='bbox 2228 4324 2332 4368; x_wconf 91' lang='lat' dir='ltr'>re-</span> 
     </span>
     <span class='ocr_line' id='line_1_38' title="bbox 375 4388 2333 4484; baseline -0.008 -17"><span class='ocrx_word' id='word_1_253' title='bbox 375 4398 756 4484; x_wconf 89' lang='lat' dir='ltr'>demptione</span> <span class='ocrx_word' id='word_1_254' title='bbox 823 4395 1095 4462; x_wconf 78' lang='lat' dir='ltr'>totidem</span> <span class='ocrx_word' id='word_1_255' title='bbox 1154 4398 1451 4476; x_wconf 82' lang='lat' dir='ltr'>petentes</span> <span class='ocrx_word' id='word_1_256' title='bbox 1518 4391 1863 4458; x_wconf 87' lang='lat' dir='ltr'>Brisaoum</span> <span class='ocrx_word' id='word_1_257' title='bbox 1887 4388 1936 4476; x_wconf 91' lang='lat'>¹)</span> <span class='ocrx_word' id='word_1_258' title='bbox 2001 4389 2333 4455; x_wconf 81' lang='lat' dir='ltr'>duxerunt</span> 
     </span>
    </p>
   </div>
   <div class='ocr_carea' id='block_1_9' title="bbox 577 4556 792 4564">
    <p class='ocr_par' dir='ltr' id='par_1_9' title="bbox 577 4556 792 4564">
     <span class='ocr_line' id='line_1_39' title="bbox 577 4556 792 4564; baseline 0 1603"><span class='ocrx_word' id='word_1_259' title='bbox 577 4556 792 4564; x_wconf 95' lang='lat' dir='ltr'> </span> 
     </span>
    </p>
   </div>
   <div class='ocr_carea' id='block_1_10' title="bbox 371 4627 2332 5253">
    <p class='ocr_par' dir='ltr' id='par_1_10' title="bbox 371 4627 2332 5253">
     <span class='ocr_line' id='line_1_40' title="bbox 589 4627 2331 4703; baseline -0.007 -11"><span class='ocrx_word' id='word_1_260' title='bbox 589 4637 650 4703; x_wconf 83' lang='lat'>3)</span> <span class='ocrx_word' id='word_1_261' title='bbox 692 4635 949 4691; x_wconf 66' lang='lat' dir='ltr'>Fanum</span> <span class='ocrx_word' id='word_1_262' title='bbox 982 4640 1152 4689; x_wconf 71' lang='lat' dir='ltr'>totum</span> <span class='ocrx_word' id='word_1_263' title='bbox 1196 4648 1420 4701; x_wconf 67' lang='lat' dir='ltr'>amm,</span> <span class='ocrx_word' id='word_1_264' title='bbox 1462 4630 1723 4687; x_wconf 69' lang='lat' dir='ltr'>Calvinus</span> <span class='ocrx_word' id='word_1_265' title='bbox 1768 4628 1906 4684; x_wconf 73' lang='lat' dir='ltr'>duos</span> <span class='ocrx_word' id='word_1_266' title='bbox 1953 4642 2158 4681; x_wconf 67' lang='lat' dir='ltr'>menses</span> <span class='ocrx_word' id='word_1_267' title='bbox 2203 4627 2331 4681; x_wconf 70' lang='lat' dir='ltr'>huie</span> 
     </span>
     <span class='ocr_line' id='line_1_41' title="bbox 379 4696 2332 4775; baseline -0.007 -13"><span class='ocrx_word' id='word_1_268' title='bbox 379 4708 629 4762; x_wconf 58' lang='grc' dir='ltr'>Μάσκα·</span> <span class='ocrx_word' id='word_1_269' title='bbox 653 4706 866 4775; x_wconf 60' lang='lat' dir='ltr'>”eposio</span> <span class='ocrx_word' id='word_1_270' title='bbox 892 4703 1246 4771; x_wconf 62' lang='lat' dir='ltr'>&amp;sponderat</span> <span class='ocrx_word' id='word_1_271' title='bbox 1304 4701 1515 4756; x_wconf 75' lang='lat' dir='ltr'>Farelli</span> <span class='ocrx_word' id='word_1_272' title='bbox 1540 4698 1820 4763; x_wconf 63' lang='lat' dir='ltr'>indefessa</span> <span class='ocrx_word' id='word_1_273' title='bbox 1845 4696 2035 4752; x_wconf 65' lang='lat' dir='ltr'>stadia</span> <span class='ocrx_word' id='word_1_274' title='bbox 2069 4696 2138 4748; x_wconf 78' lang='lat' dir='ltr'>de</span> <span class='ocrx_word' id='word_1_275' title='bbox 2169 4710 2332 4749; x_wconf 71' lang='lat' dir='ltr'>evan·</span> 
     </span>
     <span class='ocr_line' id='line_1_42' title="bbox 412 4767 2325 4846; baseline -0.008 -15"><span class='ocrx_word' id='word_1_276' title='bbox 412 4778 523 4832; x_wconf 69' lang='lat' dir='ltr'>elio</span> <span class='ocrx_word' id='word_1_277' title='bbox 550 4772 921 4845; x_wconf 62' lang='lat' dir='ltr'>propagando</span> <span class='ocrx_word' id='word_1_278' title='bbox 953 4779 1175 4827; x_wconf 71' lang='lat' dir='ltr'>senatus</span> <span class='ocrx_word' id='word_1_279' title='bbox 1214 4770 1543 4827; x_wconf 61' lang='lat' dir='ltr'>omanus</span> <span class='ocrx_word' id='word_1_280' title='bbox 1575 4768 1769 4823; x_wconf 70' lang='lat' dir='ltr'>collato</span> <span class='ocrx_word' id='word_1_281' title='bbox 1801 4767 2325 4846; x_wconf 38' lang='lat' dir='ltr'>munere-pensavitg</span> 
     </span>
     <span class='ocr_line' id='line_1_43' title="bbox 439 4833 2329 4900; baseline -0.008 0"><span class='ocrx_word' id='word_1_282' title='bbox 439 4886 453 4900; x_wconf 94' lang='lat'>.</span> <span class='ocrx_word' id='word_1_283' title='bbox 489 4845 655 4899; x_wconf 83' lang='lat' dir='ltr'>Farel</span> <span class='ocrx_word' id='word_1_284' title='bbox 689 4849 870 4897; x_wconf 82' lang='lat' dir='ltr'>estant</span> <span class='ocrx_word' id='word_1_285' title='bbox 903 4857 1046 4895; x_wconf 77' lang='lat' dir='ltr'>vena</span> <span class='ocrx_word' id='word_1_286' title='bbox 1080 4856 1149 4895; x_wconf 89' lang='lat' dir='ltr'>en</span> <span class='ocrx_word' id='word_1_287' title='bbox 1184 4841 1312 4894; x_wconf 87' lang='lat' dir='ltr'>ville</span> <span class='ocrx_word' id='word_1_288' title='bbox 1345 4854 1477 4893; x_wconf 83' lang='lat' dir='ltr'>aveo</span> <span class='ocrx_word' id='word_1_289' title='bbox 1509 4838 1578 4891; x_wconf 87' lang='lat' dir='ltr'>de</span> <span class='ocrx_word' id='word_1_290' title='bbox 1599 4835 1880 4889; x_wconf 78' lang='lat' dir='ltr'>meohants</span> <span class='ocrx_word' id='word_1_291' title='bbox 1913 4834 2110 4900; x_wconf 72' lang='lat' dir='ltr'>habits,</span> <span class='ocrx_word' id='word_1_292' title='bbox 2145 4849 2216 4886; x_wconf 92' lang='lat' dir='ltr'>on</span> <span class='ocrx_word' id='word_1_293' title='bbox 2251 4833 2329 4885; x_wconf 84' lang='lat' dir='ltr'>lm</span> 
     </span>
     <span class='ocr_line' id='line_1_44' title="bbox 373 4902 2327 4976; baseline -0.008 -7"><span class='ocrx_word' id='word_1_294' title='bbox 373 4930 446 4969; x_wconf 85' lang='lat' dir='ltr'>en</span> <span class='ocrx_word' id='word_1_295' title='bbox 481 4915 588 4967; x_wconf 78' lang='lat' dir='ltr'>fait</span> <span class='ocrx_word' id='word_1_296' title='bbox 620 4912 830 4967; x_wconf 87' lang='lat' dir='ltr'>donner</span> <span class='ocrx_word' id='word_1_297' title='bbox 863 4910 932 4964; x_wconf 88' lang='lat' dir='ltr'>de</span> <span class='ocrx_word' id='word_1_298' title='bbox 968 4909 1120 4963; x_wconf 82' lang='lat' dir='ltr'>neufs</span> <span class='ocrx_word' id='word_1_299' title='bbox 1154 4908 1418 4976; x_wconf 70' lang='lat' dir='ltr'>(Grenas,</span> <span class='ocrx_word' id='word_1_300' title='bbox 1471 4906 1839 4975; x_wconf 63' lang='lat' dir='ltr'>naqa-enta).</span> <span class='ocrx_word' id='word_1_301' title='bbox 1911 4902 2166 4957; x_wconf 75' lang='lat' dir='ltr'>Farellas</span> <span class='ocrx_word' id='word_1_302' title='bbox 2211 4915 2327 4969; x_wconf 78' lang='lat' dir='ltr'>sep·</span> 
     </span>
     <span class='ocr_line' id='line_1_45' title="bbox 374 4970 2330 5053; baseline -0.008 -15"><span class='ocrx_word' id='word_1_303' title='bbox 374 4980 1145 5053; x_wconf 60' lang='lat' dir='ltr'>tuaqmriomaionmeuse</span> <span class='ocrx_word' id='word_1_304' title='bbox 1182 4977 1405 5032; x_wconf 73' lang='lat' dir='ltr'>Maiol</span> <span class='ocrx_word' id='word_1_305' title='bbox 1525 5018 1540 5044; x_wconf 89' lang='lat'>‚</span> <span class='ocrx_word' id='word_1_306' title='bbox 1582 4986 1781 5029; x_wconf 72' lang='lat' dir='ltr'>narsus</span> <span class='ocrx_word' id='word_1_307' title='bbox 1828 4970 2330 5039; x_wconf 67' lang='lat' dir='ltr'>Metimprofeetus</span> 
     </span>
     <span class='ocr_line' id='line_1_46' title="bbox 372 5040 2328 5120; baseline -0.007 -13"><span class='ocrx_word' id='word_1_308' title='bbox 372 5057 475 5120; x_wconf 74' lang='lat' dir='ltr'>est,</span> <span class='ocrx_word' id='word_1_309' title='bbox 506 5056 796 5120; x_wconf 70' lang='lat' dir='ltr'>postquam</span> <span class='ocrx_word' id='word_1_310' title='bbox 831 5048 1070 5102; x_wconf 70' lang='lat' dir='ltr'>triennio</span> <span class='ocrx_word' id='word_1_311' title='bbox 1103 5051 1267 5101; x_wconf 75' lang='lat' dir='ltr'>antea</span> <span class='ocrx_word' id='word_1_312' title='bbox 1308 5050 1668 5114; x_wconf 64' lang='lat' dir='ltr'>protestantes</span> <span class='ocrx_word' id='word_1_313' title='bbox 1709 5042 1790 5096; x_wconf 74' lang='grc' dir='ltr'>ῶι·</span> <span class='ocrx_word' id='word_1_314' title='bbox 1833 5040 2084 5107; x_wconf 68' lang='lat' dir='ltr'>templum</span> <span class='ocrx_word' id='word_1_315' title='bbox 2119 5045 2168 5093; x_wconf 79' lang='lat' dir='ltr'>et</span> <span class='ocrx_word' id='word_1_316' title='bbox 2203 5054 2328 5095; x_wconf 78' lang='lat' dir='ltr'>eon·</span> 
     </span>
     <span class='ocr_line' id='line_1_47' title="bbox 371 5117 1096 5253; baseline 0.003 -5"><span class='ocrx_word' id='word_1_317' title='bbox 371 5122 715 5253; x_wconf 57' lang='lat' dir='ltr'>‘wlff‘</span> <span class='ocrx_word' id='word_1_318' title='bbox 850 5117 861 5130; x_wconf 87' lang='lat'><strong>·</strong></span> <span class='ocrx_word' id='word_1_319' title='bbox 1072 5122 1096 5170; x_wconf 60' lang='lat'><strong><em>³</em></strong></span> 
     </span>
    </p>
   </div>
   <div class='ocr_carea' id='block_1_11' title="bbox 373 5262 615 5339">
    <p class='ocr_par' dir='ltr' id='par_1_11' title="bbox 373 5262 615 5339">
     <span class='ocr_line' id='line_1_48' title="bbox 373 5262 615 5339; baseline -0.004 -27"><span class='ocrx_word' id='word_1_320' title='bbox 373 5262 481 5330; x_wconf 71' lang='lat' dir='ltr'>que·</span> <span class='ocrx_word' id='word_1_321' title='bbox 602 5327 615 5339; x_wconf 37' lang='grc' dir='ltr'><strong><em>ο</em></strong></span> 
     </span>
    </p>
   </div>
   <div class='ocr_carea' id='block_1_12' title="bbox 819 5131 2331 5319">
    <p class='ocr_par' dir='ltr' id='par_1_12' title="bbox 819 5131 2331 5319">
     <span class='ocr_line' id='line_1_49' title="bbox 989 5131 2331 5237; baseline -0.006 0"><span class='ocrx_word' id='word_1_322' title='bbox 989 5131 1070 5197; x_wconf 57' lang='grc' dir='ltr'>’Μ</span> <span class='ocrx_word' id='word_1_323' title='bbox 1095 5156 1107 5168; x_wconf 53' lang='grc'><strong><em>’</em></strong></span> <span class='ocrx_word' id='word_1_324' title='bbox 1161 5182 1262 5237; x_wconf 78' lang='lat' dir='ltr'>sub</span> <span class='ocrx_word' id='word_1_325' title='bbox 1295 5180 1502 5235; x_wconf 69' lang='lat' dir='ltr'>ditione</span> <span class='ocrx_word' id='word_1_326' title='bbox 1535 5179 1889 5235; x_wconf 64' lang='lat' dir='ltr'>archiduce-um</span> <span class='ocrx_word' id='word_1_327' title='bbox 1919 5177 2180 5230; x_wconf 67' lang='lat' dir='ltr'>Aucto-iae</span> <span class='ocrx_word' id='word_1_328' title='bbox 2212 5182 2331 5230; x_wconf 76' lang='lat' dir='ltr'>erat</span> 
     </span>
     <span class='ocr_line' id='line_1_50' title="bbox 819 5245 2331 5319; baseline -0.007 -10"><span class='ocrx_word' id='word_1_329' title='bbox 819 5254 852 5267; x_wconf 72' lang='lat'>‘⁸</span> <span class='ocrx_word' id='word_1_330' title='bbox 881 5269 942 5308; x_wconf 76' lang='lat' dir='ltr'>m</span> <span class='ocrx_word' id='word_1_331' title='bbox 978 5251 1190 5306; x_wconf 72' lang='lat' dir='ltr'>Abatia</span> <span class='ocrx_word' id='word_1_332' title='bbox 1226 5251 1503 5319; x_wconf 69' lang='lat' dir='ltr'>super-&#39;ore</span> <span class='ocrx_word' id='word_1_333' title='bbox 1534 5264 1691 5303; x_wconf 71' lang='lat' dir='ltr'>saum</span> <span class='ocrx_word' id='word_1_334' title='bbox 1725 5245 2331 5313; x_wconf 67' lang='lat' dir='ltr'>habebmprovinciae</span> 
     </span>
    </p>
   </div>
   <div class='ocr_carea' id='block_1_13' title="bbox 2076 408 2670 477">
    <p class='ocr_par' dir='ltr' id='par_1_13' title="bbox 2076 408 2670 477">
     <span class='ocr_line' id='line_1_51' title="bbox 2076 408 2670 477; baseline 0.007 -4"><span class='ocrx_word' id='word_1_335' title='bbox 2076 413 2238 474; x_wconf 82' lang='lat'>1543</span> <span class='ocrx_word' id='word_1_336' title='bbox 2273 408 2670 477; x_wconf 75' lang='lat' dir='ltr'>AUGUS&#39;P.</span> 
     </span>
    </p>
   </div>
   <div class='ocr_carea' id='block_1_14' title="bbox 2372 616 2398 5369">
    <p class='ocr_par' dir='ltr' id='par_1_14' title="bbox 2372 616 2398 5369">
     <span class='ocr_line' id='line_1_52' title="bbox 2372 616 2398 5369; baseline 0 0"><span class='ocrx_word' id='word_1_337' title='bbox 2372 616 2398 5369; x_wconf 95' lang='lat' dir='ltr'> </span> 
     </span>
    </p>
   </div>
   <div class='ocr_carea' id='block_1_15' title="bbox 4260 416 4386 478">
    <p class='ocr_par' dir='ltr' id='par_1_15' title="bbox 4260 416 4386 478">
     <span class='ocr_line' id='line_1_53' title="bbox 4260 416 4386 478; baseline 0.032 -3"><span class='ocrx_word' id='word_1_338' title='bbox 4260 416 4386 478; x_wconf 89' lang='grc'>606</span> 
     </span>
    </p>
   </div>
   <div class='ocr_carea' id='block_1_16' title="bbox 2434 594 4390 3165">
    <p class='ocr_par' dir='ltr' id='par_1_16' title="bbox 2434 594 4390 3165">
     <span class='ocr_line' id='line_1_54' title="bbox 2437 594 4390 684; baseline 0.004 -23"><span class='ocrx_word' id='word_1_339' title='bbox 2437 594 2551 662; x_wconf 91' lang='lat' dir='ltr'>ubi</span> <span class='ocrx_word' id='word_1_340' title='bbox 2593 595 2808 664; x_wconf 86' lang='lat' dir='ltr'>adhue</span> <span class='ocrx_word' id='word_1_341' title='bbox 2841 597 2911 662; x_wconf 90' lang='lat' dir='ltr'>in</span> <span class='ocrx_word' id='word_1_342' title='bbox 2954 598 3238 665; x_wconf 80' lang='lat' dir='ltr'>vinoulis</span> <span class='ocrx_word' id='word_1_343' title='bbox 3283 598 3627 665; x_wconf 86' lang='lat' dir='ltr'>detinetur.</span> <span class='ocrx_word' id='word_1_344' title='bbox 3714 598 3857 664; x_wconf 86' lang='lat' dir='ltr'>Iam</span> <span class='ocrx_word' id='word_1_345' title='bbox 3902 598 4216 682; x_wconf 61' lang='lat' dir='ltr'>Fan-enum,</span> <span class='ocrx_word' id='word_1_346' title='bbox 4258 622 4390 684; x_wconf 88' lang='lat' dir='ltr'>qua</span> 
     </span>
     <span class='ocr_line' id='line_1_55' title="bbox 2438 683 4387 767; baseline 0.003 -19"><span class='ocrx_word' id='word_1_347' title='bbox 2438 691 2547 748; x_wconf 89' lang='lat' dir='ltr'>est</span> <span class='ocrx_word' id='word_1_348' title='bbox 2583 702 2742 767; x_wconf 87' lang='lat' dir='ltr'>erga</span> <span class='ocrx_word' id='word_1_349' title='bbox 2790 685 2931 767; x_wconf 91' lang='lat' dir='ltr'>pios</span> <span class='ocrx_word' id='word_1_350' title='bbox 2989 705 3216 750; x_wconf 90' lang='lat' dir='ltr'>omues</span> <span class='ocrx_word' id='word_1_351' title='bbox 3272 683 3738 764; x_wconf 86' lang='lat' dir='ltr'>sollieitudine,</span> <span class='ocrx_word' id='word_1_352' title='bbox 3797 705 3943 750; x_wconf 83' lang='lat' dir='ltr'>eam</span> <span class='ocrx_word' id='word_1_353' title='bbox 3999 706 4138 750; x_wconf 91' lang='lat' dir='ltr'>rem</span> <span class='ocrx_word' id='word_1_354' title='bbox 4197 686 4387 754; x_wconf 89' lang='lat' dir='ltr'>nobis</span> 
     </span>
     <span class='ocr_line' id='line_1_56' title="bbox 2436 767 4384 855; baseline 0.002 -22"><span class='ocrx_word' id='word_1_355' title='bbox 2436 767 2753 836; x_wconf 81' lang='lat' dir='ltr'>indieavit</span> <span class='ocrx_word' id='word_1_356' title='bbox 2766 773 2824 847; x_wconf 76' lang='lat'>²)</span> <span class='ocrx_word' id='word_1_357' title='bbox 2870 791 2945 835; x_wconf 88' lang='lat' dir='ltr'>ae</span> <span class='ocrx_word' id='word_1_358' title='bbox 2989 767 3338 855; x_wconf 89' lang='lat' dir='ltr'>diligenter</span> <span class='ocrx_word' id='word_1_359' title='bbox 3377 771 3641 855; x_wconf 82' lang='lat' dir='ltr'>rogavit</span> <span class='ocrx_word' id='word_1_360' title='bbox 3683 780 3759 835; x_wconf 90' lang='lat' dir='ltr'>ut</span> <span class='ocrx_word' id='word_1_361' title='bbox 3791 791 3911 854; x_wconf 92' lang='lat' dir='ltr'>pro</span> <span class='ocrx_word' id='word_1_362' title='bbox 3944 779 4176 836; x_wconf 84' lang='lat' dir='ltr'>nostra</span> <span class='ocrx_word' id='word_1_363' title='bbox 4209 772 4384 837; x_wconf 82' lang='lat' dir='ltr'>virili</span> 
     </span>
     <span class='ocr_line' id='line_1_57' title="bbox 2438 856 4385 940; baseline 0.002 -22"><span class='ocrx_word' id='word_1_364' title='bbox 2438 863 2845 920; x_wconf 78' lang='lat' dir='ltr'>tentaremus</span> <span class='ocrx_word' id='word_1_365' title='bbox 2899 856 2957 922; x_wconf 92' lang='lat' dir='ltr'>si</span> <span class='ocrx_word' id='word_1_366' title='bbox 3011 876 3140 938; x_wconf 92' lang='lat' dir='ltr'>qua</span> <span class='ocrx_word' id='word_1_367' title='bbox 3189 876 3525 938; x_wconf 91' lang='lat' dir='ltr'>possemus</span> <span class='ocrx_word' id='word_1_368' title='bbox 3582 856 3832 921; x_wconf 90' lang='lat' dir='ltr'>ratione</span> <span class='ocrx_word' id='word_1_369' title='bbox 3886 867 4021 921; x_wconf 82' lang='lat' dir='ltr'>tam</span> <span class='ocrx_word' id='word_1_370' title='bbox 4063 858 4245 940; x_wconf 89' lang='lat' dir='ltr'>pium</span> <span class='ocrx_word' id='word_1_371' title='bbox 4289 859 4385 921; x_wconf 84' lang='lat' dir='ltr'>vi-</span> 
     </span>
     <span class='ocr_line' id='line_1_58' title="bbox 2439 939 4384 1023; baseline 0.002 -18"><span class='ocrx_word' id='word_1_372' title='bbox 2439 961 2589 1005; x_wconf 87' lang='lat' dir='ltr'>rum</span> <span class='ocrx_word' id='word_1_373' title='bbox 2646 939 2944 1006; x_wconf 88' lang='lat' dir='ltr'>liberare.</span> <span class='ocrx_word' id='word_1_374' title='bbox 3030 939 3257 1023; x_wconf 77' lang='lat' dir='ltr'>Quum</span> <span class='ocrx_word' id='word_1_375' title='bbox 3313 948 3534 1007; x_wconf 89' lang='lat' dir='ltr'>autem</span> <span class='ocrx_word' id='word_1_376' title='bbox 3589 941 3882 1007; x_wconf 88' lang='lat' dir='ltr'>fortassis</span> <span class='ocrx_word' id='word_1_377' title='bbox 3940 942 4139 1007; x_wconf 86' lang='lat' dir='ltr'>etiam</span> <span class='ocrx_word' id='word_1_378' title='bbox 4198 941 4384 1009; x_wconf 81' lang='lat' dir='ltr'>vobis</span> 
     </span>
     <span class='ocr_line' id='line_1_59' title="bbox 2439 1024 4385 1111; baseline 0.002 -20"><span class='ocrx_word' id='word_1_379' title='bbox 2439 1024 2528 1091; x_wconf 86' lang='lat' dir='ltr'>sit</span> <span class='ocrx_word' id='word_1_380' title='bbox 2569 1035 2792 1103; x_wconf 90' lang='lat' dir='ltr'>notus,</span> <span class='ocrx_word' id='word_1_381' title='bbox 2852 1036 2989 1091; x_wconf 91' lang='lat' dir='ltr'>tam</span> <span class='ocrx_word' id='word_1_382' title='bbox 3033 1048 3115 1091; x_wconf 82' lang='lat' dir='ltr'>ex</span> <span class='ocrx_word' id='word_1_383' title='bbox 3165 1027 3418 1093; x_wconf 74' lang='lat' dir='ltr'>calvini</span> <span class='ocrx_word' id='word_1_384' title='bbox 3459 1025 4020 1092; x_wconf 90' lang='lat' dir='ltr'>oommendatione</span> <span class='ocrx_word' id='word_1_385' title='bbox 4062 1048 4258 1111; x_wconf 94' lang='lat' dir='ltr'>quam</span> <span class='ocrx_word' id='word_1_386' title='bbox 4300 1049 4385 1095; x_wconf 85' lang='lat' dir='ltr'>ex</span> 
     </span>
     <span class='ocr_line' id='line_1_60' title="bbox 2439 1108 4385 1195; baseline 0.002 -20"><span class='ocrx_word' id='word_1_387' title='bbox 2439 1108 2691 1195; x_wconf 86' lang='lat' dir='ltr'>aliquot</span> <span class='ocrx_word' id='word_1_388' title='bbox 2743 1110 2996 1177; x_wconf 88' lang='lat' dir='ltr'>dierum</span> <span class='ocrx_word' id='word_1_389' title='bbox 3056 1114 3549 1179; x_wconf 84' lang='lat' dir='ltr'>eonversatione</span> <span class='ocrx_word' id='word_1_390' title='bbox 3613 1110 3947 1191; x_wconf 85' lang='lat' dir='ltr'>(audimus</span> <span class='ocrx_word' id='word_1_391' title='bbox 4002 1113 4179 1178; x_wconf 91' lang='lat' dir='ltr'>enim</span> <span class='ocrx_word' id='word_1_392' title='bbox 4232 1134 4385 1179; x_wconf 90' lang='lat' dir='ltr'>eum</span> 
     </span>
     <span class='ocr_line' id='line_1_61' title="bbox 2438 1194 4385 1285; baseline 0.003 -24"><span class='ocrx_word' id='word_1_393' title='bbox 2438 1194 2841 1285; x_wconf 80' lang='lat' dir='ltr'>aliquamdiu</span> <span class='ocrx_word' id='word_1_394' title='bbox 2883 1197 3057 1281; x_wconf 91' lang='lat' dir='ltr'>apud</span> <span class='ocrx_word' id='word_1_395' title='bbox 3097 1218 3220 1263; x_wconf 83' lang='lat' dir='ltr'>vos</span> <span class='ocrx_word' id='word_1_396' title='bbox 3264 1199 3466 1263; x_wconf 82' lang='lat' dir='ltr'>vitam</span> <span class='ocrx_word' id='word_1_397' title='bbox 3509 1198 3825 1282; x_wconf 85' lang='lat' dir='ltr'>degisse),</span> <span class='ocrx_word' id='word_1_398' title='bbox 3879 1219 4009 1263; x_wconf 92' lang='lat' dir='ltr'>non</span> <span class='ocrx_word' id='word_1_399' title='bbox 4053 1198 4385 1281; x_wconf 90' lang='lat' dir='ltr'>potuimus</span> 
     </span>
     <span class='ocr_line' id='line_1_62' title="bbox 2436 1281 4383 1363; baseline 0.003 -18"><span class='ocrx_word' id='word_1_400' title='bbox 2436 1303 2615 1348; x_wconf 86' lang='lat' dir='ltr'>nuno</span> <span class='ocrx_word' id='word_1_401' title='bbox 2657 1281 2996 1348; x_wconf 91' lang='lat' dir='ltr'>meliorem</span> <span class='ocrx_word' id='word_1_402' title='bbox 3036 1284 3358 1350; x_wconf 89' lang='lat' dir='ltr'>rationem</span> <span class='ocrx_word' id='word_1_403' title='bbox 3414 1282 3776 1349; x_wconf 90' lang='lat' dir='ltr'>redimendi</span> <span class='ocrx_word' id='word_1_404' title='bbox 3829 1283 4007 1349; x_wconf 90' lang='lat' dir='ltr'>illius</span> <span class='ocrx_word' id='word_1_405' title='bbox 4063 1284 4383 1363; x_wconf 85' lang='lat' dir='ltr'>invenire,</span> 
     </span>
     <span class='ocr_line' id='line_1_63' title="bbox 2438 1367 4386 1451; baseline 0.002 -19"><span class='ocrx_word' id='word_1_406' title='bbox 2438 1387 2637 1451; x_wconf 89' lang='lat' dir='ltr'>quam</span> <span class='ocrx_word' id='word_1_407' title='bbox 2680 1375 2757 1433; x_wconf 89' lang='lat' dir='ltr'>ut</span> <span class='ocrx_word' id='word_1_408' title='bbox 2797 1367 2979 1435; x_wconf 86' lang='lat' dir='ltr'>vobis</span> <span class='ocrx_word' id='word_1_409' title='bbox 3020 1368 3335 1435; x_wconf 82' lang='lat' dir='ltr'>fratribus</span> <span class='ocrx_word' id='word_1_410' title='bbox 3378 1370 3623 1434; x_wconf 89' lang='lat' dir='ltr'>nostris</span> <span class='ocrx_word' id='word_1_411' title='bbox 3666 1368 4113 1435; x_wconf 75' lang='lat' dir='ltr'>scriberemus.</span> <span class='ocrx_word' id='word_1_412' title='bbox 4202 1370 4386 1435; x_wconf 90' lang='lat' dir='ltr'>Peti-</span> 
     </span>
     <span class='ocr_line' id='line_1_64' title="bbox 2437 1453 4385 1538; baseline 0.002 -20"><span class='ocrx_word' id='word_1_413' title='bbox 2437 1472 2586 1519; x_wconf 90' lang='lat' dir='ltr'>mus</span> <span class='ocrx_word' id='word_1_414' title='bbox 2628 1454 2833 1538; x_wconf 88' lang='lat' dir='ltr'>igitur</span> <span class='ocrx_word' id='word_1_415' title='bbox 2874 1474 2914 1518; x_wconf 90' lang='lat' dir='ltr'>a</span> <span class='ocrx_word' id='word_1_416' title='bbox 2956 1455 3146 1521; x_wconf 79' lang='lat' dir='ltr'>vobis</span> <span class='ocrx_word' id='word_1_417' title='bbox 3190 1462 3264 1520; x_wconf 90' lang='lat' dir='ltr'>ut</span> <span class='ocrx_word' id='word_1_418' title='bbox 3303 1461 3569 1538; x_wconf 90' lang='lat' dir='ltr'>propter</span> <span class='ocrx_word' id='word_1_419' title='bbox 3586 1453 3810 1520; x_wconf 90' lang='lat' dir='ltr'>Iesum</span> <span class='ocrx_word' id='word_1_420' title='bbox 3833 1454 4175 1520; x_wconf 82' lang='lat' dir='ltr'>Christum</span> <span class='ocrx_word' id='word_1_421' title='bbox 4211 1454 4385 1538; x_wconf 90' lang='lat' dir='ltr'>apud</span> 
     </span>
     <span class='ocr_line' id='line_1_65' title="bbox 2439 1538 4386 1624; baseline 0.001 -19"><span class='ocrx_word' id='word_1_422' title='bbox 2439 1547 2733 1605; x_wconf 85' lang='lat' dir='ltr'>vestrum</span> <span class='ocrx_word' id='word_1_423' title='bbox 2764 1547 3085 1620; x_wconf 88' lang='lat' dir='ltr'>senatum,</span> <span class='ocrx_word' id='word_1_424' title='bbox 3130 1562 3261 1624; x_wconf 90' lang='lat' dir='ltr'>qua</span> <span class='ocrx_word' id='word_1_425' title='bbox 3293 1539 3566 1623; x_wconf 89' lang='lat' dir='ltr'>potestis</span> <span class='ocrx_word' id='word_1_426' title='bbox 3610 1538 3951 1624; x_wconf 89' lang='lat' dir='ltr'>diligentia</span> <span class='ocrx_word' id='word_1_427' title='bbox 3991 1540 4218 1624; x_wconf 86' lang='lat' dir='ltr'>agatis,</span> <span class='ocrx_word' id='word_1_428' title='bbox 4258 1561 4386 1624; x_wconf 92' lang='lat' dir='ltr'>quo</span> 
     </span>
     <span class='ocr_line' id='line_1_66' title="bbox 2435 1622 4388 1709; baseline 0.003 -22"><span class='ocrx_word' id='word_1_429' title='bbox 2435 1622 2617 1688; x_wconf 89' lang='lat' dir='ltr'>illius</span> <span class='ocrx_word' id='word_1_430' title='bbox 2654 1622 2810 1689; x_wconf 92' lang='lat' dir='ltr'>boni</span> <span class='ocrx_word' id='word_1_431' title='bbox 2854 1627 2982 1691; x_wconf 83' lang='lat' dir='ltr'>viri</span> <span class='ocrx_word' id='word_1_432' title='bbox 3026 1628 3291 1691; x_wconf 90' lang='lat' dir='ltr'>nomine</span> <span class='ocrx_word' id='word_1_433' title='bbox 3333 1625 3639 1709; x_wconf 89' lang='lat' dir='ltr'>dignetur</span> <span class='ocrx_word' id='word_1_434' title='bbox 3680 1624 4178 1692; x_wconf 85' lang='lat' dir='ltr'>Brisaeensibus</span> <span class='ocrx_word' id='word_1_435' title='bbox 4226 1627 4388 1692; x_wconf 87' lang='lat' dir='ltr'>seri-</span> 
     </span>
     <span class='ocr_line' id='line_1_67' title="bbox 2436 1709 4387 1794; baseline 0.002 -21"><span class='ocrx_word' id='word_1_436' title='bbox 2436 1709 2608 1788; x_wconf 88' lang='lat' dir='ltr'>bere,</span> <span class='ocrx_word' id='word_1_437' title='bbox 2653 1717 2732 1774; x_wconf 90' lang='lat' dir='ltr'>ut</span> <span class='ocrx_word' id='word_1_438' title='bbox 2771 1731 2925 1776; x_wconf 91' lang='lat' dir='ltr'>eum</span> <span class='ocrx_word' id='word_1_439' title='bbox 2968 1711 3246 1777; x_wconf 88' lang='lat' dir='ltr'>liberum</span> <span class='ocrx_word' id='word_1_440' title='bbox 3289 1711 3592 1777; x_wconf 88' lang='lat' dir='ltr'>restituta</span> <span class='ocrx_word' id='word_1_441' title='bbox 3634 1711 3811 1775; x_wconf 91' lang='lat' dir='ltr'>omni</span> <span class='ocrx_word' id='word_1_442' title='bbox 3845 1712 4122 1794; x_wconf 88' lang='lat' dir='ltr'>peounia</span> <span class='ocrx_word' id='word_1_443' title='bbox 4162 1710 4387 1777; x_wconf 86' lang='lat' dir='ltr'>dimit-</span> 
     </span>
     <span class='ocr_line' id='line_1_68' title="bbox 2435 1796 4384 1865; baseline 0.002 -6"><span class='ocrx_word' id='word_1_444' title='bbox 2435 1803 2584 1859; x_wconf 86' lang='lat' dir='ltr'>tant</span> <span class='ocrx_word' id='word_1_445' title='bbox 2626 1804 2742 1861; x_wconf 84' lang='lat' dir='ltr'>aut</span> <span class='ocrx_word' id='word_1_446' title='bbox 2783 1796 2916 1861; x_wconf 83' lang='lat' dir='ltr'>iuri</span> <span class='ocrx_word' id='word_1_447' title='bbox 2958 1798 3213 1863; x_wconf 84' lang='lat' dir='ltr'>sistant.</span> <span class='ocrx_word' id='word_1_448' title='bbox 3280 1796 3549 1862; x_wconf 87' lang='lat' dir='ltr'>Nullam</span> <span class='ocrx_word' id='word_1_449' title='bbox 3592 1797 3770 1862; x_wconf 91' lang='lat' dir='ltr'>enim</span> <span class='ocrx_word' id='word_1_450' title='bbox 3810 1796 3885 1861; x_wconf 88' lang='lat' dir='ltr'>in</span> <span class='ocrx_word' id='word_1_451' title='bbox 3926 1816 4077 1862; x_wconf 91' lang='lat' dir='ltr'>eum</span> <span class='ocrx_word' id='word_1_452' title='bbox 4119 1817 4384 1865; x_wconf 83' lang='lat' dir='ltr'>oausam</span> 
     </span>
     <span class='ocr_line' id='line_1_69' title="bbox 2436 1879 4385 1961; baseline 0.003 -16"><span class='ocrx_word' id='word_1_453' title='bbox 2436 1879 2685 1947; x_wconf 84' lang='lat' dir='ltr'>habent</span> <span class='ocrx_word' id='word_1_454' title='bbox 2723 1882 2995 1961; x_wconf 86' lang='lat' dir='ltr'>iustam,</span> <span class='ocrx_word' id='word_1_455' title='bbox 3049 1902 3168 1949; x_wconf 87' lang='lat' dir='ltr'>our</span> <span class='ocrx_word' id='word_1_456' title='bbox 3209 1902 3362 1947; x_wconf 91' lang='lat' dir='ltr'>eum</span> <span class='ocrx_word' id='word_1_457' title='bbox 3407 1881 3594 1948; x_wconf 90' lang='lat' dir='ltr'>bonis</span> <span class='ocrx_word' id='word_1_458' title='bbox 3635 1883 3771 1948; x_wconf 88' lang='lat' dir='ltr'>suis</span> <span class='ocrx_word' id='word_1_459' title='bbox 3813 1892 4087 1947; x_wconf 84' lang='lat' dir='ltr'>exutum</span> <span class='ocrx_word' id='word_1_460' title='bbox 4138 1882 4385 1950; x_wconf 90' lang='lat' dir='ltr'>diutius</span> 
     </span>
     <span class='ocr_line' id='line_1_70' title="bbox 2436 1966 4387 2052; baseline 0.004 -23"><span class='ocrx_word' id='word_1_461' title='bbox 2436 1966 2507 2029; x_wconf 92' lang='lat' dir='ltr'>in</span> <span class='ocrx_word' id='word_1_462' title='bbox 2553 1966 2829 2033; x_wconf 85' lang='lat' dir='ltr'>vinoulis</span> <span class='ocrx_word' id='word_1_463' title='bbox 2875 1967 3240 2047; x_wconf 87' lang='lat' dir='ltr'>detineant,</span> <span class='ocrx_word' id='word_1_464' title='bbox 3296 1967 3428 2032; x_wconf 93' lang='lat' dir='ltr'>nisi</span> <span class='ocrx_word' id='word_1_465' title='bbox 3471 1966 3677 2033; x_wconf 86' lang='lat' dir='ltr'>velint</span> <span class='ocrx_word' id='word_1_466' title='bbox 3719 1966 3841 2034; x_wconf 91' lang='lat' dir='ltr'>hoo</span> <span class='ocrx_word' id='word_1_467' title='bbox 3884 1967 4169 2052; x_wconf 88' lang='lat' dir='ltr'>allegare</span> <span class='ocrx_word' id='word_1_468' title='bbox 4212 1967 4387 2052; x_wconf 91' lang='lat' dir='ltr'>quod</span> 
     </span>
     <span class='ocr_line' id='line_1_71' title="bbox 2438 2051 4385 2137; baseline 0.002 -21"><span class='ocrx_word' id='word_1_469' title='bbox 2438 2058 2541 2116; x_wconf 90' lang='lat' dir='ltr'>est</span> <span class='ocrx_word' id='word_1_470' title='bbox 2583 2051 2847 2119; x_wconf 82' lang='lat' dir='ltr'>Gallus:</span> <span class='ocrx_word' id='word_1_471' title='bbox 2894 2073 3267 2136; x_wconf 90' lang='lat' dir='ltr'>quanquam</span> <span class='ocrx_word' id='word_1_472' title='bbox 3307 2073 3581 2137; x_wconf 89' lang='lat' dir='ltr'>prorsus</span> <span class='ocrx_word' id='word_1_473' title='bbox 3623 2053 3709 2118; x_wconf 89' lang='lat' dir='ltr'>sit</span> <span class='ocrx_word' id='word_1_474' title='bbox 3747 2052 4063 2120; x_wconf 90' lang='lat' dir='ltr'>immunis</span> <span class='ocrx_word' id='word_1_475' title='bbox 4104 2073 4147 2119; x_wconf 90' lang='lat' dir='ltr'>a</span> <span class='ocrx_word' id='word_1_476' title='bbox 4187 2074 4385 2120; x_wconf 81' lang='lat' dir='ltr'>eausa</span> 
     </span>
     <span class='ocr_line' id='line_1_72' title="bbox 2437 2134 4383 2224; baseline 0.002 -21"><span class='ocrx_word' id='word_1_477' title='bbox 2437 2134 2741 2204; x_wconf 83' lang='lat' dir='ltr'>Caesaris</span> <span class='ocrx_word' id='word_1_478' title='bbox 2785 2139 3076 2223; x_wconf 87' lang='lat' dir='ltr'>etRegis</span> <span class='ocrx_word' id='word_1_479' title='bbox 3100 2138 3356 2205; x_wconf 87' lang='lat' dir='ltr'>Galliae</span> <span class='ocrx_word' id='word_1_480' title='bbox 3400 2136 3481 2204; x_wconf 93' lang='lat' dir='ltr'>de</span> <span class='ocrx_word' id='word_1_481' title='bbox 3515 2158 3644 2221; x_wconf 90' lang='lat' dir='ltr'>qua</span> <span class='ocrx_word' id='word_1_482' title='bbox 3686 2159 3865 2204; x_wconf 84' lang='lat' dir='ltr'>nune</span> <span class='ocrx_word' id='word_1_483' title='bbox 3907 2139 4186 2224; x_wconf 87' lang='lat' dir='ltr'>litigant.</span> <span class='ocrx_word' id='word_1_484' title='bbox 4246 2140 4383 2206; x_wconf 84' lang='lat' dir='ltr'>Fa-</span> 
     </span>
     <span class='ocr_line' id='line_1_73' title="bbox 2438 2222 4382 2309; baseline 0.003 -24"><span class='ocrx_word' id='word_1_485' title='bbox 2438 2222 2625 2288; x_wconf 88' lang='lat' dir='ltr'>oietis</span> <span class='ocrx_word' id='word_1_486' title='bbox 2666 2224 2739 2289; x_wconf 92' lang='lat' dir='ltr'>in</span> <span class='ocrx_word' id='word_1_487' title='bbox 2773 2243 2851 2289; x_wconf 92' lang='lat' dir='ltr'>eo</span> <span class='ocrx_word' id='word_1_488' title='bbox 2889 2245 3029 2290; x_wconf 91' lang='lat' dir='ltr'>rem</span> <span class='ocrx_word' id='word_1_489' title='bbox 3065 2223 3252 2290; x_wconf 91' lang='lat' dir='ltr'>nobis</span> <span class='ocrx_word' id='word_1_490' title='bbox 3293 2224 3492 2307; x_wconf 94' lang='lat' dir='ltr'>longe</span> <span class='ocrx_word' id='word_1_491' title='bbox 3687 2225 3700 2238; x_wconf 85' lang='lat'><strong>&#39;</strong></span> <span class='ocrx_word' id='word_1_492' title='bbox 3779 2224 3792 2238; x_wconf 88' lang='lat'>&#39;</span> <span class='ocrx_word' id='word_1_493' title='bbox 3979 2274 3993 2289; x_wconf 90' lang='lat'>.</span> <span class='ocrx_word' id='word_1_494' title='bbox 4060 2225 4382 2309; x_wconf 88' lang='lat' dir='ltr'>Impetra-</span> 
     </span>
     <span class='ocr_line' id='line_1_74' title="bbox 2435 2308 4385 2392; baseline 0.003 -20"><span class='ocrx_word' id='word_1_495' title='bbox 2435 2314 2577 2373; x_wconf 85' lang='lat' dir='ltr'>tum</span> <span class='ocrx_word' id='word_1_496' title='bbox 2619 2329 2874 2392; x_wconf 92' lang='lat' dir='ltr'>quoque</span> <span class='ocrx_word' id='word_1_497' title='bbox 2915 2317 3019 2375; x_wconf 90' lang='lat' dir='ltr'>est</span> <span class='ocrx_word' id='word_1_498' title='bbox 3060 2330 3102 2375; x_wconf 91' lang='lat' dir='ltr'>a</span> <span class='ocrx_word' id='word_1_499' title='bbox 3142 2309 3384 2376; x_wconf 90' lang='lat' dir='ltr'>nostris</span> <span class='ocrx_word' id='word_1_500' title='bbox 3425 2308 3835 2375; x_wconf 89' lang='lat' dir='ltr'>senatoribus</span> <span class='ocrx_word' id='word_1_501' title='bbox 3875 2316 3953 2374; x_wconf 92' lang='lat' dir='ltr'>ut</span> <span class='ocrx_word' id='word_1_502' title='bbox 3994 2308 4189 2376; x_wconf 89' lang='lat' dir='ltr'>hodie</span> <span class='ocrx_word' id='word_1_503' title='bbox 4230 2310 4385 2377; x_wconf 91' lang='lat' dir='ltr'>Bri-</span> 
     </span>
     <span class='ocr_line' id='line_1_75' title="bbox 2434 2393 4381 2480; baseline 0.002 -22"><span class='ocrx_word' id='word_1_504' title='bbox 2434 2393 2812 2461; x_wconf 87' lang='lat' dir='ltr'>saoensibus</span> <span class='ocrx_word' id='word_1_505' title='bbox 2863 2395 2936 2460; x_wconf 92' lang='lat' dir='ltr'>in</span> <span class='ocrx_word' id='word_1_506' title='bbox 2990 2393 3266 2461; x_wconf 88' lang='lat' dir='ltr'>eandem</span> <span class='ocrx_word' id='word_1_507' title='bbox 3319 2396 3713 2461; x_wconf 87' lang='lat' dir='ltr'>sententiam</span> <span class='ocrx_word' id='word_1_508' title='bbox 3755 2395 3923 2460; x_wconf 89' lang='lat' dir='ltr'>serio</span> <span class='ocrx_word' id='word_1_509' title='bbox 3980 2395 4381 2480; x_wconf 86' lang='lat' dir='ltr'>seripserint.</span> 
     </span>
     <span class='ocr_line' id='line_1_76' title="bbox 2436 2477 4382 2565; baseline 0.001 -19"><span class='ocrx_word' id='word_1_510' title='bbox 2436 2477 2726 2546; x_wconf 88' lang='lat' dir='ltr'>Oramus</span> <span class='ocrx_word' id='word_1_511' title='bbox 2767 2501 2888 2547; x_wconf 73' lang='lat' dir='ltr'>vos</span> <span class='ocrx_word' id='word_1_512' title='bbox 2930 2480 3171 2546; x_wconf 88' lang='lat' dir='ltr'>iterum</span> <span class='ocrx_word' id='word_1_513' title='bbox 3213 2489 3407 2564; x_wconf 87' lang='lat' dir='ltr'>atque</span> <span class='ocrx_word' id='word_1_514' title='bbox 3450 2480 3691 2545; x_wconf 87' lang='lat' dir='ltr'>iterum</span> <span class='ocrx_word' id='word_1_515' title='bbox 3724 2486 3805 2545; x_wconf 91' lang='lat' dir='ltr'>ut</span> <span class='ocrx_word' id='word_1_516' title='bbox 3842 2479 3939 2545; x_wconf 88' lang='lat' dir='ltr'>ita</span> <span class='ocrx_word' id='word_1_517' title='bbox 3980 2500 4177 2565; x_wconf 90' lang='lat' dir='ltr'>agere</span> <span class='ocrx_word' id='word_1_518' title='bbox 4218 2481 4382 2547; x_wconf 85' lang='lat' dir='ltr'>veli-</span> 
     </span>
     <span class='ocr_line' id='line_1_77' title="bbox 2434 2564 4384 2649; baseline 0.002 -18"><span class='ocrx_word' id='word_1_519' title='bbox 2434 2564 2542 2645; x_wconf 89' lang='lat' dir='ltr'>tis,</span> <span class='ocrx_word' id='word_1_520' title='bbox 2577 2564 3121 2649; x_wconf 90' lang='lat' dir='ltr'>quemadmodum</span> <span class='ocrx_word' id='word_1_521' title='bbox 3140 2565 3467 2649; x_wconf 88' lang='lat' dir='ltr'>ouperetis</span> <span class='ocrx_word' id='word_1_522' title='bbox 3500 2585 3622 2631; x_wconf 92' lang='lat' dir='ltr'>nos</span> <span class='ocrx_word' id='word_1_523' title='bbox 3662 2585 3783 2648; x_wconf 90' lang='lat' dir='ltr'>pro</span> <span class='ocrx_word' id='word_1_524' title='bbox 3815 2564 4001 2631; x_wconf 78' lang='lat' dir='ltr'>vobis</span> <span class='ocrx_word' id='word_1_525' title='bbox 4034 2574 4103 2632; x_wconf 89' lang='lat' dir='ltr'>et</span> <span class='ocrx_word' id='word_1_526' title='bbox 4142 2566 4384 2634; x_wconf 82' lang='lat' dir='ltr'>vestris</span> 
     </span>
     <span class='ocr_line' id='line_1_78' title="bbox 2435 2650 4385 2736; baseline 0 -19"><span class='ocrx_word' id='word_1_527' title='bbox 2435 2670 2652 2736; x_wconf 85' lang='lat' dir='ltr'>agere,</span> <span class='ocrx_word' id='word_1_528' title='bbox 2693 2671 2970 2735; x_wconf 88' lang='lat' dir='ltr'>quorum</span> <span class='ocrx_word' id='word_1_529' title='bbox 3011 2651 3277 2718; x_wconf 91' lang='lat' dir='ltr'>nomine</span> <span class='ocrx_word' id='word_1_530' title='bbox 3318 2651 3490 2718; x_wconf 90' lang='lat' dir='ltr'>nihil</span> <span class='ocrx_word' id='word_1_531' title='bbox 3530 2671 3664 2716; x_wconf 93' lang='lat' dir='ltr'>non</span> <span class='ocrx_word' id='word_1_532' title='bbox 3707 2658 3773 2716; x_wconf 89' lang='lat' dir='ltr'>et</span> <span class='ocrx_word' id='word_1_533' title='bbox 3813 2650 4056 2718; x_wconf 88' lang='lat' dir='ltr'>laboris</span> <span class='ocrx_word' id='word_1_534' title='bbox 4099 2661 4168 2715; x_wconf 87' lang='lat' dir='ltr'>et</span> <span class='ocrx_word' id='word_1_535' title='bbox 4207 2653 4385 2735; x_wconf 89' lang='lat' dir='ltr'>peri-</span> 
     </span>
     <span class='ocr_line' id='line_1_79' title="bbox 2436 2735 4384 2821; baseline -0.001 -16"><span class='ocrx_word' id='word_1_536' title='bbox 2436 2735 2570 2805; x_wconf 87' lang='lat' dir='ltr'>ouli</span> <span class='ocrx_word' id='word_1_537' title='bbox 2606 2737 2821 2821; x_wconf 89' lang='lat' dir='ltr'>parati</span> <span class='ocrx_word' id='word_1_538' title='bbox 2863 2758 3091 2804; x_wconf 90' lang='lat' dir='ltr'>sumus</span> <span class='ocrx_word' id='word_1_539' title='bbox 3134 2736 3369 2803; x_wconf 88' lang='lat' dir='ltr'>subire.</span> <span class='ocrx_word' id='word_1_540' title='bbox 3435 2738 3573 2803; x_wconf 85' lang='lat' dir='ltr'>Nos</span> <span class='ocrx_word' id='word_1_541' title='bbox 3606 2745 3675 2803; x_wconf 89' lang='lat' dir='ltr'>et</span> <span class='ocrx_word' id='word_1_542' title='bbox 3707 2735 4047 2803; x_wconf 83' lang='lat' dir='ltr'>eoelesiam</span> <span class='ocrx_word' id='word_1_543' title='bbox 4088 2745 4384 2803; x_wconf 87' lang='lat' dir='ltr'>nostram</span> 
     </span>
     <span class='ocr_line' id='line_1_80' title="bbox 2437 2820 4382 2907; baseline -0.001 -18"><span class='ocrx_word' id='word_1_544' title='bbox 2437 2822 2624 2889; x_wconf 83' lang='lat' dir='ltr'>vobis</span> <span class='ocrx_word' id='word_1_545' title='bbox 2666 2831 2734 2888; x_wconf 89' lang='lat' dir='ltr'>et</span> <span class='ocrx_word' id='word_1_546' title='bbox 2774 2822 3085 2890; x_wconf 74' lang='lat' dir='ltr'>eeclesiae</span> <span class='ocrx_word' id='word_1_547' title='bbox 3125 2829 3388 2889; x_wconf 83' lang='lat' dir='ltr'>vestrae</span> <span class='ocrx_word' id='word_1_548' title='bbox 3430 2842 3628 2906; x_wconf 89' lang='lat' dir='ltr'>quam</span> <span class='ocrx_word' id='word_1_549' title='bbox 3669 2820 4166 2907; x_wconf 86' lang='lat' dir='ltr'>diligentissime</span> <span class='ocrx_word' id='word_1_550' title='bbox 4208 2842 4382 2889; x_wconf 90' lang='lat' dir='ltr'>oom-</span> 
     </span>
     <span class='ocr_line' id='line_1_81' title="bbox 2435 2907 4383 2991; baseline -0.001 -17"><span class='ocrx_word' id='word_1_551' title='bbox 2435 2908 2841 2977; x_wconf 85' lang='lat' dir='ltr'>mendamus.</span> <span class='ocrx_word' id='word_1_552' title='bbox 2943 2908 3087 2974; x_wconf 87' lang='lat' dir='ltr'>Vos</span> <span class='ocrx_word' id='word_1_553' title='bbox 3138 2908 3317 2974; x_wconf 91' lang='lat' dir='ltr'>enim</span> <span class='ocrx_word' id='word_1_554' title='bbox 3372 2907 3566 2974; x_wconf 90' lang='lat' dir='ltr'>nobis</span> <span class='ocrx_word' id='word_1_555' title='bbox 3620 2908 3775 2975; x_wconf 89' lang='lat' dir='ltr'>estis</span> <span class='ocrx_word' id='word_1_556' title='bbox 3814 2928 4010 2991; x_wconf 92' lang='lat' dir='ltr'>quam</span> <span class='ocrx_word' id='word_1_557' title='bbox 4054 2927 4383 2974; x_wconf 89' lang='lat' dir='ltr'>oommen-</span> 
     </span>
     <span class='ocr_line' id='line_1_82' title="bbox 2438 2992 4382 3077; baseline -0.001 -17"><span class='ocrx_word' id='word_1_558' title='bbox 2438 2993 2780 3060; x_wconf 74' lang='lat' dir='ltr'>(latissimi.</span> <span class='ocrx_word' id='word_1_559' title='bbox 2880 2994 3066 3060; x_wconf 89' lang='lat' dir='ltr'>Bene</span> <span class='ocrx_word' id='word_1_560' title='bbox 3119 2992 3354 3060; x_wconf 83' lang='lat' dir='ltr'>valete.</span> <span class='ocrx_word' id='word_1_561' title='bbox 3453 2992 3725 3077; x_wconf 84' lang='lat' dir='ltr'>Raptim</span> <span class='ocrx_word' id='word_1_562' title='bbox 3790 3014 3875 3059; x_wconf 86' lang='lat' dir='ltr'>ex</span> <span class='ocrx_word' id='word_1_563' title='bbox 3938 2995 4382 3077; x_wconf 86' lang='lat' dir='ltr'>Argentorato</span> 
     </span>
     <span class='ocr_line' id='line_1_83' title="bbox 2439 3079 3653 3165; baseline 0.001 -22"><span class='ocrx_word' id='word_1_564' title='bbox 2439 3083 2539 3146; x_wconf 86' lang='lat'>20.</span> <span class='ocrx_word' id='word_1_565' title='bbox 2585 3081 2892 3165; x_wconf 83' lang='lat' dir='ltr'>Augusto</span> <span class='ocrx_word' id='word_1_566' title='bbox 2935 3100 3109 3147; x_wconf 84' lang='lat' dir='ltr'>anno</span> <span class='ocrx_word' id='word_1_567' title='bbox 3151 3079 3425 3145; x_wconf 91' lang='lat' dir='ltr'>Domini</span> <span class='ocrx_word' id='word_1_568' title='bbox 3472 3082 3653 3144; x_wconf 82' lang='lat'>1543.</span> 
     </span>
    </p>
   </div>
   <div class='ocr_carea' id='block_1_17' title="bbox 3267 3213 4380 3386">
    <p class='ocr_par' dir='ltr' id='par_1_17' title="bbox 3267 3213 4380 3386">
     <span class='ocr_line' id='line_1_84' title="bbox 3404 3213 4192 3282; baseline 0.004 -3"><span class='ocrx_word' id='word_1_569' title='bbox 3404 3214 3479 3281; x_wconf 90' lang='lat' dir='ltr'>V.</span> <span class='ocrx_word' id='word_1_570' title='bbox 3523 3214 3902 3282; x_wconf 77' lang='lat' dir='ltr'>Matthaeus</span> <span class='ocrx_word' id='word_1_571' title='bbox 3942 3213 4192 3282; x_wconf 84' lang='lat' dir='ltr'>Zellius</span> 
     </span>
     <span class='ocr_line' id='line_1_85' title="bbox 3267 3301 4380 3386; baseline 0 -18"><span class='ocrx_word' id='word_1_572' title='bbox 3267 3302 3631 3385; x_wconf 74' lang='lat' dir='ltr'>caeterique</span> <span class='ocrx_word' id='word_1_573' title='bbox 3675 3308 4084 3386; x_wconf 78' lang='lat' dir='ltr'>symmystae</span> <span class='ocrx_word' id='word_1_574' title='bbox 4124 3301 4380 3369; x_wconf 68' lang='lat' dir='ltr'>fratres</span> 
     </span>
    </p>
   </div>
   <div class='ocr_carea' id='block_1_18' title="bbox 3222 3621 3479 3628">
    <p class='ocr_par' dir='ltr' id='par_1_18' title="bbox 3222 3621 3479 3628">
     <span class='ocr_line' id='line_1_86' title="bbox 3222 3621 3479 3628; baseline 0 -1"><span class='ocrx_word' id='word_1_575' title='bbox 3222 3621 3479 3628; x_wconf 73' lang='lat'>——————-</span> 
     </span>
    </p>
   </div>
   <div class='ocr_carea' id='block_1_19' title="bbox 2523 3863 4292 4106">
    <p class='ocr_par' dir='ltr' id='par_1_19' title="bbox 2523 3863 4292 4106">
     <span class='ocr_line' id='line_1_87' title="bbox 3329 3863 3480 3935; baseline 0.013 -2"><span class='ocrx_word' id='word_1_576' title='bbox 3329 3863 3480 3935; x_wconf 74' lang='lat'>497.</span> 
     </span>
     <span class='ocr_line' id='line_1_88' title="bbox 2523 4032 4292 4106; baseline -0.003 -2"><span class='ocrx_word' id='word_1_577' title='bbox 2523 4036 3024 4106; x_wconf 73' lang='lat' dir='ltr'><strong>FARBLLUS</strong></span> <span class='ocrx_word' id='word_1_578' title='bbox 3068 4032 3550 4102; x_wconf 80' lang='lat' dir='ltr'>MINIS&#39;PRIS</span> <span class='ocrx_word' id='word_1_579' title='bbox 3594 4032 4292 4102; x_wconf 75' lang='lat' dir='ltr'>TURICENSIBUS.</span> 
     </span>
    </p>
   </div>
   <div class='ocr_carea' id='block_1_20' title="bbox 2431 4230 4382 4573">
    <p class='ocr_par' dir='ltr' id='par_1_20' title="bbox 2431 4230 4382 4573">
     <span class='ocr_line' id='line_1_89' title="bbox 2479 4230 4379 4335; baseline -0.004 -33"><span class='ocrx_word' id='word_1_580' title='bbox 2479 4323 2490 4335; x_wconf 44' lang='lat'><strong>·</strong></span> <span class='ocrx_word' id='word_1_581' title='bbox 2610 4235 2841 4301; x_wconf 55' lang='lat' dir='ltr'>Reduc</span> <span class='ocrx_word' id='word_1_582' title='bbox 2885 4254 2964 4301; x_wconf 74' lang='lat' dir='ltr'>ex</span> <span class='ocrx_word' id='word_1_583' title='bbox 3004 4231 3519 4334; x_wconf 65' lang='lat' dir='ltr'>itinereMetensi</span> <span class='ocrx_word' id='word_1_584' title='bbox 3548 4230 4187 4330; x_wconf 42' lang='lat' dir='ltr'>motas-diemde</span> <span class='ocrx_word' id='word_1_585' title='bbox 4219 4230 4379 4294; x_wconf 70' lang='lat' dir='ltr'>ami—</span> 
     </span>
     <span class='ocr_line' id='line_1_90' title="bbox 2433 4317 4382 4472; baseline -0.004 1"><span class='ocrx_word' id='word_1_586' title='bbox 2433 4342 2525 4387; x_wconf 78' lang='lat'>⁰²³</span> <span class='ocrx_word' id='word_1_587' title='bbox 2566 4324 3249 4472; x_wconf 52' lang='lat' dir='ltr'>Ql&#39;oemaez</span> <span class='ocrx_word' id='word_1_588' title='bbox 3282 4317 4382 4470; x_wconf 49' lang='lat' dir='ltr'>ssmwgwffisffl</span> 
     </span>
     <span class='ocr_line' id='line_1_91' title="bbox 2431 4413 3712 4573; baseline -0.005 -12"><span class='ocrx_word' id='word_1_589' title='bbox 2431 4413 2722 4561; x_wconf 49' lang='lat' dir='ltr'>mur</span> <span class='ocrx_word' id='word_1_590' title='bbox 2755 4426 2854 4556; x_wconf 54' lang='lat' dir='ltr'>{tu</span> <span class='ocrx_word' id='word_1_591' title='bbox 2862 4491 3125 4573; x_wconf 72' lang='lat' dir='ltr'>piorum</span> <span class='ocrx_word' id='word_1_592' title='bbox 3145 4488 3443 4572; x_wconf 72' lang='lat' dir='ltr'>precibu-s·</span> <span class='ocrx_word' id='word_1_593' title='bbox 3485 4493 3712 4573; x_wconf 73' lang='lat' dir='ltr'>eyeant.</span> 
     </span>
    </p>
   </div>
   <div class='ocr_carea' id='block_1_21' title="bbox 2434 4681 4379 4820">
    <p class='ocr_par' dir='ltr' id='par_1_21' title="bbox 2434 4681 4379 4820">
     <span class='ocr_line' id='line_1_92' title="bbox 2434 4681 4379 4757; baseline -0.003 -13"><span class='ocrx_word' id='word_1_594' title='bbox 2434 4689 2547 4756; x_wconf 83' lang='lat' dir='ltr'>(Ex</span> <span class='ocrx_word' id='word_1_595' title='bbox 2584 4686 2922 4757; x_wconf 87' lang='lat' dir='ltr'>autographo</span> <span class='ocrx_word' id='word_1_596' title='bbox 2958 4685 3178 4740; x_wconf 75' lang='lat' dir='ltr'>Archiv·</span> <span class='ocrx_word' id='word_1_597' title='bbox 3226 4687 3402 4742; x_wconf 77' lang='lat' dir='ltr'>Turio.</span> <span class='ocrx_word' id='word_1_598' title='bbox 3437 4685 3581 4739; x_wconf 89' lang='lat' dir='ltr'>Plut.</span> <span class='ocrx_word' id='word_1_599' title='bbox 3621 4684 3712 4741; x_wconf 82' lang='lat' dir='ltr'>vl.</span> <span class='ocrx_word' id='word_1_600' title='bbox 3760 4683 3879 4737; x_wconf 85' lang='lat' dir='ltr'>Vol.</span> <span class='ocrx_word' id='word_1_601' title='bbox 3916 4681 4018 4737; x_wconf 78' lang='lat'>105</span> <span class='ocrx_word' id='word_1_602' title='bbox 4062 4684 4192 4738; x_wconf 89' lang='lat' dir='ltr'>olim</span> <span class='ocrx_word' id='word_1_603' title='bbox 4235 4684 4303 4740; x_wconf 88' lang='grc' dir='ltr'>Β.</span> <span class='ocrx_word' id='word_1_604' title='bbox 4336 4683 4379 4738; x_wconf 92' lang='lat'>1.</span> 
     </span>
     <span class='ocr_line' id='line_1_93' title="bbox 2946 4750 3842 4820; baseline -0.004 -10"><span class='ocrx_word' id='word_1_605' title='bbox 2946 4754 3038 4810; x_wconf 77' lang='lat' dir='ltr'>sol.</span> <span class='ocrx_word' id='word_1_606' title='bbox 3074 4752 3192 4809; x_wconf 77' lang='lat'>354.</span> <span class='ocrx_word' id='word_1_607' title='bbox 3228 4785 3292 4794; x_wconf 92' lang='lat'>-</span> <span class='ocrx_word' id='word_1_608' title='bbox 3328 4755 3537 4809; x_wconf 84' lang='lat' dir='ltr'>Simler.</span> <span class='ocrx_word' id='word_1_609' title='bbox 3575 4753 3697 4808; x_wconf 83' lang='lat' dir='ltr'>vol.</span> <span class='ocrx_word' id='word_1_610' title='bbox 3734 4750 3842 4820; x_wconf 74' lang='lat'>53.)</span> 
     </span>
    </p>
   </div>
   <div class='ocr_carea' id='block_1_22' title="bbox 2487 4916 2839 4924">
    <p class='ocr_par' dir='ltr' id='par_1_22' title="bbox 2487 4916 2839 4924">
     <span class='ocr_line' id='line_1_94' title="bbox 2487 4916 2839 4924; baseline 0.003 -3"><span class='ocrx_word' id='word_1_611' title='bbox 2487 4918 2616 4924; x_wconf 74' lang='lat'>.—-.,—</span> <span class='ocrx_word' id='word_1_612' title='bbox 2660 4916 2839 4924; x_wconf 49' lang='grc' dir='ltr'>Μ..</span> 
     </span>
    </p>
   </div>
   <div class='ocr_carea' id='block_1_23' title="bbox 2426 5024 4385 5306">
    <p class='ocr_par' dir='ltr' id='par_1_23' title="bbox 2426 5024 4385 5306">
     <span class='ocr_line' id='line_1_95' title="bbox 2637 5024 4381 5096; baseline -0.004 -11"><span class='ocrx_word' id='word_1_613' title='bbox 2637 5030 2698 5095; x_wconf 81' lang='grc'>2)</span> <span class='ocrx_word' id='word_1_614' title='bbox 2738 5030 2995 5085; x_wconf 70' lang='lat' dir='ltr'>Far-ellus</span> <span class='ocrx_word' id='word_1_615' title='bbox 3037 5036 3089 5084; x_wconf 77' lang='lat' dir='ltr'>et</span> <span class='ocrx_word' id='word_1_616' title='bbox 3134 5026 3398 5084; x_wconf 73' lang='lat' dir='ltr'>Calvinus</span> <span class='ocrx_word' id='word_1_617' title='bbox 3434 5027 3608 5096; x_wconf 71' lang='lat' dir='ltr'>paulo</span> <span class='ocrx_word' id='word_1_618' title='bbox 3653 5032 3818 5082; x_wconf 66' lang='lat' dir='ltr'>antea</span> <span class='ocrx_word' id='word_1_619' title='bbox 3872 5027 4040 5092; x_wconf 72' lang='lat' dir='ltr'>(inter</span> <span class='ocrx_word' id='word_1_620' title='bbox 4092 5024 4158 5078; x_wconf 88' lang='grc'>16</span> <span class='ocrx_word' id='word_1_621' title='bbox 4208 5031 4259 5079; x_wconf 78' lang='lat' dir='ltr'>et</span> <span class='ocrx_word' id='word_1_622' title='bbox 4313 5024 4381 5078; x_wconf 87' lang='grc'>18</span> 
     </span>
     <span class='ocr_line' id='line_1_96' title="bbox 2431 5092 4385 5171; baseline -0.003 -17"><span class='ocrx_word' id='word_1_623' title='bbox 2431 5100 2697 5171; x_wconf 68' lang='lat' dir='ltr'>Aayusu&#39;)</span> <span class='ocrx_word' id='word_1_624' title='bbox 2752 5099 3175 5169; x_wconf 71' lang='lat' dir='ltr'>Arqentoratum</span> <span class='ocrx_word' id='word_1_625' title='bbox 3225 5097 3571 5166; x_wconf 69' lang='lat' dir='ltr'>reliquerant.</span> <span class='ocrx_word' id='word_1_626' title='bbox 3676 5092 3823 5164; x_wconf 75' lang='lat' dir='ltr'>Quos</span> <span class='ocrx_word' id='word_1_627' title='bbox 3883 5094 4080 5149; x_wconf 77' lang='lat' dir='ltr'>Gallus</span> <span class='ocrx_word' id='word_1_628' title='bbox 4140 5092 4229 5148; x_wconf 75' lang='lat' dir='ltr'>ille</span> <span class='ocrx_word' id='word_1_629' title='bbox 4297 5094 4385 5149; x_wconf 80' lang='lat' dir='ltr'>vel</span> 
     </span>
     <span class='ocr_line' id='line_1_97' title="bbox 2502 5163 4378 5237; baseline -0.004 -12"><span class='ocrx_word' id='word_1_630' title='bbox 2502 5171 2680 5225; x_wconf 75' lang='lat' dir='ltr'>ooeime</span> <span class='ocrx_word' id='word_1_631' title='bbox 2708 5168 3003 5237; x_wconf 70' lang='lat' dir='ltr'>praecessit</span> <span class='ocrx_word' id='word_1_632' title='bbox 3037 5166 3121 5222; x_wconf 80' lang='lat' dir='ltr'>vel</span> <span class='ocrx_word' id='word_1_633' title='bbox 3151 5170 3407 5236; x_wconf 70' lang='lat' dir='ltr'>sequutus</span> <span class='ocrx_word' id='word_1_634' title='bbox 3440 5169 3535 5234; x_wconf 73' lang='lat' dir='ltr'>est,</span> <span class='ocrx_word' id='word_1_635' title='bbox 3567 5165 3650 5219; x_wconf 73' lang='lat' dir='ltr'>ita</span> <span class='ocrx_word' id='word_1_636' title='bbox 3684 5170 3746 5219; x_wconf 73' lang='lat' dir='ltr'>ut</span> <span class='ocrx_word' id='word_1_637' title='bbox 3780 5170 4067 5233; x_wconf 73' lang='lat' dir='ltr'>antequam</span> <span class='ocrx_word' id='word_1_638' title='bbox 4100 5163 4216 5231; x_wconf 70' lang='lat' dir='ltr'>ipso·</span> <span class='ocrx_word' id='word_1_639' title='bbox 4229 5163 4378 5217; x_wconf 73' lang='lat' dir='ltr'>ultra</span> 
     </span>
     <span class='ocr_line' id='line_1_98' title="bbox 2426 5186 4376 5306; baseline -0.004 -13"><span class='ocrx_word' id='word_1_640' title='bbox 2426 5186 2721 5293; x_wconf 46' lang='lat' dir='ltr'>{aduam</span> <span class='ocrx_word' id='word_1_641' title='bbox 2750 5237 3222 5306; x_wconf 68' lang='lat' dir='ltr'>proficiscerentur</span> <span class='ocrx_word' id='word_1_642' title='bbox 3266 5234 3334 5288; x_wconf 80' lang='lat' dir='ltr'>de</span> <span class='ocrx_word' id='word_1_643' title='bbox 3378 5234 3499 5300; x_wconf 73' lang='lat' dir='ltr'>fato</span> <span class='ocrx_word' id='word_1_644' title='bbox 3544 5233 3781 5288; x_wconf 75' lang='lat' dir='ltr'>hominis</span> <span class='ocrx_word' id='word_1_645' title='bbox 3815 5233 4067 5288; x_wconf 76' lang='lat' dir='ltr'>certiores</span> <span class='ocrx_word' id='word_1_646' title='bbox 4115 5230 4243 5296; x_wconf 71' lang='lat' dir='ltr'>fieri</span> <span class='ocrx_word' id='word_1_647' title='bbox 4276 5247 4376 5300; x_wconf 80' lang='lat' dir='ltr'>po-</span> 
     </span>
    </p>
   </div>
   <div class='ocr_carea' id='block_1_24' title="bbox 4992 214 5001 1473">
    <p class='ocr_par' dir='ltr' id='par_1_24' title="bbox 4992 214 5001 1473">
     <span class='ocr_line' id='line_1_99' title="bbox 4992 214 5001 1473; baseline 0 0"><span class='ocrx_word' id='word_1_648' title='bbox 4992 214 5001 1473; x_wconf 95' lang='lat' dir='ltr'> </span> 
     </span>
    </p>
   </div>
  </div>
 </body>
</html>
