5050 6167
666 465 791 529 199

1561 629 1721 702 290.

1133 763 1474 836 OAPI'PO
1517 762 2151 834 BULLJNGERO.

836 937 943 1006 De
989 937 1243 1008 calvini
1273 937 1478 1004 reditu
1519 937 1658 1019 ipso
1699 935 1944 1003 abseme
1983 933 2148 1000 nihil
2186 935 2382 1000 statui
2411 955 2616 1017 posse.

664 1025 997 1095 Caeterum
1058 1044 1252 1107 neque
1313 1022 1638 1089 ministros
1699 1041 1895 1104 neque
1948 1025 2231 1087 senatum
2244 1071 2261 1101 ‚
2328 1020 2618 1103 quamvis

662 1112 852 1179 talem
892 1112 1105 1177 virum
1145 1129 1330 1194 aeyre
1371 1108 1712 1174 dimissuri
1750 1107 1894 1187 sint,
1938 1126 2058 1189 quo
2090 1106 2304 1173 minus
2336 1106 2513 1173 abeat
2554 1107 2617 1172 si

659 1198 825 1279 velit,
866 1196 1215 1263 obstituros.

665 1367 780 1435 (Ex
814 1365 1151 1437 autographo
1184 1363 1403 1418 Archiv.
1439 1363 1617 1419 Turio.
1652 1362 1798 1418 Plut.
1830 1362 1921 1418 VI.
1953 1364 2058 1417 vol.
2086 1361 2189 1416 117
2208 1378 2270 1430 o.,
2307 1362 2437 1417 olim
2471 1362 2612 1432 Epp.

1127 1433 1192 1487 T.
1222 1430 1260 1486 3
1292 1449 1346 1502 p.
1384 1428 1502 1485 152.
1540 1461 1607 1471 —
1643 1431 1840 1487 Simler
1873 1431 2003 1486 Vol.
2037 1429 2151 1498 49.)

833 1620 1099 1687 Eximio
1132 1620 1277 1688 viro
1311 1619 1601 1686 Domino
1628 1619 1921 1685 Henrico
1946 1618 2335 1704 Bullingero
2369 1618 2614 1702 pastori

660 1706 1369 1861 fflssdaeigurinae
1412 1704 1622 1771 amico
1670 1713 1738 1771 et
1777 1705 2010 1771 maiori
2049 1726 2169 1771 suo
2212 1705 2284 1770 in
2325 1703 2612 1771 Domino

833 1925 905 1993 S.
950 1928 1214 1994 Literas
1256 1933 1421 2007 tuas,
1478 1945 1641 2010 quas
1685 1927 2016 1992 communi
2059 1928 2322 1992 nomine
2366 1926 2448 1992 ad
2492 1947 2611 1992 nos

662 2013 1001 2097 scripsisti,
1029 2013 1079 2099 ¹)
1116 2011 1487 2097 gratissimo
1517 2011 1737 2076 animo
1759 2020 2188 2095 susceperunt
2209 2021 2612 2098 symmystae

661 2104 732 2163 et
769 2098 1057 2182 collegae
1098 2098 1249 2176 mei,
1307 2097 1599 2181 mihique
1655 2097 1992 2162 neootium
2048 2097 2366 2164 dederunt
2419 2099 2612 2164 vobis

660 2191 1039 2249 reverenter
1114 2182 1530 2248 rescribendi.
1650 2151 1907 2249 Gaivino
1984 2182 2251 2249 absente
2326 2183 2408 2250 de
2472 2185 2612 2250 eius

657 2269 1053 2352 migratione
1105 2267 1278 2333 nihil
1330 2269 1530 2333 statui
1587 2273 1819 2351 potest.
1926 2267 2117 2348 Nam,
2176 2277 2250 2333 ut
2302 2269 2612 2335 iussimus

658 2355 857 2420 scribi
937 2352 1020 2418 ad
1096 2374 1213 2419 vos
1289 2373 1410 2437 per
1478 2353 1859 2436 Grynaeum,
1879 2352 1937 2438 ²)
2013 2375 2190 2420 nunc
2258 2373 2369 2420 coe
2416 2362 2615 2419 erunt

656 2439 1147 2523 Reginospurgi
1191 2438 1272 2505 de
1327 2436 1776 2522 componenda
1817 2439 2134 2522 religione
2182 2442 2359 2506 consi
2406 2462 2610 2521 erare,

658 2534 725 2589 et
766 2527 981 2590 facere
1020 2523 1343 2589 delectum
1379 2543 1741 2609 paucorum
1774 2523 2117 2590 hominum
2151 2525 2260 2609 qui
2297 2527 2611 2591 reforma-

657 2610 852 2676 tionis
895 2610 1273 2675 rudimenta
1314 2608 1674 2693 designent.
1761 2608 1846 2673 In
1902 2631 2032 2692 qua
2087 2631 2159 2675 re
2215 2609 2395 2677 illius
2447 2633 2610 2678 usus

654 2695 903 2761 multus
948 2697 1092 2759 erit.
1180 2695 1435 2759 Verum
1480 2692 1648 2759 illud
1706 2694 2017 2775 sentietis,
2076 2703 2353 2775 vestras·
2382 2696 2610 2762 literas

657 2789 726 2847 et
760 2782 1183 2846 autoritatem
1217 2780 1576 2864 plurimum
1610 2779 1971 2844 adiumenti
2007 2781 2320 2847 attulisse.
2375 2782 2607 2848 Iohan.

653 2865 829 2932 Book
893 2868 1142 2949 pariter
1203 2865 1542 2931 incumbet
1603 2865 1943 2931 nobiscum
2011 2873 2088 2931 ιιι
2153 2866 2610 2935 Genevatibus

653 2951 1189 3031 obsecundemus,
1235 2949 1344 3017 vel
1386 2951 1591 3016 vestri
1630 2970 1848 3028 causa,
1907 2953 2210 3034 quamvis
2269 2974 2463 3038 aegre
2506 2962 2611 3020 est

652 3042 915 3103 tantum
954 3037 1288 3102 hominem
1325 3057 1365 3101 a
1398 3036 1586 3102 nobis
1624 3036 1969 3102 dimittere.
2043 3034 2250 3103 Senes
2285 3060 2530 3119 sumus,
2547 3040 2609 3124 Β)

654 3122 965 3189 exhausti
1022 3121 1373 3201 laboribus,
1433 3130 1501 3188 et
1554 3142 1825 3205 parvam
1881 3121 2227 3187 admodum
2283 3145 2468 3208 spem
2526 3123 2609 3190 de

651 3208 735 3274 iis
778 3206 1083 3272 videmus
1126 3208 1238 3291 qui
1281 3216 1431 3291 post
1472 3228 1593 3273 nos
1634 3207 1758 3273 hoc
1801 3227 2035 3273 saxum
2091 3208 2360 3276 volvere
2417 3210 2609 3276 debe-

652 3300 822 3370 rent,
881 3300 948 3358 et
989 3300 1210 3357 tamen
1265 3294 1591 3376 publicam
1643 3292 2062 3360 ecclesiarum
2119 3293 2397 3359 salutem
2454 3297 2610 3362 huic

650 3386 919 3443 nostrae
951 3379 1247 3462 privatae
1282 3385 1358 3444 ιιι
1390 3379 1831 3444 anteferamus
1868 3400 2134 3446 necesse
2168 3388 2285 3460 est,
2330 3380 2399 3445 id
2436 3382 2609 3466 quod

650 3465 935 3529 monetis
975 3463 1335 3547 prudenter
1379 3484 1455 3529 ac
1497 3465 1620 3547 pie.
1708 3464 1899 3548 Rogo
1944 3465 2165 3550 igitur,
2223 3469 2609 3552 symmystis

650 3548 804 3628 tuis,
844 3549 1158 3615 fratribus
1192 3569 1268 3615 ac
1302 3550 1658 3615 maioribus
1694 3550 1861 3615 meis
1894 3550 1967 3613 in
2001 3549 2288 3616 Domino
2323 3552 2609 3621 colendis

653 3655 945 3714 excuses,
993 3635 1162 3717 quod
1206 3655 1327 3718 pro
1367 3635 1713 3702 voluntate
1753 3642 2126 3701 nostrorum
2161 3658 2295 3702 non
2341 3639 2607 3704 honori-

653 3722 774 3787 fice
819 3718 1156 3805 respondi:
1214 3742 1370 3786 nam
1413 3729 1707 3805 tempore
1750 3720 2080 3797 excludor,
2139 3729 2206 3787 et
2246 3724 2460 3790 maius
2506 3733 2607 3791 est

650 3807 978 3872 amicitiae
1033 3806 1374 3874 vinculum
1429 3807 1603 3872 inter
1666 3828 1786 3873 nos
1843 3828 2039 3891 quam
2092 3808 2264 3892 quod
2316 3810 2603 3877 literario

648 3893 1067 3957 firmamento
1108 3892 1196 3957 sit
1237 3892 1720 3960 continendum.
1807 3891 1999 3975 Quod
2025 3894 2082 3959 si
2105 3915 2301 3961 causa
2340 3895 2602 3981 religio-

647 3977 753 4043 nis
832 3997 917 4042 ex
997 3978 1277 4044 arctiore
1349 3978 1664 4062 colloquio
1726 3979 1800 4043 in
1862 3979 2196 4062 publicum
2270 3988 2603 4048 certamen

624 4062 924 4141 'veneria
970 4082 1131 4147 rogo
1174 4073 1368 4147 atque
1412 4064 1703 4130 obtestor
1749 4085 1863 4130 vos
1901 4086 1987 4130 ne
2030 4063 2340 4132 dubitetis
2382 4069 2603 4133 vocati

646 4169 1008 4227 accurrere,
1066 4158 1380 4232 tanquam
1420 4149 1507 4215 ad
1553 4169 1897 4250 commune
1938 4150 2315 4217 incendium
2357 4154 2600 4218 restin-

645 4233 1050 4403 Ξεῗέἒῖιῗέι
1067 4234 1544 4405 «ῗῙἝἭΪὲ
1579 4234 1833 4404 5213?
1834 4257 2113 4405 Πξῃέιη
2117 4246 2599 4408 ξέὲξ.ῗ«ἴίιῖἷέἕ

645 4424 967 4489 auguror,
1047 4404 1454 4473 adversarios
1532 4428 1875 4490 nunquam
1956 4409 2441 4489 commissuros,
2520 4419 2600 4475 ut

614 4511 909 4557 -causam
975 4491 1308 4576 religionis
1386 4494 1606 4558 sinant
1678 4492 1934 4576 publice
1998 4492 2364 4578 disceptari.
2485 4496 2597 4560 Ex

642 4576 1123 4644 Basiliensibus
1165 4579 1389 4644 omnia
1430 4578 1668 4655 scietis,
1726 4577 1959 4660 quibus
2003 4582 2200 4645 etiam
2242 4582 2598 4647 minutiora

628 4682 1063 4751 exponemus.
1162 4664 1335 4729 Nam
1403 4663 1679 4730 credunt
1741 4664 2033 4749 plerique
2097 4667 2234 4732 fore
2289 4667 2595 4732 ultimum

643 4760 863 4814 actum
909 4747 1106 4815 huius
1148 4757 1250 4815 tra
1297 4748 1536 4815 oediae.
1627 4748 1878 4817 Idcirco
1934 4753 2302 4818 accuratius
2348 4754 2594 4837 invigi-

601 4880 608 4887 -
640 4832 933 4900 landum.
1056 4835 1141 4901 D.
1214 4771 1689 4916 gibliandrum,
1758 4835 2162 4919 Pellioanum‚
2228 4838 2595 4920 Erasmum,

673 5088 812 5151 299.
851 5089 908 5155 1)
948 5091 1025 5147 Ν.
1058 5089 1179 5146 292.

848 5160 907 5225 2)
944 5160 1106 5215 Haec
1137 5160 1366 5227 epistola
1396 5176 1512 5216 non
1543 5166 1740 5219 astat

849 5228 907 5295 3)
944 5231 1080 5298 Ipse
1114 5235 1286 5285 natus
1318 5248 1372 5284 a.
1409 5230 1545 5287 1478
1588 5248 1659 5287 m.
1702 5231 1849 5289 Nou.
1897 5229 2069 5286 huius
2113 5231 2256 5286 anni
2298 5236 2447 5301 peste
2492 5231 2589 5288 ab·

634 5302 907 5433 ΜΡιἼ)
926 5304 1087 5437 “aquae
1116 5384 1233 5424 non
1264 5374 1514 5427 servatae
1546 5375 1698 5439 aaut,
1735 5370 1787 5425 si
1816 5384 2010 5425 revera
2044 5369 2294 5440 scriptae.

2212 451 2742 523 EPISTOLAE
2787 453 3123 516 299—302

2605 5494 2636 5529 9

4538 448 4667 512 200

2726 622 3171 708 Meyandrum,
3229 629 3298 688 et
3351 620 3670 705 optimum
3725 640 4048 705 quemque
4103 640 4190 686 ex
4245 639 4351 685 me
4405 617 4666 686 salvere

2723 709 2966 774 iubeas.
3056 707 3241 773 Vale.
3329 707 3775 792 Argentorati,
3821 709 3921 771 20.
3966 705 4215 789 Aprilis
4256 724 4429 770 anno
4479 709 4662 772 1641.

3941 843 4187 929 Wolfg.
4239 842 4487 928 Capito.

3487 1105 3893 1114 ——.-—.--——-

3612 1288 3765 1360 3⁰⁰.

2790 1426 3220 1495 BUCERUS
3264 1423 4580 1597 ΜΙΝῙΒΞῙΙἎΙΞῗΒΑΒΘΕΝΤΟΒΑΤΕΝ-

2891 1700 3306 1769 Continuatar
3338 1702 3554 1769 relatio
3595 1702 3672 1768 de
3716 1702 3871 1767 actis
3914 1698 4484 1766 Ratisbonensibus.

2715 1872 2882 1996 ἦρι).
2918 1878 2974 1927 et
3007 1873 3293 1944 Responsa
3326 1873 3411 1930 ed.
3448 1872 3650 1928 Gener.
3686 1888 3740 1940 p.
3774 1870 3859 1940 23,
3893 1870 4054 1954 Laus.
4073 1887 4127 1940 p.
4147 1869 4231 1939 61,
4264 1869 4480 1954 ῌαιιον.
4496 1888 4549 1941 p.
4568 1867 4656 1951 08,

2795 1948 2922 1997 ouet
2954 1958 3009 2011 p.
3045 1941 3132 2012 27,
3166 1943 3339 1998 Amst.
3413 1981 3427 1997 .
3459 1940 3538 1995 13.
3597 1941 3962 2011 Archetypum
3995 1958 4050 1995 m
4089 1940 4395 1995 Bucenams
4429 1939 4653 1994 Archiv.

3341 2012 3385 2066 Τ
3425 2028 3528 2065 om.
3563 2026 3671 2063 non
3705 2011 4020 2065 invenimus.

3332 2197 3630 2265 Salutem
3673 2205 3742 2264 et
3781 2199 4041 2264 Pacem.

2886 2337 2952 2402 A
2973 2335 3143 2402 datis
3162 2335 3482 2420 proximis
3502 2335 3730 2415 literis,
3774 2335 3872 2401 nil
3913 2355 4109 2418 quam
4146 2333 4538 2400 coitionibus
4579 2331 4652 2396 iu

2717 2422 3090 2489 diversoriis
3142 2422 3520 2488 Electorum
3593 2420 3876 2487 Saxonis
3939 2437 4005 2486 et
4059 2417 4651 2503 Brandeburyensis

2716 2530 2792 2575 ac
2836 2508 3209 2592 Lantqravii
3251 2507 3564 2573 faciendis
3607 2505 3722 2582 (ad
3765 2527 3926 2590 quas
3969 2527 4055 2572 ex
4096 2505 4543 2587 Imperatoriis
4585 2508 4654 2567 et

2713 2594 2944 2679 Regiis
2985 2594 3179 2658 multi
3213 2594 3684 2675 convenerunt)
3729 2613 3995 2675 operam
4030 2590 4343 2657 dedimus.
4429 2591 4515 2655 In
4546 2587 4655 2653 die

2714 2681 3009 2747 Paschae
3036 2681 3086 2763 ¹)
3157 2680 3357 2744 etiam
3408 2699 3674 2744 coenam
3725 2678 3801 2743 in
3865 2677 4223 2744 diversorio
4276 2673 4658 2760 Lantqravio

2713 2765 3204 2844 celebravimus,
3242 2765 3760 2831 communicante
3794 2765 3936 2848 ipso
3971 2783 4227 2847 quoque
4248 2760 4649 2847 Lantyravio.

2711 2851 2900 2918 Haec
2939 2871 3147 2933 usque
3192 2849 3276 2915 ad
3317 2873 3429 2915 xx.
3477 2849 3690 2929 huius,
3735 2870 3865 2934 quo
3900 2848 4007 2914 die
4042 2849 4397 2931 Imperator
4439 2845 4652 2912 delec-

2713 2945 2854 3002 tum
2898 2936 3362 3018 colloquiorum
3380 2936 3438 3018 2)
3482 2935 3818 3001 enunciari
3859 2935 4015 3001 fecit
4061 2935 4322 3012 nostris,
4368 2940 4437 3000 et
4472 2932 4653 3016 lega-

2713 3023 2801 3088 tis
2829 3022 3239 3106 ,Electorum
3326 3021 3656 3087 Postridie
3708 3021 4033 3087 indicatus
4084 3021 4143 3086 is
4186 3019 4474 3085 delectus
4529 3024 4651 3094 est,

2713 3116 2783 3173 et
2820 3108 2943 3173 toti
2985 3107 3200 3174 coetui
3241 3106 3542 3190 Imperii,
3601 3114 3668 3172 et
3709 3105 3791 3171 do
3833 3128 3910 3172 eo
3952 3105 4393 3173 consultatum
4434 3104 4655 3183 utrin-

2710 3214 2852 3277 que.
2935 3194 3272 3260 Electores
3314 3194 3536 3260 statim
3577 3202 4069 3271 consenserunt,
4112 3190 4227 3258 sed
4264 3192 4339 3255 in
4382 3190 4653 3257 oonsilio

2712 3280 3084 3363 principum
3136 3301 3271 3344 non
3326 3288 3686 3362 potuerunt
3742 3279 3965 3345 statim
4023 3277 4394 3345 convenire.
4484 3275 4649 3357 Qui·

2713 3363 2863 3430 dam
2907 3366 3081 3431 enim
3117 3364 3316 3430 etiam
3347 3365 3640 3449 legatum
3661 3365 3999 3431 Pontificis
4033 3362 4475 3430 adhibendum
4508 3380 4653 3428 esse

2711 3448 3223 3517 contendebant:
3270 3451 3386 3515 sed
3429 3450 3794 3533 praevaluit
3836 3460 4055 3516 tamen
4100 3449 4425 3516 sententia
4456 3449 4652 3514 Eleo-

2710 3545 2947 3619 torum‚
2991 3543 3067 3601 ut
3110 3537 3485 3619 Imperatori
3528 3537 3747 3601 omnia
3788 3537 3956 3601 relin
4001 3542 4335 3602 uereutur.
4421 3532 4652 3601 Nostri

2710 3622 2906 3687 etiam
2962 3621 3161 3687 biduo
3218 3622 3669 3688 consultarent
3724 3621 3896 3705 quod
3993 3622 4184 3688 electi
4241 3643 4360 3688 nos
4381 3622 4439 3704 ³)
4505 3620 4649 3685 sine

2708 3707 2973 3774 arbitris
3016 3706 3327 3792 congredi
3382 3727 3531 3772 cum
3572 3706 3785 3772 tribus
3839 3707 4105 3774 alterius
4147 3710 4353 3792 partis
4397 3707 4650 3775 detrec-

2709 3792 3025 3872 tabamus,
3067 3801 3133 3857 et
3174 3792 3438 3877 quidam
3461 3802 3758 3858 nostrum
3805 3793 4052 3858 differri
4098 3795 4432 3879 negotium
4472 3813 4650 3859 nova

2706 3878 3168 3945 intercessione
3210 3878 3535 3957 nolebant,
3580 3900 3655 3945 ac
3697 3880 4078 3945 metuebant
4121 3901 4205 3944 ne
4248 3901 4288 3944 a
4330 3892 4519 3962 parte
4551 3879 4648 3944 al-

2705 3973 2846 4030 tera
2889 3966 3239 4047 ineptiores
3284 3964 3815 4049 adiungerentur.
3897 3965 4188 4030 Tandem
4232 3974 4454 4029 tamon
4489 3965 4650 4031 vicit

2706 4050 2850 4115 heri
2910 4071 3135 4115 eorum
3198 4051 3523 4115 sententia
3586 4050 3698 4132 qui
3761 4058 4055 4116 nostram
4109 4050 4648 4133 supplicationem

2749 4156 2901 4200 uam
2944 4137 3014 4200 in
3061 4133 3466 4200 Cancellaria
3507 4136 3857 4201 invenietis
3902 4135 4280 4218 Imperatori
4328 4137 4647 4202 exhiben-

2748 4241 2852 4285 am
2874 4224 2931 4299 ⁴)
2976 4220 3362 4286 iudicarunt.
3465 4220 3574 4286 Ad
3630 4243 3970 4305 vesperam
4029 4223 4174 4287 heri
4216 4221 4337 4288 sub
4380 4224 4643 4287 tertiam

2703 4305 3063 4390 appellavit
3119 4326 3240 4371 nos
3301 4327 3417 4371 sex
3474 4304 3756 4373 delectos
3805 4307 4154 4390 Imperator
4194 4308 4367 4393 apud
4415 4330 4484 4375 se
4521 4329 4641 4391 per

2704 4392 3061 4458 Dominum
3119 4392 3376 4457 Anaves
3392 4390 3448 4478 ⁵)
3514 4393 3874 4458 astantibus
3931 4395 4163 4476 primis
4227 4394 4638 4473 conciliariis,

2701 4485 2768 4542 et
2806 4478 3140 4563 negotium
3183 4476 3360 4542 dedit
3394 4486 3472 4542 ut
3514 4480 3694 4543 omni
3738 4477 3954 4543 studio
3997 4481 4139 4545 vias
4181 4480 4640 4562 quaereremus

2698 4565 2846 4646 piae
2882 4572 2949 4628 et
2982 4570 3247 4629 sanctae
3281 4563 3679 4643 concordiae,
3720 4585 3922 4647 eoque
3963 4566 4032 4630 in
4075 4567 4337 4650 negotio
4379 4575 4640 4633 tantum

2700 4651 2918 4715 Deum
2962 4659 3029 4713 et
3063 4648 3486 4715 ecclesiarum
3520 4651 3798 4715 salutem
3835 4659 4300 4733 spectaremus,
4346 4673 4478 4717 non
4522 4652 4637 4718 do-

2699 4737 2913 4801 minos
2959 4743 3214 4800 nostros
3258 4742 3374 4800 aut
3414 4734 3622 4799 ullum
3655 4737 3975 4802 affectum.
4039 4736 4177 4801 Nos
4213 4746 4359 4821 post
4388 4737 4638 4803 detrec-

2697 4822 3012 4887 tationem
3052 4819 3409 4886 modestam
3457 4821 3810 4903 petivimus
3852 4822 4119 4908 adiungi
4160 4822 4506 4907 quosdam,
4562 4831 4641 4888 ut

2697 4962 2902 4970 ---——-
2929 4964 2986 4968 -,-
3021 4962 3102 4968 .-

2729 5025 2865 5088 8⁰⁰.
2903 5026 2957 5091 1)
2995 5024 3051 5079 d.
3088 5025 3172 5078 17.
3207 5024 3427 5093 Aprilis
3458 5024 3808 5082 ministrante
3841 5025 4089 5083 Pistor-io
4123 5028 4520 5084 concionatore.

2899 5095 2959 5159 2)
3004 5094 3145 5148 Vide
3177 5111 3255 5147 an
3289 5093 3571 5162 leyendum
3604 5095 3707 5162 sit.-
3744 5098 4190 5167 colloquutorum.

2900 5162 2960 5227 3)
2995 5164 3252 5218 Buoerus
3285 5164 3405 5233 ipse
3437 5165 3501 5216 in
3533 5180 3759 5218 numero
3793 5171 3929 5221 erat.

2899 5231 2959 5297 4)
2997 5233 3355 5286 adhibendam
3393 5232 3529 5287 Gen.
3565 5239 3617 5288 et
3649 5234 3826 5289 Amat.

2871 5300 2961 5380 -5)
2999 5301 3085 5356 Io.
3123 5302 3315 5356 Naves
3349 5302 3624 5370 (Navius)
3661 5302 3835 5358 Ictus
3862 5303 4299 5373 Lacemburyius
4325 5302 4634 5360 Vise-Gan·

2695 5368 2967 5425 cellanus.
3039 5370 3310 5435 (steiana.
3348 5374 3422 5426 ΙΙ.
3461 5372 3576 5425 197.
3650 5372 3860 5429 Δάαηοί
3891 5374 4042 5429 vitae
4070 5374 4235 5429 letor.
4265 5388 4326 5442 p.
4363 5374 4476 5443 40.)
