5050 6167
642 423 769 488 339

641 617 723 675 ιιι
775 615 1115 674 teneamus
1130 657 1147 684 ,
1216 606 1329 688 qui
1381 606 1442 669 le
1493 605 1659 669 timi
1719 605 1858 671 sint
1922 613 2188 670 nostrae
2242 603 2602 669 vocationis

641 696 925 760 fructus:
971 691 1287 757 nimirum
1329 700 1405 756 ut
1493 691 1554 756 ei
1589 690 1793 755 verbo
1829 711 1941 756 cor
1971 699 2266 755 nostrum
2312 698 2379 754 et
2412 709 2603 754 mens

644 781 845 845 etiam
902 778 1483 854 transformentur,
1551 784 1629 841 ut
1685 776 1894 860 gloria
1946 776 2218 840 Domini
2286 776 2357 840 in
2414 773 2603 840 nobis

644 865 989 943 elucescat,
1033 884 1199 946 quae
1242 863 1312 927 in
1354 863 1754 946 integritate,
1799 862 2192 938 innocentia,
2249 861 2603 927 sanctitate

645 951 961 1017 consistit.
1049 948 1185 1016 Ubi
1242 949 1374 1014 ista
1419 968 1555 1012 non
1597 955 1892 1024 exstant,
1950 967 2197 1011 vanum
2254 954 2357 1011 est
2399 967 2602 1010 evan-

691 1036 802 1101 elii
845 1055 1106 1112 nomen,
1152 1043 1221 1099 et
1263 1034 1479 1099 inanis
1514 1032 1691 1098 illins
1733 1033 2066 1114 professio.
2156 1030 2352 1112 Quod
2397 1032 2603 1115 igitur

671 1143 857 1188 acere
898 1121 1184 1203 coepisti,
1229 1121 1322 1184 ita
1364 1118 1668 1201 deinceps
1701 1138 2110 1200 persequere,
2155 1127 2231 1182 ut
2273 1138 2437 1200 opus
2472 1117 2601 1181 Dei

643 1208 1016 1291 provectius
1059 1207 1130 1270 in
1174 1214 1240 1269 te
1283 1204 1543 1288 agnosci
1589 1204 1812 1285 possit.
1903 1205 2157 1268 Iterum
2197 1223 2356 1268 vero
2402 1201 2600 1267 huius

644 1313 828 1357 meae
884 1291 1127 1357 liberae
1181 1299 1248 1356 et
1303 1292 1595 1356 sincerae
1647 1288 2111 1354 admonitionis
2166 1290 2428 1354 veniam
2487 1287 2600 1352 de-

643 1398 895 1462 precor.
988 1378 1090 1442 De
1134 1375 1458 1441 scandalis
1483 1375 1535 1460 ¹)
1595 1374 1653 1439 si
1704 1374 1862 1457 quid
1914 1374 2195 1457 amplius
2248 1373 2598 1452 desideras,

645 1472 722 1529 ut
763 1475 1013 1529 certam
1066 1462 1242 1527 viam
1296 1463 1470 1526 inter
1529 1460 1863 1526 anfractus
1917 1460 2079 1525 istos
2124 1467 2377 1538 teneas,
2432 1457 2599 1525 dabo

645 1569 944 1633 operam,
1004 1557 1080 1612 ut
1137 1547 1393 1630 plenius
1436 1546 1636 1611 etiam
1679 1566 1718 1609 a
1760 1566 1866 1610 me
1910 1545 1980 1610 in
2025 1553 2358 1628 posterum
2406 1545 2598 1609 satis·

645 1636 778 1699 fiat.
847 1632 958 1699 Ad
993 1654 1138 1698 eam
1183 1653 1323 1697 rem
1367 1632 1669 1715 pertinet,
1714 1651 1913 1713 quam
1950 1630 2034 1695 ad
2068 1639 2133 1695 te
2167 1633 2377 1708 mitto,
2424 1630 2598 1712 epis-

646 1720 797 1785 tola.
887 1718 966 1785 Si
1011 1719 1267 1783 vacabit
1308 1718 1544 1801 legere,
1592 1717 1990 1800 appositam,
2047 1725 2124 1780 ut
2172 1736 2382 1799 spero,
2428 1715 2598 1780 iudi-

646 1804 842 1870 cabis.
933 1803 1182 1886 Scripsi
1224 1805 1420 1868 etiam
1463 1801 1755 1868 libellum
1802 1800 1883 1866 de
1926 1799 2276 1880 scandalis,
2323 1802 2433 1883 qui
2478 1821 2600 1866 sua

644 1891 1001 1966 brevitate,
1069 1898 1146 1954 ut
1187 1909 1407 1972 spero,
1466 1887 1549 1951 ad
1607 1897 1673 1950 te
1728 1887 2195 1952 consolandum
2256 1887 2409 1952 usui
2454 1907 2598 1951 esse

643 1977 911 2059 poterit,
985 1996 1188 2058 quum
1244 1973 1605 2040 doctrinam
1660 1972 1873 2054 ipsam
1931 1973 2092 2038 satis
2150 1973 2407 2056 copiose
2462 1972 2596 2037 illic

635 2082 743 2126 me
788 2060 1202 2143 complexum
1248 2081 1388 2124 esse
1432 2058 1823 2123 existimem.
1902 2057 2234 2123 Dominus
2281 2067 2345 2121 te
2389 2059 2594 2140 respi-

637 2149 768 2212 ciat
810 2147 881 2209 in
924 2149 1050 2210 ista
1097 2153 1208 2209 tua
1250 2144 1650 2221 infirmitate,
1710 2152 1778 2207 et
1820 2144 2089 2226 spiritus
2132 2146 2237 2209 sui
2274 2146 2595 2208 virtutem

634 2241 818 2296 tanto
862 2232 1186 2297 efficacius
1230 2238 1506 2306 exserat,
1552 2248 1716 2310 quae
1761 2239 1827 2292 te
1865 2250 1995 2293 non
2032 2229 2252 2294 minus
2287 2228 2358 2292 in
2403 2229 2594 2294 domo

634 2316 840 2398 ipsius
879 2317 1291 2398 conspicuam
1335 2314 1583 2390 reddat,
1646 2334 1845 2396 quam
1888 2316 1960 2377 in
2004 2316 2371 2397 praesentis
2417 2317 2593 2378 vitae

635 2401 1008 2468 conditione
1043 2421 1243 2484 supra
1279 2401 1634 2465 multorum
1671 2411 1909 2464 sortem
1953 2420 2365 2465 communem
2402 2421 2591 2466 evec-

635 2494 769 2552 tam
814 2487 1041 2551 voluit.
1133 2486 1464 2552 Genevae.
1484 2487 1544 2568 ²)

1503 2779 1576 2786 ..-.--
1619 2779 1812 2786 μφ-ω*

1530 3013 1682 3084 375.

629 3167 1060 3235 MINISTRI
1125 3167 1703 3234 TURICENSES
1759 3165 2241 3233 MINIS'PRIS
2310 3166 2587 3233 SENA-

815 3270 973 3336 TUI
1016 3271 1137 3335 ET
1180 3269 1556 3337 POPULO
1601 3269 2409 3338 NEOOOMENSIBUS.

805 3440 1212 3507 Concordiam
1254 3446 1311 3506 et
1351 3441 1912 3506 reconciliationem
1954 3443 2392 3521 commendant,
2453 3441 2586 3506 Fa-

630 3526 856 3592 rellum
892 3526 1157 3591 laudant
1199 3531 1254 3590 et
1296 3532 1612 3603 excusant,
1659 3528 1987 3609 ipsumque
2029 3533 2171 3592 ante
2212 3529 2424 3592 omnia
2469 3549 2554 3610 ap

615 3613 858 3695 pellant
899 3618 970 3677 ut
1009 3613 1182 3676 viam
1212 3611 1398 3692 pacis
1440 3612 1703 3693 aperiat.
2519 3641 2524 3646 ·

627 3783 851 3849 (Exstat
897 3783 954 3835 in
999 3781 1215 3834 Archiv.
1267 3782 1648 3835 Turiceusibus
1701 3800 1802 3852 per
1847 3799 2230 3836 amanuensem
2276 3784 2581 3854 Bulliugeri

627 3852 834 3921 scripta
869 3851 1012 3904 Plut.
1037 3852 1127 3904 vl.
1167 3850 1285 3904 vol.
1325 3851 1423 3903 105
1459 3852 1588 3904 olim
1625 3852 1764 3922 Epp.
1804 3852 1864 3906 T.
1898 3853 1944 3905 Ι.
1979 3852 2070 3904 fol.
2107 3851 2226 3906 337.
2265 3882 2330 3891 -—
2369 3853 2582 3907 Simler.

971 3920 1094 3972 Vol.
1129 3917 1214 3972 50.
1287 3920 1363 3974 Cf.
1401 3920 1745 3986 Kirchhofer,
1782 3920 1941 3974 Farel
1977 3920 2047 3974 11.
2084 3919 2200 3987 41.)

621 4106 1056 4173 Fidelissimis
1100 4108 1520 4173 ecclesiarum
1564 4109 1904 4186 ministris,
1963 4109 2321 4186 Praefecto,
2369 4108 2578 4175 Sena-

621 4194 718 4257 tui
762 4193 1024 4276 utrique
1068 4193 1313 4276 totique
1349 4194 1591 4276 populo
1626 4194 1799 4277 apud
1821 4196 2222 4260 Neocomum
2267 4196 2579 4261 fratribus

857 4300 932 4344 ac
976 4280 1281 4344 Dominis
1326 4280 1677 4344 carissimis
1722 4281 2345 4365 colendissimisque.

791 4414 1096 4481 Gratiam
1143 4423 1211 4480 et
1253 4415 1429 4481 vitae
1467 4415 1915 4483 innocentiam
1959 4438 1999 4482 a
2041 4418 2346 4483 Domino.
2439 4416 2578 4483 Do·

643 4556 838 4563 --.———
899 4556 1034 4562 -——..

671 4637 877 4697 :374bis
937 4637 987 4700 1)
1025 4636 1150 4690 vide
1183 4653 1326 4704 quas
1359 4639 1672 4692 monuimus
1703 4639 1768 4692 in
1798 4638 1982 4705 fronte
2014 4639 2185 4693 huius
2220 4640 2496 4708 epistolae.

831 4707 889 4760 2)
933 4705 1022 4758 De
1056 4711 1234 4758 aetate
1267 4707 1530 4774 epistolae
1581 4708 1695 4761 iam
1730 4708 1870 4761 satis
1905 4709 2165 4762 daimus.
2235 4709 2362 4762 Hoc
2395 4716 2578 4764 tamen

623 4774 904 4829 addemus.
986 4773 1056 4828 Si
1097 4791 1290 4828 revera
1335 4777 1518 4830 Besae
1562 4777 1920 4831 translatoris
1963 4793 2106 4845 opus
2151 4778 2243 4831 hic
2291 4779 2573 4847 habemus,

621 4843 783 4912 fidem
819 4843 941 4897 eius
975 4859 1089 4896 non
1123 4844 1193 4896 ab
1229 4846 1379 4898 omni
1412 4846 1729 4913 suspicione
1761 4846 1987 4900 liberam
2004 4863 2120 4902 esse
2152 4848 2426 4902 concedes.
2478 4850 2576 4903 Ita

622 4918 674 4967 et
705 4928 907 4966 nomen
944 4911 1196 4966 Genevae
1229 4929 1343 4966 non
1378 4915 1574 4967 addita
1610 4915 1724 4968 disi
1767 4921 1818 4968 et
1852 4917 1995 4970 anni
2028 4917 2433 4984 siqnifications
2467 4919 2572 4970 du-

621 4982 768 5035 bium
807 4997 1019 5036 movere
1055 4984 1291 5049 poterit,
1340 4999 1504 5050 qaemm
1553 4985 1857 5038 verosimile
1901 5001 2018 5039 non
2058 4986 2132 5040 sit
2169 4985 2461 5039 Calvinum
2495 4987 2574 5041 ad

621 5051 926 5105 Duc-issam
962 5051 1099 5105 adeo
1133 5053 1468 5119 myliyenter
1500 5054 1805 5121 scripsisse.
1877 5055 1947 5110 Si
1967 5060 2151 5108 tamen
2183 5071 2380 5108 nomen
2413 5056 2573 5110 urbis

618 5121 996 5174 amicum
1041 5121 1242 5188 suerit,
1290 5126 1343 5175 et
1377 5122 1671 5188 Capitonis
1715 5139 1863 5177 mors
2202 5125 2392 5178 autori
2433 5131 2572 5180 nota

619 5204 726 5256 quo
771 5195 1013 5259 tempore
1057 5190 1203 5243 hanc
1246 5193 1525 5256 exaravit,
1565 5197 1725 5259 patet
1775 5209 1896 5246 sam
1933 5193 2140 5261 pm’mis
2165 5199 2299 5264 post
2330 5195 2571 5248 reditum

617 5259 897 5314 mensibus
933 5260 1207 5313 conscribi
1251 5259 1530 5324 debuisse,
1579 5277 1753 5329 nsque
1795 5262 1946 5315 ultra
1985 5263 2203 5331 primos
2239 5263 2571 5318 Novembris

618 5326 734 5381 dies
766 5329 889 5383 eius
921 5328 1183 5383 natalitia
1210 5344 1379 5398 posse
1410 5328 1640 5394 diffem.

2140 413 2670 482 EPISTOLAE
2717 417 2841 479 374
2855 413 3165 479 bis-375

4530 419 4653 482 340

2704 602 2917 667 lemus
2958 621 3045 667 ex
3089 602 3325 679 animo,
3381 604 3617 670 fratres
3660 604 3729 668 in
3772 602 4059 668 Domino
4103 602 4510 669 dilectissimi
4550 624 4654 670 co—

2705 686 3225 770 lendissimique,
3285 688 3556 755 scissam
3599 709 3742 755 esse
3784 688 4087 753 nonnihil
4129 688 4469 755 ecclesiam
4512 711 4656 755 ves-

2708 782 2910 854 tram,
2970 773 3142 856 quod
3201 782 3382 839 certo
3425 782 3682 840 constet
3723 775 4075 840 schismate
4116 796 4250 839 non
4294 796 4436 839 esse
4481 772 4657 839 aliud

2708 859 2891 924 virus
2938 859 3347 941 pestilentius
3406 860 3732 926 ecclesiae.
3822 861 4018 925 Certe
4061 861 4391 926 Dominus
4433 869 4657 926 noster

2706 945 2894 1009 Iesus
2941 943 3250 1010 Christus
3306 945 3475 1009 nihil
3535 946 3805 1029 perinde
3858 945 4215 1011 inculcavit
4271 947 4408 1011 suis
4463 955 4656 1030 atque

2705 1032 2986 1095 fratrum
3040 1030 3451 1096 concordiam
3506 1042 3572 1096 et
3627 1032 3933 1097 ecclesiae
3977 1032 4330 1110 unitatem,
4387 1032 4657 1097 caritate

2704 1137 2893 1180 suam
2936 1116 3256 1180 familiam
3300 1136 3418 1181 ceu
3462 1127 3617 1181 nota
3659 1117 4023 1183 certissima
4058 1117 4137 1181 ab
4175 1117 4321 1182 aliis
4356 1117 4658 1184 omnibus

2702 1202 3235 1285 interstinguens.
3303 1200 3440 1268 Sed
3479 1212 3547 1266 et
3589 1225 3707 1268 vas
3749 1202 4084 1268 electionis
4128 1203 4377 1268 Paulus
4417 1203 4500 1268 ad
4535 1203 4657 1270 hoc

2703 1307 2929 1352 omnes
2972 1296 3166 1352 vocat
3207 1296 3275 1353 et
3315 1286 3386 1352 id
3441 1288 3634 1354 unice
3678 1290 3749 1353 in
3806 1291 3973 1354 votis
4032 1288 4255 1366 habet,
4316 1299 4393 1352 ut
4429 1310 4657 1355 omnes

2702 1373 2775 1437 in
2818 1373 3086 1439 Christo
3121 1395 3328 1437 unum
3368 1373 3638 1456 sapiant
3710 1375 3902 1450 Nam,
3949 1375 4213 1440 obsecro
4249 1395 4365 1439 vos
4398 1375 4656 1455 fratres,

2704 1460 2812 1536 ait,
2856 1480 2979 1541 per
3019 1480 3257 1525 nomen
3306 1459 3579 1524 Domini
3621 1463 3828 1525 nostri
3870 1460 4022 1525 Iesu
4068 1460 4320 1524 Christi
4363 1467 4441 1524 ut
4483 1460 4659 1526 idem

2704 1544 3062 1626 loquamini
3101 1566 3325 1609 omnes
3369 1553 3436 1609 et
3478 1566 3610 1610 non
3657 1547 3790 1609 sint
3830 1547 4005 1610 inter
4049 1568 4165 1611 vos
4209 1544 4495 1625 dissidia,
4542 1545 4658 1612 sed

2704 1630 2852 1694 sitis
2909 1631 3245 1714 integrum
3297 1651 3559 1713 corpus,
3616 1630 3843 1696 eadem
3896 1642 4114 1696 mente
4179 1645 4247 1695 et
4307 1634 4654 1698 sententia.

2703 1715 2956 1779 Verum
2998 1717 3303 1781 inimicus
3338 1716 3570 1781 salutis
3614 1727 3877 1782 nostrae
3922 1717 4044 1782 hoc
4088 1717 4470 1801 diligentius
4504 1740 4657 1784 con-

2704 1800 2960 1866 cordiae
3026 1802 3368 1867 vinculum
3427 1801 3785 1867 dissolvere
3840 1804 4105 1886 satagit,
4165 1824 4293 1885 quo
4345 1803 4659 1888 intelligit

2703 1887 2943 1952 clarius
3009 1888 3078 1950 in
3145 1888 3398 1951 unitate
3464 1896 3530 1952 et
3585 1888 3929 1954 concordia
3994 1892 4273 1953 fratrum
4329 1911 4657 1954 summam

2702 1973 2956 2037 versari
3003 1972 3341 2056 religionis
3396 1994 3593 2037 verae
3614 2025 3628 2051 ,
3688 1994 3883 2056 quam
3943 1975 4068 2039 iste
4126 1995 4461 2056 nunquam
4521 1995 4659 2040 non

2701 2058 2882 2140 cupit
2923 2057 3379 2124 labefactatam
3425 2067 3618 2140 atque
3661 2059 4061 2125 subversam.
4130 2060 4209 2124 Id
4256 2061 4428 2141 quod
4476 2059 4659 2127 haud

2701 2143 2894 2208 dubie
2939 2153 3006 2209 et
3049 2142 3222 2226 apud
3282 2165 3395 2209 vos
3450 2144 3753 2222 ambivit,
3812 2145 4101 2228 adeoque
4159 2154 4226 2209 et
4268 2147 4659 2228 impetravit

2701 2228 2897 2293 huius
2942 2229 3276 2306 nonnihil,
3337 2229 3506 2312 quod
3566 2239 3787 2295 tamen
3842 2251 3975 2295 non
4035 2231 4148 2295 diu
4194 2232 4536 2310 retinebit,
4599 2232 4658 2297 si

2699 2314 2889 2379 modo
2935 2336 3050 2379 vos
3095 2315 3176 2380 ad
3201 2315 3541 2380 Christum
3580 2337 3799 2399 regem
3845 2327 3912 2380 et
3934 2318 4292 2381 Dominum
4330 2329 4655 2398 nostrum,

2698 2401 2809 2483 qui
2853 2400 3038 2464 illum
3083 2401 3269 2466 nobis
3316 2401 3501 2478 vicit,
3557 2403 3886 2479 conversi,
3946 2402 4175 2466 ordino
4219 2404 4491 2485 quisque
4536 2425 4659 2470 suo

2696 2487 2974 2550 firmiter
3012 2488 3394 2566 consistens,
3441 2486 3754 2552 adversus
3788 2487 3978 2552 illum
4014 2489 4268 2553 fortiter
4318 2491 4655 2572 pugnarit,

2697 2582 2764 2635 et
2805 2571 3032 2636 fecerit
3074 2573 3361 2637 officium
3406 2573 3576 2655 quod
3636 2573 3915 2656 singulis
3975 2596 4015 2638 a
4068 2596 4323 2638 summo
4366 2576 4656 2658 impera-

2694 2665 2833 2721 tore
2875 2659 3243 2723 iniunctum
3289 2667 3405 2723 est.
3482 2659 3713 2740 Neque
3757 2661 3929 2722 enim
3978 2660 4220 2724 frustra
4265 2659 4517 2725 dictum
4557 2671 4660 2727 est

2694 2742 2777 2807 ab
2820 2743 3139 2825 apostolo:
3188 2741 3447 2808 subditi
3484 2754 3687 2808 estote
3710 2743 3873 2821 De0,
3922 2747 4207 2810 resistite
4252 2755 4477 2810 autem
4515 2746 4658 2812 dia-

2692 2828 2839 2893 bolo
2883 2838 2953 2892 et
2995 2829 3202 2911 fugiet
3243 2850 3282 2893 a
3326 2830 3510 2894 vobis
3522 2854 3538 2908 ;
3584 2830 4106 2913 appropinquate
4129 2833 4272 2896 Deo
4309 2843 4375 2895 et
4410 2853 4657 2916 appro-

2690 2915 3034 2998 pinquabit
3077 2915 3280 2979 vobis.

2862 3000 3047 3065 Haec
3091 3009 3311 3064 autem
3355 3011 3527 3077 sunt,
3577 3001 3827 3066 Farelle
3869 3001 3940 3065 in
3980 3000 4268 3067 Domino
4313 3002 4659 3070 carissime

2693 3093 2761 3148 et
2797 3084 3169 3150 venerande
3207 3087 3426 3166 frater,
3472 3107 3640 3168 quae
3684 3109 3724 3152 a
3758 3100 3839 3165 te,
3886 3094 3962 3151 ut
4005 3108 4043 3151 a
4078 3089 4291 3170 primo
4336 3089 4658 3156 ecclesiae

2692 3170 3158 3237 Neocomensis
3203 3181 3482 3254 pastore,
3528 3173 3804 3255 requirit
3824 3172 4180 3238 Dominus:
4228 3185 4301 3237 ut
4344 3174 4659 3242 videlicet

2692 3278 2920 3340 pascas
2983 3278 3249 3341 gregem
3314 3259 3565 3324 Christi
3634 3280 3829 3341 quem
3896 3259 4246 3341 acquisivit
4322 3263 4656 3345 sanguine

2691 3364 2826 3421 suo,
2871 3363 3101 3425 pascas
3154 3354 3373 3407 autem
3431 3344 3626 3409 verbo
3674 3344 3970 3409 veritatis
4027 3352 4096 3408 et
4150 3345 4353 3424 vitae,
4412 3369 4492 3413 ac
4550 3370 4658 3414 se-

2691 3426 2981 3492 cundum
3035 3428 3510 3494 institutionem
3564 3428 3815 3495 Christi
3877 3431 4159 3513 pastoris
4212 3433 4488 3510 summi,
4553 3433 4656 3498 di-

2691 3515 2896 3578 centis
2956 3511 3039 3578 ad
3094 3515 3415 3596 apostolos
3474 3536 3652 3580 suos:
3722 3515 3837 3581 Sic
3901 3516 4243 3597 oportebat
4302 3515 4658 3584 Christum

2688 3599 2827 3681 pati
2870 3607 2939 3663 et
2979 3621 3324 3683 resurgere
3367 3622 3407 3664 a
3450 3601 3725 3665 mortuis
3769 3601 3961 3665 tertio
4007 3600 4129 3676 die,
4176 3610 4243 3666 et
4275 3604 4658 3685 praedicari

2690 3685 2958 3748 nomine
3002 3685 3142 3749 eius
3195 3686 3666 3767 poenitentiam
3722 3707 3797 3751 ac
3853 3687 4302 3752 remissionem
4345 3699 4656 3771 peccato-

2687 3791 2854 3834 rum.
2922 3770 3129 3835 Porro
3165 3772 3277 3854 qui
3313 3793 3465 3837 vere
3505 3772 3691 3838 docet
3725 3773 4214 3854 poenitentiam,
4257 3775 4317 3838 is
4353 3777 4656 3856 profecto

2687 3857 3180 3921 conversionem
3224 3855 3305 3920 ad
3340 3856 3579 3935 Deum,
3622 3859 4035 3922 aversionem
4078 3871 4297 3923 autem
4342 3860 4424 3926 ab
4461 3864 4655 3926 omni

2687 3940 2859 4005 malo
2903 3952 2970 4005 et
3013 3964 3053 4006 a
3110 3942 3458 4007 sceleribus
3512 3944 4034 4008 constantissime
4079 3945 4337 4009 suadet:
4412 3968 4654 4029 quem-

2686 4025 3037 4091 admodum
3080 4027 3379 4093 videmus
3430 4029 3630 4093 fuisse
3673 4029 3989 4094 loannem
4035 4030 4404 4112 Baptistam
4449 4056 4655 4116 prae-

2685 4133 3014 4178 cursorem
3060 4112 3350 4177 Domini.
3437 4115 3620 4198 Ergo
3663 4116 3938 4190 scelera,
3996 4115 4216 4196 qualia
4270 4124 4339 4180 et
4394 4130 4655 4199 quanta

2684 4199 2838 4278 sint,
2883 4207 3112 4264 exacte
3158 4198 3481 4265 describat
3523 4213 3591 4264 et
3634 4200 3873 4265 diserte
3918 4210 4178 4266 accuset
4222 4211 4416 4284 atque
4454 4203 4651 4271 dam-

2682 4292 2798 4347 net
2841 4304 3105 4349 necesse
3146 4293 3262 4360 est,
3308 4286 3602 4368 quisquis
3644 4307 3799 4351 vere
3835 4295 3901 4351 et
3934 4286 4291 4352 secundum
4333 4291 4653 4372 regulam

2684 4369 2934 4435 Christi
2978 4370 3447 4452 poenitentiam
3493 4372 3840 4454 praedicat.
3907 4372 4039 4438 Ubi
4077 4373 4256 4437 enim
4301 4375 4466 4439 vitia
4504 4378 4651 4441 vir-

2682 4463 2904 4519 tutum
2949 4455 3271 4521 inducunt
3312 4457 3647 4536 vocabula,
3692 4458 3785 4522 ibi
3825 4480 3942 4540 pro
3987 4458 4342 4524 virtutibus
4385 4462 4653 4528 scelera

2681 4551 2993 4625 regnant,
3054 4553 3120 4606 et
3175 4541 3285 4607 ubi
3343 4543 3615 4608 foeditas
3659 4544 4010 4608 criminum
4054 4566 4186 4608 non
4232 4549 4649 4630 agnoscitur,

2681 4627 2773 4691 ibi
2818 4648 2857 4692 a
2913 4628 3299 4694 criminibus
3359 4627 3711 4694 disceditur
3758 4627 4025 4694 tardius.
4116 4631 4287 4694 Nam
4332 4632 4650 4699 scelerati

2681 4734 2815 4776 non
2849 4714 3247 4797 intelligunt,
3286 4723 3421 4778 tam
3457 4735 3759 4797 spurcam
3793 4737 3935 4780 esse
3970 4715 4174 4779 vitam
4210 4737 4399 4781 suam
4434 4740 4651 4802 quam

2679 4820 2911 4863 revera
2964 4810 3065 4864 est
3119 4801 3191 4864 in
3253 4811 3602 4883 conspectu
3659 4801 3948 4865 Domini.
4053 4800 4396 4882 Quomodo
4452 4805 4649 4870 enim

2678 4885 3056 4969 intelligant
3108 4907 3194 4950 ex
3236 4886 3409 4951 civili
3457 4896 3523 4951 et
3564 4887 3921 4952 involucris
3963 4887 4263 4952 obvelato
4307 4910 4648 4970 sermone,

2678 4971 2805 5036 nisi
2846 4971 3150 5036 minister
3192 4971 3494 5054 loquatur
3533 4971 3802 5050 diserte,
3860 4992 3936 5036 ac
3992 4975 4153 5039 ficus
4198 4976 4392 5055 ficus,
4455 4979 4648 5060 quod

2675 5067 2743 5122 et
2782 5059 3129 5138 proverbio
3174 5056 3568 5136 celebratur,
3637 5058 3922 5142 ligonem
3966 5058 4255 5143 ligonem
4298 5062 4644 5144 appellet?

2675 5141 3064 5226 Colligimus
3099 5165 3254 5227 ergo
3291 5155 3550 5209 tuarum
3575 5146 3860 5230 partium
3892 5165 4051 5225 esse,
4076 5143 4326 5211 Fardle
4360 5149 4647 5232 optime,

2672 5238 2936 5311 peccata
2979 5239 3172 5310 atque
3215 5229 3457 5295 scelera
3502 5230 3725 5314 populi
3766 5230 4006 5295 diserte
4039 5239 4107 5296 et
4149 5231 4314 5296 citra
4357 5232 4647 5301 involu-

2672 5335 2884 5394 crum,
2945 5315 3211 5380 interim
3270 5325 3491 5381 tamen
3547 5338 3698 5383 cum
3754 5316 4103 5399 prudentia
4155 5327 4223 5382 et
4276 5318 4643 5402 gravitate,
