5050 6167
578 394 706 457 255

577 578 820 646 scribit.
921 576 1242 655 Obsecro,
1300 584 1618 660 quantum
1677 596 1794 660 per
1851 576 2057 642 otium
2115 575 2232 641 tibi
2289 572 2526 653 licebit,

576 663 663 730 ad
684 686 790 730 me
832 685 1023 747 saepe
1045 663 1329 729 scribere
1351 683 1484 729 non
1503 664 1820 746 graveris.
1885 662 2243 728 Mussitant
2264 661 2524 744 quidam

580 748 913 817 Calvinum
989 756 1058 815 et
1135 747 1466 814 Frechtum
1542 749 1945 832 Ratisponae
2021 749 2229 832 magis
2305 744 2529 813 solitos

575 838 933 920 βουκερίζειν
974 831 1008 913 ἢ
1052 837 1441 918 φιλιππίζειν.
1542 834 1912 918 Utrumque
1968 834 2202 898 merito
2255 832 2530 898 colimus

576 931 646 988 et
687 941 1103 999 veneramur,
1148 922 1271 985 etsi
1314 919 1642 985 interdum
1688 940 1728 984 a
1768 920 2099 985 nonnullis
2119 917 2526 1001 quorundam

575 1008 865 1076 consiliis
907 1015 976 1073 et
1009 1006 1406 1073 discursibus
1449 1004 1930 1083 dissentiamus,
1976 1014 2276 1071 amanter
2311 1014 2530 1069 tamen

577 1103 646 1160 et
709 1094 894 1160 salva
959 1094 1233 1171 virtute,
1300 1113 1465 1176 quae
1529 1100 1596 1157 et
1657 1093 1824 1157 istuc
1888 1112 2011 1156 nos
2076 1091 2268 1157 docet
2334 1098 2407 1154 ut
2459 1091 2530 1154 in

576 1179 834 1247 iudiciis
901 1199 1030 1244 non
1096 1179 1299 1244 simus
1359 1178 1763 1261 praecipites.
1861 1178 2046 1242 Bene
2103 1176 2214 1241 ille
2275 1178 2533 1240 monuit

578 1265 871 1332 modeste
915 1262 995 1329 de
1037 1264 1295 1347 magnis
1337 1264 1621 1347 ingeniis
1666 1262 2089 1329 iudicandum
2147 1283 2305 1328 esse.
2395 1260 2532 1326 Sed

579 1351 737 1435 quid
781 1371 1135 1416 memorem
1179 1370 1299 1434 ego
1341 1371 1592 1428 moneo,
1639 1359 1704 1414 et
1737 1357 2123 1433 occupatum
2145 1348 2309 1412 meis
2336 1348 2531 1432 nugis

578 1436 1058 1520 occupatiorem
1114 1434 1362 1500 reddo?
1466 1435 1574 1500 Ita
1632 1436 1982 1500 abituriere
1999 1436 2056 1519 ⁸)
2112 1435 2223 1498 isti
2272 1434 2529 1511 fratres,

578 1532 656 1588 ut
714 1541 889 1588 nunc
942 1542 1151 1604 neque
1206 1520 1505 1604 pluribus
1563 1532 1809 1599 tecum,
1854 1541 2067 1602 neque
2110 1520 2337 1603 paucis
2378 1540 2529 1586 cum

579 1606 1010 1675 observandis
1066 1606 1369 1672 Dominis
1424 1616 1491 1671 et
1548 1607 1857 1673 fratribus
1914 1606 2047 1671 tuis
2091 1605 2384 1689 collegis,
2445 1606 2529 1670 D.

584 1693 897 1777 Capitone,
942 1692 1025 1758 D.
1067 1692 1364 1771 Ηεᾱίοηε,
1410 1691 1681 1757 Βεᾶνοίο
1721 1703 1789 1757 6ι
1835 1691 2113 1757 Sturmio
2167 1712 2361 1776 agere
2414 1712 2528 1774 po·

578 1780 839 1857 tuerim,
883 1778 1121 1860 quibus
1164 1778 1357 1843 enixe
1400 1798 1513 1842 oro
1555 1798 1662 1843 me
1696 1778 1981 1843 officiose
2012 1776 2426 1843 commendes
2466 1786 2534 1841 et

580 1865 778 1933 simul
834 1883 1106 1930 excuses
1164 1862 1247 1928 de
1305 1863 1584 1928 silentio.
1685 1864 1912 1930 Nostri
1968 1864 2285 1930 carissimi
2351 1884 2529 1948 sym-

577 1972 647 2017 m
696 1962 835 2017 stae
891 1958 957 2015 et
1014 1969 1135 2014 vos
1192 1970 1419 2015 omnes
1464 1948 1681 2014 salvos
1726 1950 2034 2034 cupiunt,
2091 1948 2390 2032 inprimis
2434 1948 2529 2012 M.

577 1974 720 2103 loll.
767 2035 1182 2101 BemhartuS.
1273 2033 1420 2101 Scis
1476 2033 1633 2118 quid
1689 2035 1755 2100 in
1812 2034 2171 2100 memoriali
2216 2034 2367 2100 dato
2414 2031 2530 2132 tibi

577 2123 981 2189 iniunxerim
1002 2172 1016 2199 ,
1084 2122 1466 2204 praesertim
1543 2121 1623 2186 (16
1688 2120 2228 2186 annotationibus
2294 2119 2531 2185 Bucen

577 2208 652 2274 in
695 2206 1096 2274 Malachiam
1139 2226 1180 2270 a.
1222 2206 1616 2289 stipendiato
1674 2206 1887 2290 aliquo
1940 2206 2243 2273 Ulmensi
2287 2205 2528 2272 descri-

576 2292 807 2361 bendis
822 2292 880 2379 ⁴)
926 2301 992 2358 et
1033 2301 1291 2357 mature
1333 2291 1499 2356 mihi
1551 2290 1928 2370 mittendis,
1984 2300 2322 2376 praeterea
2363 2312 2530 2374 quae

577 2378 1037 2465 typographus
1104 2386 1319 2444 vester
1386 2376 1570 2444 Grato
1584 2378 1643 2461 ὅ)
1704 2399 1933 2445 recens
1996 2376 2259 2444 excudit
2274 2429 2290 2456 ,
2366 2377 2531 2442 Phi-

575 2465 815 2552 lippica
858 2464 1162 2529 maximo.
1236 2462 1488 2529 Mirum
1532 2464 1805 2548 ignavos
1848 2472 2105 2529 nostros
2148 2461 2530 2546 bibliopolas

578 2561 698 2618 aut
738 2550 906 2615 nihil
950 2557 1064 2615 aut
1107 2570 1338 2633 parum
1394 2547 1565 2632 quod
1619 2547 1791 2632 apud
1848 2572 1967 2616 vos
2010 2548 2360 2615 excuditur
2399 2548 2528 2614 huc

576 2638 800 2704 afferri
844 2657 1073 2703 curare
1117 2646 1185 2701 et
1227 2633 1529 2700 vendere.
1617 2635 1802 2701 Bene
1845 2637 1991 2702 vale
2041 2656 2190 2703 cum
2250 2633 2530 2700 honesta

575 2730 693 2790 tua
743 2744 950 2788 uxore
1005 2728 1073 2786 et
1127 2719 1428 2786 omnibus
1485 2721 1693 2786 nostri
1738 2722 2128 2789 amantibus.
2228 2720 2319 2785 Et
2383 2740 2530 2786 mea

576 2816 759 2877 costa
834 2816 1021 2874 tuam
1101 2806 1350 2873 salvam
1428 2806 1628 2889 cupit.
1762 2808 2030 2891 Raptim
2107 2806 2346 2874 Ulmae
2430 2811 2524 2871 14.

1359 2978 1432 3043 Τ.
1480 3000 1563 3044 ex
1606 2978 1827 3044 animo
1872 2978 1964 3044 M.
2010 2977 2352 3045 Frechtus.

750 3153 1023 3217 Fratres
1078 3149 1225 3217 illos
1282 3149 1466 3215 volui
1512 3149 1810 3234 pluribus

576 3237 696 3304 tibi
741 3234 1218 3314 commendare,
1262 3234 1434 3320 quod
1483 3237 1616 3302 scio
1650 3256 1812 3320 quos

575 3321 990 3390 commendat
1063 3321 1383 3400 Bucam-5,
1460 3323 1591 3387 imo
1668 3321 1691 3386 i

574 3410 814 3494 pietas,
924 3415 997 3474 tu
1095 3406 1584 3474 commendatos
1738 3428 1811 3472 os

575 3495 866 3561 maxime
943 3492 1162 3559 habes.
1286 3490 1551 3573 Caesar,
1639 3492 1814 3577 quod

574 3579 871 3648 Bucam
926 3578 1261 3663 apposuit,
1332 3579 1603 3644 molitur
1673 3579 1811 3646 abi·

576 3667 845 3733 tionem.

1352 3844 1421 3849 W-
1480 3842 1757 3850 ———--

1473 3990 1623 4062 337.

1071 4124 1550 4196 TOSSANUS
1595 4127 2031 4197 OALVINO.

756 4301 962 4380 Quum
978 4318 1170 4381 neque
1202 4299 1273 4364 in
1310 4298 1598 4366 Gmnitiis
1638 4301 1885 4384 aliquid
1906 4301 2209 4384 perficere
2230 4301 2523 4384 potuerit,

573 4404 766 4467 neque
815 4384 989 4465 apud
1046 4384 1351 4452 Maeones
1397 4387 1600 4451 ianua
1652 4393 1873 4469 aperta
1926 4389 2038 4467 sit,
2103 4388 2415 4454 Genevam
2454 4394 2526 4453 ut

569 4471 784 4537 redeat
842 4471 1024 4537 unice
1080 4492 1345 4552 aequum
1405 4477 1465 4538 et
1515 4472 1670 4538 utile
1731 4479 1837 4540 est.
1938 4472 2071 4540 Pro
2131 4473 2394 4540 Nicozao
2452 4475 2525 4540 in

571 4557 804 4624 ditione
843 4557 949 4620 sui
992 4556 1320 4639 Principis
1361 4556 1523 4623 nihil
1555 4559 1890 4641 impetrare
1919 4561 2145 4642 potuit.

783 4726 891 4792 (Ex
924 4726 1263 4797 autographo
1296 4727 1440 4782 Bibl.
1477 4727 1681 4784 Gener.
1719 4729 1852 4787 cod.
1892 4729 2009 4800 110,
2044 4730 2137 4785 fol.
2178 4728 2319 4796 172.)

570 5035 717 5092 edito
778 4896 842 5033 ἓξ
872 4898 1348 5023 &ladonam-iis
1397 4968 1677 5025 auditoris
1724 4970 2046 5039 eamdam,
2100 4987 2217 5026 non
2266 4987 2335 5026 ex
2383 4970 2523 5026 libro

720 5074 734 5089 ⁶
780 5101 840 5172 5)
877 5105 1223 5160 Denomine
1256 5110 2028 5233 constat,mmar
2075 5109 2154 5164 ‘ne
2186 5124 2388 5165 arrosa
2422 5109 2523 5163 im-

700 5179 832 5229 ecto.
861 5176 1029 5229 Grato
1043 5174 1263 5246 Mylasa
1283 5180 1418 5255 time
1435 5176 1511 5231 M
1841 5178 1853 5190 ‘
2200 5179 2211 5192 “
2359 5195 2522 5234 616616-

643 5310 655 5323 ,
738 5282 757 5311 ,
780 5244 1215 5382 πῖγκιιῖιὲὅ)ἀὴ
1247 5245 1489 5301 eundem
1516 5247 1692 5316 paulo
1727 5253 1893 5304 αιιωα
1926 5248 2192 5304 ediderat.
2264 5247 2522 5317 (Strobel,

2118 384 2645 454 EPIS'POLAE
2693 388 3032 451 336—338

4461 391 4585 454 256

2805 574 3198 641 Doctissimo
3267 576 3411 641 viro
3474 577 3762 643 Domino
3827 576 4104 643 Calvino
4178 579 4366 644 fratri
4439 598 4587 644 meo

2631 659 3054 726 observando.

3968 752 4411 835 Argentorati.

2807 879 2875 946 S.
2966 882 3041 949 Si
3102 892 3430 966 putassem
3488 894 3553 950 te
3610 887 3778 952 istuc
3823 907 4165 953 reversum
4209 910 4353 955 esse
4373 941 4387 965 ‚
4451 909 4585 954 non

2633 968 2998 1033 omisissem
3043 972 3203 1050 quin
3247 970 3490 1053 aliquid
3535 972 3617 1037 ad
3661 988 3725 1037 te
3768 973 4113 1038 literarum
4167 996 4284 1058 per
4331 990 4586 1041 nostros

2636 1052 2932 1118 homines
2967 1055 3312 1121 misissem.
3381 1058 3525 1140 Ego
3556 1058 3785 1125 multis
3808 1058 3889 1124 de
3909 1060 4125 1126 causis
4163 1059 4586 1126 vehementer

2635 1138 2998 1222 gaudebam
3054 1152 3119 1205 te
3176 1163 3317 1207 esse
3374 1143 3445 1206 in
3500 1145 3813 1223 comitiis,
3870 1145 3983 1210 sed
4052 1168 4251 1228 quum
4309 1168 4440 1213 non
4486 1158 4586 1213 est

2635 1245 2876 1308 magna
2931 1247 3080 1308 spes
3136 1226 3242 1313 (ut
3299 1229 3517 1306 video)
3576 1229 3956 1298 concordiae
4011 1242 4079 1295 et
4132 1231 4259 1297 alio
4315 1244 4585 1299 vocatur

2639 1309 2892 1387 Caesar,
2924 1309 2972 1396 ¹)
3018 1314 3264 1396 gratias
3300 1335 3422 1398 ago
3446 1313 3730 1381 Domino
3765 1317 3910 1382 Deo
3944 1317 4116 1399 quod
4155 1318 4340 1383 nobis
4384 1340 4584 1385 sanus

2636 1407 2704 1460 et
2745 1396 3091 1471 incolumis
3132 1397 3421 1465 redieris.
3524 1400 3660 1467 Sed
3717 1423 3851 1468 non
3909 1415 4039 1481 est,
4105 1404 4310 1470 frater
4366 1407 4456 1470 mi
4515 1407 4585 1470 in

2634 1483 2923 1548 Domino
2979 1484 3132 1549 Iesu
3188 1484 3624 1565 observande,
3691 1499 3767 1552 ut
3830 1490 3898 1552 in
3963 1491 4257 1555 animum
4313 1491 4584 1558 inducas

2634 1568 2780 1634 istic
2824 1569 3068 1635 diutius
3110 1569 3398 1637 haerere.
3488 1571 3565 1639 Si
3618 1574 3819 1639 ianua
3863 1576 3978 1640 tibi
4039 1591 4263 1657 aperta
4307 1599 4439 1642 non
4482 1587 4586 1642 est

2636 1652 2720 1719 ad
2764 1655 3191 1733 Metenses‚2)
3239 1658 3670 1725 Genevenses
3706 1674 3769 1725 te
3803 1670 4045 1725 vocant
4078 1682 4461 1746 magnoque,
4507 1672 4586 1727 ut

2633 1741 2772 1823 ipse
2830 1741 2998 1817 vidi,
3053 1741 3374 1809 desiderio
3434 1755 3847 1827 exspectant:
3909 1768 4183 1830 quorum
4242 1758 4584 1831 exspecta-

2633 1828 2881 1892 tionem
2925 1829 2981 1892 si
3024 1828 3233 1907 fallas,
3277 1850 3412 1895 non
3460 1828 3647 1895 video
3689 1832 4009 1914 quomodo
4048 1834 4137 1898 sis
4180 1854 4398 1899 coram
4443 1833 4584 1900 Do-

2634 1913 2813 1976 mino
2856 1933 3306 1996 responsurus.
3382 1914 3606 1997 Quare
3648 1916 3913 1984 obsecro
3950 1930 4014 1983 te
4056 1940 4175 2002 per
4218 1919 4585 1987 Dominum

2633 1997 2855 2064 Iesum
2899 2009 2966 2064 et
3008 2000 3319 2082 pietatem
3363 2010 3564 2079 tuam,
3610 2012 3684 2067 ut
3736 2004 3949 2088 primo
3994 2026 4247 2088 quoque
4290 2013 4583 2090 tempore

2634 2083 2715 2147 ad
2760 2084 2888 2149 iter
2925 2086 3305 2169 accingaris.
3379 2088 3483 2154 De
3522 2088 3785 2155 Nicolao
3802 2091 3858 2175 ⁸)
3902 2110 4097 2173 quem
4144 2090 4274 2157 huc
4308 2093 4584 2159 miseras

2578 2190 2582 2203 ·
2634 2190 2792 2234 vere
2834 2170 3000 2235 mihi
3043 2180 3110 2237 et
3151 2193 3235 2238 ex
3280 2175 3499 2239 animo
3542 2173 3751 2240 doluit
3808 2197 3938 2241 non
3992 2177 4396 2243 satisfactum
4440 2198 4583 2244 esse

2633 2263 2785 2320 tuae
2828 2256 3167 2323 voluntati.
3258 2257 3393 2324 Sed
3437 2260 3544 2326 hic
3587 2261 3773 2327 nobis
3818 2283 3951 2327 non
3997 2262 4150 2329 licet
4187 2284 4584 2347 quemquam

2632 2343 2920 2425 recipere
2986 2345 3131 2409 sine
3195 2346 3596 2424 testimonio,
3660 2348 4116 2431 Principisque
4182 2359 4251 2413 et
4312 2371 4583 2416 suorum

2633 2429 2997 2494 autoritate.
3097 2429 3329 2513 Itaque
3383 2452 3586 2514 quum
3636 2433 3749 2498 ille
3808 2434 3936 2499 huc
4000 2436 4210 2513 venit,
4279 2436 4335 2500 si
4401 2436 4582 2501 volui

2633 2512 2965 2579 hominem
3019 2517 3332 2595 retinere,
3391 2538 3658 2583 necesse
3724 2519 3925 2586 habui
3992 2519 4303 2586 exhibere
4358 2522 4582 2588 literas

2633 2610 2816 2678 tuas,
2884 2601 2955 2664 in
3019 2600 3253 2684 quibus
3314 2601 3501 2668 illum
3566 2603 3661 2671 sic
3723 2627 3763 2670 a
3819 2607 4063 2689 pietate
4117 2608 4583 2690 literarumque

2633 2684 2848 2750 studio
2891 2685 3423 2768 commendabas,
3482 2701 3557 2754 ut
3612 2690 3781 2755 nihil
3827 2714 4113 2775 unquam
4157 2694 4375 2758 minus
4419 2693 4583 2758 mihi

2632 2772 2922 2837 venisset
2961 2772 3032 2837 in
3076 2786 3361 2840 mentem
3406 2795 3604 2858 quam
3647 2788 3723 2842 ut
3765 2777 3847 2843 ob
3890 2778 4006 2843 illa
4046 2799 4258 2862 pauca
4300 2799 4467 2862 quae
4510 2780 4582 2844 in

2633 2856 2901 2923 homine
2943 2858 3359 2926 desiderabas
3414 2883 3547 2927 non
3590 2863 4020 2944 reciperetur:
4080 2875 4148 2929 et
4202 2865 4354 2946 soli,
4414 2873 4585 2930 teste

2631 2944 2939 3023 Domino,
2980 2944 3389 3012 Cancellario
3434 2946 3656 3014 literas
3700 2960 3850 3015 tuas
3892 2949 4304 3016 ostenderam
4358 2964 4435 3015 ut
4477 2950 4584 3016 cui

2632 3050 2789 3114 prae
2831 3032 3107 3097 cacteris
3150 3031 3451 3098 fidebam.
3541 3032 3959 3118 Quanquam,
4019 3047 4090 3101 ut
4145 3058 4297 3102 vere
4350 3035 4582 3105 dicam.

2630 3137 2765 3181 non
2833 3127 2970 3182 tam
3024 3118 3223 3183 fuerit
3273 3119 3343 3182 in
3407 3139 3606 3186 causa
3660 3122 4112 3187 testimonium
4166 3134 4387 3200 tuum,
4455 3143 4584 3205 quo

2631 3203 2855 3268 minus
2907 3203 3021 3268 ille
3072 3213 3373 3287 receptus
3431 3205 3548 3284 sit,
3608 3227 3804 3289 quam
3848 3206 4019 3291 quod
4065 3207 4174 3275 1116
4216 3216 4406 3274 erant
4449 3209 4585 3273 iam

2632 3309 2710 3353 eo
2754 3295 3048 3371 tempore
3091 3292 3310 3357 nescio
3354 3312 3521 3374 quae
3578 3292 3805 3358 turbae
3852 3304 4137 3371 exortae,
4181 3315 4347 3377 quae
4391 3293 4582 3360 nobis

2630 3374 2887 3439 interea
2940 3375 3299 3458 plurimum
3355 3377 3800 3444 exhibuerunt
3845 3379 4196 3445 molestiae.
4307 3380 4398 3446 Et
4461 3402 4582 3464 pu·

2632 3460 2862 3527 tabant
2902 3461 3258 3528 consiliarii
3299 3485 3423 3543 me,
3465 3463 3798 3547 Principis
3839 3465 4148 3532 mandato
4185 3474 4582 3550 contempto,

2630 3545 2817 3610 illum
2861 3544 2993 3614 huc
3032 3548 3128 3614 eis
3171 3549 3396 3616 11166116
3441 3549 3814 3629 advocasse,
3859 3552 4210 3634 invitisque
4241 3552 4582 3618 ministros

2633 3631 2803 3696 velle
2854 3631 3231 3712 obtrudere,
3288 3634 3839 3718 quemadmodum
3898 3636 4021 3703 hoc
4078 3637 4237 3703 mihi
4293 3659 4369 3705 eo
4437 3639 4581 3721 ipso

2634 3717 2767 3798 die,
2824 3719 2985 3784 satis
3038 3740 3266 3786 severe
3329 3720 3824 3804 exprobrarunt.
3934 3722 4029 3788 Et
4091 3722 4411 3790 habemus
4475 3723 4584 3791 hic

2633 3805 2851 3870 nescio
2921 3825 3085 3888 quos
3194 3806 3440 3872 erditos
3505 3829 3581 3873 ac
3644 3807 4013 3890 deploratos
4068 3808 4400 3889 homines,
4467 3809 4583 3894 qui

2632 3888 2842 3955 multa
2896 3900 3073 3955 certe
3172 3893 3559 3977 esignarunt
3609 3895 3783 3959 veris
3836 3894 4023 3960 verbi
4077 3896 4207 3961 Dei
4258 3895 4583 3962 ministris

2629 3973 2923 4059 indigna,
2969 3976 3084 4042 sed
3129 3998 3411 4060 quorum
3443 3979 3696 4063 flagitia
3727 3981 3950 4045 omnia
3982 3982 4054 4046 in
4074 4002 4179 4047 me
4197 3981 4583 4048 reiiciuntur

2630 4062 2741 4144 qui
2785 4062 2949 4128 tales
2991 4062 3100 4128 vel
3143 4062 3515 4131 advocarim
3559 4066 3666 4131 vel
3710 4067 4085 4149 receperim,
4132 4076 4206 4131 ut
4238 4087 4580 4150 nunquam

2630 4147 2880 4213 maiore
2916 4148 3122 4214 animi
3163 4170 3458 4216 moerore
3492 4151 3727 4216 fuerim
3774 4154 4101 4219 confectus
4122 4174 4322 4238 quam
4360 4151 4574 4219 hodie.

2629 4233 2920 4299 Proinde
2942 4232 3204 4301 obsecro
3240 4244 3323 4316 te,
3367 4237 3461 4301 mi
3483 4238 3702 4316 frater,
3749 4249 3825 4304 ut
3858 4258 3992 4303 non
4028 4238 4236 4305 solum
4270 4239 4575 4324 ignoscas

2629 4317 2824 4398 mihi,
2881 4319 2938 4386 si
2994 4319 3151 4403 quid
3203 4323 3274 4387 in
3350 4322 3607 4389 Nicolai
3662 4345 3860 4389 causa
3921 4323 4172 4391 invitus
4234 4327 4575 4410 peccarim,

2628 4404 2742 4470 sed
2766 4405 3125 4472 Dominum
3170 4409 3369 4474 etiam
3412 4428 3532 4491 pro
3575 4431 3682 4474 me
3724 4410 4120 4495 interpelles.
4165 4411 4577 4496 salutemque

2629 4581 2744 4587 --.--ι
2793 4582 3038 4589 -ffl

2630 4694 2886 4820 12⁷6&
2921 4700 3033 4754 scil.
3105 4700 3166 4753 in
3235 4700 3475 4768 Italiam,
3549 4700 3791 4757 Sleidan.
3867 4703 3952 4756 11.
4022 4703 4143 4759 241.
4231 4708 4388 4774 Corp.
4449 4705 4575 4775 Ref-

2831 4833 2895 4902 2)
2934 4833 3024 4889 De
3063 4836 3391 4904 primordiis
3434 4838 3844 4905 reformationis
3892 4839 4158 4896 Metam
4199 4858 4404 4912 parum
4451 4842 4575 4909 fols·-

2627 4902 2780 4958 cu‘bus
2813 4918 2865 4958 v.
2903 4903 3176 4972 Herninj.
3213 4905 3267 4959 I.
3301 4904 3404 4960 259
3438 4922 3498 4975 6.,
3535 4905 3638 4961 371
3672 4923 3716 4962 s.
3774 4907 3818 4963 8
4119 4926 4324 4966 amosa.
4360 4911 4571 4967 6617.

2627 4969 2732 5026 360
2765 4986 2837 5026 66.
2918 4970 3120 5027 Eiusd-
3167 4974 3311 5029 Acta
3343 4975 3468 5031 hist.
3514 4978 3635 5032 eccl.
3692 4974 3829 5031 Ulm.
3866 4976 4002 5032 1738
4055 4978 4099 5031 I.
4139 4978 4240 5035 156
4273 4996 4344 5036 ss.
4420 4979 4574 5052 Otry,

2624 5038 2968 5109 perseeution-
3013 5041 3081 5096 de
3123 5040 3286 5112 1²eq
3341 5044 3408 5098 (16
3455 5044 3607 5101 Mete
3649 5046 3731 5100 ed.
3782 5045 3993 5116 Οιιυίεν,
4043 5048 4257 5103 Iatrod.
4290 5066 4348 5119 p.
4386 5048 4468 5104 13.
4508 5078 4571 5089 —

2637 5107 2756 5178 Quo
2801 5115 3036 5179 tempore
3083 5109 3316 5167 Comitia
3365 5112 3792 5171 Ratisbonensia
3842 5116 4250 5173 celebrabantur
4305 5118 4574 5173 Metenses

2627 5178 2893 5315 {1333an
2912 5178 3194 5315 aizonis
3228 5182 3624 5252 professionem
3664 5185 3991 5255 flcqt’tabant
4048 5186 4228 5253 (Hiar.
4273 5188 4396 5244 6661.
4443 5187 4573 5243 ΙΙΙ.

2794 5264 2824 5303 s
3019 5262 3048 5302 6
3100 5263 3149 5303 a.

2837 5318 2898 5383 3)
2939 5315 4138 5393 Fortassissodeqqu214et221..
