5050 6167
377 466 489 528 457

373 648 486 718 Ma
632 649 648 664 ’
686 668 932 714 nomen
975 654 1095 714 est.
1117 649 1177 734 ⁸)
1275 646 1579 714 Praefuit
1620 645 1951 712 canonicis
1993 645 2316 731 regulari-

368 736 485 804 bus
588 754 782 801 neae:
843 734 1120 799 adduxit
1176 741 1328 813 tres,
1349 734 1409 808 ⁴)
1469 753 1679 797 unum
1736 751 1967 816 graece
2026 732 2317 798 doctissi-

367 842 563 901 mum,
607 822 893 905 reliquos
935 819 1098 886 duos
1143 820 1413 885 iuvenes
1458 817 1799 884 studiosos.
1885 818 2018 884 Hic
2060 817 2312 884 labora-

368 909 582 975 vimus
626 907 758 973 iam
802 929 886 971 ne
942 906 1016 970 in
1059 906 1265 970 tantis
1307 903 1616 971 eeclesiae
1663 915 1925 970 nostrae
1967 904 2199 987 opibus
2241 903 2313 968 hi

368 994 672 1061 esuriant.
758 992 1040 1074 Respice
1081 1013 1204 1057 nos
1247 990 1536 1056 Domine
1576 990 1749 1056 Iesu.
1816 989 1949 1056 Hic
1990 998 2056 1054 te
2096 998 2316 1056 servet

365 1089 431 1146 et
468 1087 639 1158 tuos,
682 1085 751 1142 et
791 1078 1027 1144 habete
1070 1086 1364 1142 nostram
1408 1075 1788 1155 ecclesiam,
1833 1085 1910 1141 ut
1954 1074 2195 1156 soletis,
2241 1076 2312 1139 in

366 1164 599 1318 Bestrli?
640 1164 943 1247 precibus
994 1162 1538 1230 commendatam.
1625 1159 1826 1241 Vale,
1883 1161 2162 1246 Argent.
2207 1164 2309 1226 28.

426 1258 528 1317 eto
573 1272 625 1315 r.
677 1253 860 1314 1542.

1691 1382 1784 1449 M„
1829 1382 2144 1451 Bucerus.

1255 1895 1404 1968 431.

897 2049 1360 2121 OALVINUS
1403 2049 1775 2118 VIRETO.

532 2221 883 2290 Consilium
915 2223 992 2289 de
1028 2222 1204 2289 bonis
1236 2223 1664 2290 ecclesiasticis
1696 2227 1827 2289 tam
1860 2242 1939 2288 ex
1970 2223 2116 2286 iure
2149 2240 2310 2289 eont-

357 2310 539 2375 sumi
603 2311 928 2393 repetitum
984 2329 1177 2391 quam
1227 2315 1504 2390 respectu
1555 2308 1856 2374 commodi
1913 2307 2313 2375 eeclesiarum

356 2400 600 2547 aponi&
478 2415 731 2547 06:¹9:th
783 2395 985 2461 Varia
1004 2396 1082 2462 de
1103 2394 1297 2542 {talis
1319 2397 1602 2461 Genevae
1620 2393 1997 2479 deyentibus,
2035 2394 2311 2459 maxi‘me

356 2677 784 2759 (Autographon
817 2693 926 2732 non
962 2681 1158 2760 exstat:
1225 2676 1523 2800 Exemglar
1555 2678 1668 2731 anti
1711 2676 1988 2732 nissimum
2021 2675 2311 2731 Ionvillaei

355 2763 516 2829 manu
553 2753 823 2816 scriptum
856 2746 1090 2828 habetur
1133 2764 1192 2828 ιιι
1229 2745 1360 2800 Ood.
1447 2762 1599 2800 enev.
1639 2746 1669 2799 1
1711 2746 1781 2798 1⁸.
1817 2746 1909 2800 fol.
1944 2744 2032 2798 25.
2066 2815 2078 2827 ·
2103 2745 2310 2827 {lecen-

353 2819 500 2870 hora
534 2815 854 2886 apographa
901 2820 1028 2869 sunt
1071 2814 1202 2868 ibid.
1241 2814 1372 2896 Cod.
1417 2815 1540 2897 lll,
1587 2814 1680 2869 fol.
1718 2814 1812 2878 71,
1860 2814 2155 2896 Turi-etim,
2191 2820 2309 2867 tum

353 2883 649 3024 Ἢῖἰξ.
671 2885 813 3022 {3²¹3
845 2881 1473 3022 &wama
1498 2882 2084 3021 ξ’ἰὶῗιέἳὲῗῗῖςῗ
2110 2884 2310 3019 Q?

523 3151 802 3216 Literae
845 3157 1015 3231 tuae,
1059 3149 1298 3232 quibus
1331 3147 1612 3234 rogabas
1645 3156 1724 3215 ut
1755 3147 1838 3215 de
1879 3148 2071 3214 bonis
2107 3148 2312 3215 eccle-

352 3235 642 3303 siasticis
693 3234 937 3319 aliquid
991 3236 1485 3314 conscriberem,
1511 3238 1562 3312 ¹)
1626 3234 1793 3300 mihi
1849 3233 1956 3299 die
1998 3235 2236 3300 Lunae
2253 3233 2310 3320 2)

352 3322 655 3387 mdditae
695 3322 995 3402 fuerunt,
1049 3342 1251 3404 quum
1305 3320 1522 3386 adhuc
1563 3340 1774 3386 essem
1818 3319 1889 3385 in
1930 3319 2313 3403 nuptiarum

351 3407 472 3473 reli
519 3409 655 3473 uiis
670 3406 727 3493 ⁸)
770 3413 1140 3507 occupatus.
1231 3405 1627 3489 Quanquam
1683 3404 1848 3470 illud
1906 3426 2013 3470 me
2072 3427 2112 3470 a
2152 3406 2312 3471 scri-

350 3491 478 3558 ben
527 3515 567 3559 o
611 3494 887 3559 minime
930 3492 1336 3576 impedisset:
1397 3490 1513 3557 sed
1570 3492 1650 3557 ab
1694 3511 1772 3557 eo
1828 3498 2122 3574 tempore
2165 3489 2313 3555 nul-

349 3577 488 3644 lum
535 3579 857 3663 temporis
898 3587 1308 3644 momentum
1341 3577 1509 3642 mihi
1549 3598 1829 3643 vacuum
1867 3577 2008 3641 fuit.
2097 3576 2315 3643 Pestis

351 3660 459 3730 hic
503 3685 767 3749 quoque
810 3664 1260 3730 vehementior
1303 3685 1447 3729 esse
1489 3663 1755 3746 incipit,
1810 3670 1879 3727 et
1914 3662 2107 3745 pauci
2150 3683 2315 3745 quos

351 3750 657 3835 attigerit
710 3750 877 3816 salvi
931 3750 1238 3816 evadunt.
1340 3748 1791 3814 Destinandus
1845 3747 1970 3812 fuit
2021 3769 2196 3812 unus
2232 3768 2316 3812 ex

351 3847 584 3902 nostro
630 3835 905 3920 collegio
947 3837 1058 3919 qui
1102 3834 1384 3920 aegrotis
1429 3834 1701 3900 adesset.
1791 3832 1965 3913 Quia
2006 3832 2238 3898 Petrus
2254 3836 2312 3910 ⁴)

351 3939 422 3986 se
465 3921 715 3988 obtulit
755 3921 944 3987 facile
988 3941 1216 3986 omnes
1259 3920 1437 4003 passi
1478 3925 1651 3985 sunt.
1724 3916 1803 3984 Si
1845 3916 2002 4001 quid
2046 3920 2105 3983 ei
2149 3918 2316 3984 acci-

353 4003 543 4086 derit,
592 4027 828 4074 vereor
871 4029 955 4072 ne
996 4005 1162 4071 mihi
1204 4014 1350 4089 post
1391 4027 1541 4071 eum
1593 4006 1680 4071 sit
1717 4003 2239 4088 periclitandum.
2259 4003 2317 4090 ⁵)

354 4088 550 4174 Nam,
594 4100 677 4158 nt
717 4090 911 4172 dicis,
969 4092 1124 4175 quia
1178 4113 1407 4157 sumus
1461 4090 1738 4175 singulis
1779 4088 2093 4154 membris
2137 4090 2318 4154 debi-

357 4182 555 4258 tores,
596 4199 736 4244 non
765 4197 1119 4261 possumus
1139 4177 1222 4242 iis
1257 4176 1486 4242 deesse
1521 4176 1635 4259 qui
1669 4195 1828 4259 prae
1851 4174 1999 4241 aliis
2019 4185 2319 4241 nostrum

562 4485 628 4546 Β)
672 4483 830 4540 Petri
859 4484 1020 4540 Verm
1033 4485 1046 4497 “
1079 4484 1145 4538 lii
1161 4482 1483 4538 Florentius·
1514 4481 1689 4536 vitam
1722 4481 2068 4549 scripserumt
2102 4479 2318 4535 Schlos·

354 4564 514 4607 ms
550 4553 625 4608 V.
675 4553 809 4608 clar.
854 4558 906 4607 et
953 4553 1029 4609 Sc
1065 4553 1295 4607 midtius
1339 4557 1526 4607 noster
1571 4550 1725 4616 Ezbf.
1773 4549 1927 4603 1858.
2001 4549 2099 4603 Ex
2144 4549 2322 4603 Italia

349 4621 642 4690 profuyus
675 4638 746 4676 m.
784 4622 832 4678 S
898 4623 1098 4676 tembre
1138 4622 1403 4676 illm-icum
1436 4625 1681 4687 venerat,
1730 4617 1926 4673 deinde
1960 4618 2323 4686 Argenteo-ati

350 4690 821 4814 &Bucen-um
830 4639 1084 4760 zimino
1107 4697 1506 4759 receptusmox
1538 4689 1935 4758 professionem
1969 4687 2322 4755 theologicam

563 4827 630 4892 4)
671 4827 913 4882 Paulum
948 4829 1241 4884 Laeisium
1271 4830 1473 4884 Veron.
1502 4828 1674 4898 profi,
1714 4826 2082 4881 Theodosium
2109 4822 2322 4878 Trebel-

353 4895 496 4950 lium
527 4903 582 4952 et
617 4898 733 4952 Iul.
772 4897 1274 4953 Smeremiamm
1311 4898 1700 4952 Placentinum
1736 4895 1960 4964 (Simler
1990 4893 2122 4949 Vita
2157 4894 2321 4947 Mar-

354 4966 498 5035 tyris
517 4982 619 5035 ap.
645 4965 854 5021 Ger-des
889 4968 1011 5023 Ser.
1030 4967 1160 5022 ΙΙΙ.
1185 4968 1280 5033 17‚·
1316 4968 1530 5036 Meyer,
1553 4968 1811 5022 Loearno
1838 4966 1891 5019 1.
1916 4964 2005 5031 29,
2024 4962 2201 5033 Bayle
2220 4971 2320 5015 etc.

399 5034 529 5095 431.
570 5037 633 5101 1)
673 5035 754 5103 Cf.
799 5035 875 5092 N.
909 5037 1014 5090 426
1048 5037 1126 5091 ad
1160 5053 1328 5105 quam
1345 5036 1572 5092 Viretus
1604 5033 1911 5104 respondit,
1947 5033 2108 5087 euius
2141 5037 2324 5086 tamen

354 5117 439 5170 ep.
475 5121 600 5160 non
633 5110 834 5159 exstat.

565 5174 633 5234 2)
673 5174 760 5227 23.
803 5173 919 5229 Oet.
953 5174 1071 5228 nisi
1101 5174 1375 5241 fallimur,
1412 5173 1540 5228 vide
1572 5171 1731 5239 infra
1761 5175 1873 5226 not.
1910 5169 1962 5224 8.

563 5243 631 5308 Β)
671 5241 896 5297 illarum
923 5249 1073 5312 puta
1105 5242 1174 5297 de
1444 5242 1525 5297 N.
1561 5242 1683 5295 423.

566 5310 631 5374 4)
670 5311 962 5380 Blanehet,
999 5313 1100 5382 qui
1132 5328 1262 5366 mox
1295 5312 1419 5380 ipse
1459 5310 1643 5365 eodem
1676 5310 1862 5364 morbo
1896 5308 2161 5375 abreptus
2192 5305 2324 5373 fuit.

567 5379 634 5444 5)
681 5377 2167 5451 Quodmaawoonsuuoo.1un.1o43vmmm.

2103 460 2266 523 1542
2310 456 2639 525 OOTOB.

4232 470 4360 530 458

2416 646 2860 711 ministerium
2904 645 3292 713 desiderant.
3381 648 3610 732 Neque
3666 657 3890 715 tamen
3944 672 4165 717 meum
4208 674 4362 719 con-

2417 733 2636 796 silium
2682 741 2782 798 est
2825 741 2931 810 ut,
2992 731 3148 797 dum
3191 734 3492 801 volumus
3536 735 3710 818 parti
3750 737 4102 817 consulere,
4144 737 4365 822 ipsum

2417 818 2725 883 ecclesiae
2775 840 3008 901 corpus
3066 818 3460 885 descramus.
3566 818 3702 886 Sed
3759 822 4071 904 quamdiu
4135 844 4364 891 sumus

2417 904 2484 967 in
2544 903 2666 969 hoc
2720 925 3022 982 munere,
3092 927 3226 976 non
3280 905 3473 971 video
3525 905 3678 989 quid
3736 914 4119 989 praetexere
4174 909 4364 975 nobis

2413 988 2610 1053 liceat
2674 990 2728 1054 si
2794 989 3064 1072 periculi
3140 991 3377 1055 timore
3446 1011 3558 1056 eos
3637 991 4050 1058 destituimus
4127 994 4363 1076 quibus

2415 1076 2708 1139 maxime
2751 1075 2997 1140 auxilio
3037 1096 3200 1158 opus
3257 1084 3376 1141 est.
3482 1074 3824 1157 Quantum
3877 1077 3958 1141 ad
4001 1099 4118 1145 vos
4158 1079 4362 1162 perti-

2416 1166 2551 1237 net,
2598 1158 2739 1224 dixi
2782 1160 2900 1225 tibi
2945 1160 3099 1243 quid
3134 1160 3300 1224 mihi
3333 1160 3687 1227 videretur.
3751 1163 3944 1229 Nunc
3986 1164 4141 1246 quia
4177 1163 4362 1231 vobis

2413 1245 2525 1309 ille
2568 1246 2863 1311 sublatus
2906 1254 3037 1324 est,
3094 1245 3501 1329 quaerendus
3559 1253 3660 1312 est
3712 1247 3879 1312 alter
3929 1248 4043 1331 qui
4095 1248 4167 1313 in
4223 1249 4363 1315 eius

2414 1331 2628 1396 vicem
2681 1331 3134 1397 substituatur.
3231 1331 3309 1397 Si
3361 1352 3553 1397 nemo
3616 1333 4011 1415 reperietur,
4075 1333 4364 1400 ineunda

2414 1416 2600 1483 vobis
2635 1424 2736 1481 est
2772 1417 2961 1496 ratio,
2998 1415 3112 1482 sed
3147 1416 3228 1481 de
3272 1417 3605 1482 communi
3645 1419 3916 1483 consilio
3958 1418 4252 1484 fratrum.

2586 1500 3034 1568 Bernardinus
3096 1509 3318 1567 noster
3379 1503 3568 1568 miris
3629 1503 3955 1569 machinis
4026 1505 4362 1588 impetitus

2414 1591 2588 1665 est⁰)
2646 1595 2723 1653 ut
2765 1586 2949 1653 nobis
2992 1585 3455 1653 abduceretur:
3510 1597 3891 1654 constanter
3940 1595 4159 1654 tamen
4211 1611 4361 1673 per-

2414 1681 2563 1738 stat.
2666 1673 2760 1738 Et
2810 1695 3053 1757 magna
3120 1695 3201 1738 ex
3256 1681 3446 1756 parte
3512 1694 3738 1739 ansam
3794 1673 4112 1756 praecidit
4166 1674 4361 1740 Anti-

2413 1758 2681 1837 christ0,
2718 1779 2804 1824 ne
2883 1758 3106 1825 osthac
3141 1758 3222 1823 de
3257 1780 3333 1824 eo
3369 1757 3774 1825 sollicitando
3808 1760 4065 1843 cogitet.
4132 1757 4360 1844 Scrip-

2414 1844 2502 1909 sit
2545 1843 2720 1909 enim
2764 1866 2847 1910 vo
2877 1865 3071 1909 umen
3111 1845 3496 1910 concionum
3517 1845 3574 1922 ⁷)
3627 1845 3698 1909 in
3741 1844 3927 1911 cuius
3968 1846 4103 1909 fine
4143 1845 4362 1927 palam

2413 1930 2760 2012 profitetur
2813 1949 2885 1994 se
2951 1938 3252 1995 nostrum
3305 1950 3573 2013 prorsus
3631 1949 3707 1993 ac
3771 1930 3914 1994 sine
3975 1931 4363 2013 exceptione

2412 2035 2573 2080 esse.
2688 2014 2886 2080 Multi
2954 2014 3110 2079 Itali
3183 2035 3334 2079 eum
3399 2014 3716 2081 invisunt.
3824 2015 3918 2080 Et
4000 2015 4129 2080 iam
4195 2015 4362 2081 duos

2412 2099 2577 2165 alios
2620 2100 3105 2166 concionatores
3140 2099 3475 2166 habemus.
3537 2098 3925 2181 Quicunque
3966 2120 4115 2165 eum
4158 2121 4361 2166 nove-

2413 2193 2574 2250 runt
2635 2185 3021 2251 existimant
3084 2207 3216 2250 non
3290 2206 3565 2269 parvam
3629 2185 4061 2251 accessionem
4124 2185 4365 2252 factam

2415 2291 2557 2335 esse
2603 2268 2854 2336 Christi
2897 2292 2969 2335 re
3065 2292 3104 2336 o
3157 2271 3229 2336 in
3285 2291 3422 2335 uno
3480 2271 3707 2353 capite.
3805 2269 3920 2335 Me
3962 2270 4231 2349 interea,
4287 2279 4364 2336 ut

2414 2356 2602 2434 scias,
2646 2356 2919 2421 minime
3006 2356 3245 2421 ormire
3303 2356 3606 2438 oportuit.
3706 2353 3859 2436 Quo
3914 2355 4200 2437 penitius
4242 2355 4361 2420 ho·

2413 2442 2661 2506 minem
2718 2441 3085 2521 considero,
3156 2463 3231 2507 eo
3281 2441 3493 2524 pluris
3545 2439 3741 2506 facio:
3807 2439 3923 2506 sed
3988 2441 4230 2505 fatetur
4291 2459 4363 2505 se

2413 2548 2813 2612 magnopere
2856 2527 3156 2592 adiutum
3197 2535 3266 2593 et
3307 2526 3720 2593 sublevatum
3773 2547 3812 2591 a
3866 2546 3974 2590 me
4015 2525 4363 2608 quominus

2413 2622 2886 2678 concuteretur.
2976 2611 3264 2678 Senatus
3320 2611 3455 2677 iam
3508 2611 3828 2679 concessit
3888 2618 3965 2676 ut
4020 2610 4362 2677 concione-

2413 2706 2525 2765 tur
2540 2701 2601 2776 ⁸)
2666 2699 2919 2782 quoties
2971 2699 3194 2764 visum
3244 2696 3462 2762 fuerit.
3560 2697 3902 2763 Habemus
3965 2694 4075 2763 hio
4115 2696 4364 2762 Iulium

2418 2783 2774 2864 Camillum,
2792 2785 2848 2867 ⁹)
2885 2784 3070 2850 cuius
3105 2791 3241 2849 tam
3275 2782 3589 2848 diuturna
3622 2803 3806 2848 mora
3839 2782 4026 2847 nobis
4062 2781 4365 2847 nonnihil

2414 2879 2720 2953 suspecta
2774 2881 2892 2934 est.
2995 2868 3288 2935 Tametsi
3359 2869 3538 2933 enim
3586 2868 3944 2935 liberaliter
3999 2887 4113 2933 ore
4164 2868 4365 2934 iactat

2414 2955 2849 3039 evangelium,
2910 2954 3066 3037 quia
3119 2963 3343 3019 tamon
3387 2953 3634 3038 aliquid
3676 2953 4067 3019 clandestini
4110 2952 4365 3020 consilii

2415 3040 2646 3120 habet,
2704 3038 2877 3123 quod
2921 3041 3119 3105 etiam
3157 3039 3567 3122 incognitum
3611 3040 3797 3105 nobis
3841 3039 4153 3121 displicet,
4210 3060 4365 3104 eum

2413 3126 2654 3191 merito
2700 3127 3020 3190 timemus.
3088 3123 3222 3191 Sed
3265 3123 3433 3189 bene
3465 3124 3663 3190 habet
3705 3125 3878 3209 quod
3917 3124 4369 3190 Bernardinus

2415 3211 2540 3277 sibi
2584 3220 2896 3293 tanquam
2939 3211 3021 3276 ab
3064 3209 3253 3275 hoste
3297 3217 3502 3277 cavet.
3532 3213 3626 3293 ¹⁰)

2586 3296 2839 3362 Verum
2880 3295 3017 3360 iam
3058 3293 3142 3359 ad
3179 3295 3344 3360 illud
3380 3303 3567 3361 tuum
3612 3292 3692 3360 de
3734 3294 3922 3360 bonis
3977 3293 4367 3360 ecclesiasti-

2415 3382 2510 3448 cis
2551 3380 2956 3465 postulatum
3000 3389 3320 3446 revertor:
3376 3402 3532 3445 nam
3585 3379 3826 3445 iterum
3868 3379 3941 3443 in
3983 3379 4367 3443 memoriam

2415 3488 2685 3533 revocas
2727 3467 3197 3550 posterioribus
3250 3465 3381 3531 tuis
3423 3465 3647 3531 literis.
3732 3466 3880 3548 Ego
3932 3485 4089 3530 vero
4141 3464 4256 3529 abs
4299 3470 4368 3528 te

2416 3564 2569 3636 peto
2613 3560 2690 3617 ut
2732 3553 2897 3618 mihi
2939 3554 3258 3637 ignoscas.
3328 3549 3475 3617 Scis
3518 3551 3695 3614 enim
3731 3548 3930 3614 huius
3973 3548 4369 3632 quaestionis

2418 3639 2878 3704 tractationem
2941 3659 3084 3704 esse
3156 3635 3474 3701 eiusmodi
3538 3655 3704 3718 quae
3766 3644 4060 3717 tempus,
4140 3635 4368 3715 otium,

2419 3725 2626 3789 animi
2671 3724 2956 3806 quietem
3014 3731 3083 3789 et
3126 3722 3528 3805 diligentiam
3569 3741 3700 3785 non
3743 3740 4018 3803 parvam
4062 3721 4369 3802 requirat.

2421 3810 2649 3891 Quum
2689 3810 3091 3891 Ratisponae
3134 3827 3455 3885 essemus,
3511 3803 3920 3871 commodavi
3960 3825 4175 3869 meam
4216 3825 4370 3888 ope-

2421 3918 2567 3962 ram
2610 3895 2860 3960 Bucero
2914 3896 2981 3957 in
3024 3893 3129 3959 his
3187 3889 3593 3975 colligendis,
3649 3911 3816 3972 quae
3857 3891 4034 3954 inter
4076 3897 4221 3955 acta
4261 3909 4371 3956 co·

2422 3982 2757 4047 mitiorum
2824 3977 3047 4046 edidit.
3165 3976 3302 4043 Sed
3368 3978 3521 4059 quia
3581 3976 3790 4040 obiter
3852 3973 4178 4040 duntaxat
4234 3974 4371 4040 illic

2424 4066 2717 4152 quaestio
2759 4065 2891 4131 ista
2933 4063 3298 4148 attingitur,
3343 4060 3517 4145 quod
3559 4060 3692 4127 illic
3732 4061 4052 4143 seriptum
4094 4067 4212 4140 est,
4256 4080 4371 4127 vo-

2629 4339 2688 4403 6)
2730 4336 2816 4460 (115.
2837 4336 3154 4416 Sclzelyiom,
3193 4332 3439 4414 Eryotzl.
3474 4331 3742 4412 1113982
3771 4346 3840 4386 ss.
3874 4330 4005 4384 1005
4022 4345 4095 4384 ss.
4124 4330 4373 4385 Treehsel

2422 4409 2498 4463 11
2550 4407 2672 4460 203.
2798 4422 2827 4459 e
2868 4405 3075 4459 Ochum
3109 4405 3211 4457 hoe
3244 4417 3449 4471 accipe,
3486 4401 3570 4455 vel
3600 4405 3779 4454 invito
3812 4399 3945 4453 Heu
4014 4438 4027 4452 .

2632 4476 2691 4530 7»
2727 4475 2895 4613 m
2940 4478 3173 4595 εεῖςιιεα
3217 4478 3349 4525 sumt
3392 4470 3509 4524 alia
3553 4470 3810 4538 quinque.
3881 4415 4264 4534 CnySchmidt
4307 4469 4374 4523 iu

2423 4544 2694 4612 Hersoyii
2892 4542 2956 4595 cl.
3073 4540 3245 4595 eclisel
3275 4540 3311 4593 1.
3347 4539 3383 4593 1.

2630 4616 2690 4679 8)
2722 4611 2851 4666 Hoc
2881 4612 3093 4678 factum
3127 4614 3206 4663 est
3239 4607 3293 4662 d.
3329 4608 3532 4662 Lame
3565 4606 3651 4660 23.
3696 4605 3810 4659 Oct.

2631 4682 2690 4744 9)
2736 4681 2907 4749 Quem
2953 4696 3032 4733 an
3074 4678 3305 4732 eundem
3349 4676 3600 4730 dicamus
3646 4689 3714 4728 ac
3761 4673 4051 4727 Camenam
4093 4672 4374 4728 Renatum

2425 4750 2680 4807 Siculum
2714 4751 2875 4803 euius
2909 4748 3135 4816 saepius
3168 4746 3367 4801 mentio
3400 4746 3483 4813 fit,
3521 4743 3671 4797 amb'
3716 4743 3879 4810 'mus,·
3926 4742 4206 4797 Reuatum
4251 4758 4373 4796 cum

2432 4821 2674 4874 Curione
2707 4835 2776 4873 ex
2810 4817 2986 4873 Italia
3012 4817 3321 4885 profuyum
3344 4815 3409 4868 in
3441 4813 3594 4868 Valle
3679 4812 3845 4866 euim
3876 4813 4207 4866 remansisse
4251 4816 4371 4866 tra-

2424 4889 2666 4944 latitium
2718 4893 2827 4955 est,
2881 4902 3201 4956 quanquam
3252 4884 3353 4939 alii
3405 4882 3620 4936 demum
3662 4882 3728 4936 in
3772 4881 4007 4936 secumdo
4059 4881 4257 4934 itinere
4301 4896 4372 4933 m.

2427 4958 2735 5014 Novembre
2769 4957 3012 5010 comitem
3046 4972 3105 5010 se
3134 4952 3369 5008 Curioni
3401 4951 3686 5005 addidisse
3712 4951 4017 5021 perhibent.
4095 4947 4255 5017 Quod
4274 4948 4377 5003 hoc

2426 5028 2541 5082 solo
2576 5027 2690 5081 loeo
2728 5025 2982 5080 Genevae
3013 5025 3188 5091 fuisse
3220 5021 3486 5088 traditur,
3522 5019 3584 5074 id
3616 5020 3839 5074 minime
3872 5020 4049 5074 obstat
4083 5018 4378 5086 quominus

2426 5098 2484 5151 al
2497 5098 2507 5108 ’
2596 5097 2606 5107 ’
2670 5094 2949 5149 Renatum
2982 5100 3033 5148 et
3079 5093 3291 5149 Iulium
3335 5090 3564 5143 eumdem
3610 5090 3813 5144 credat.
3886 5087 3971 5154 Cf.
4022 5086 4201 5141 Porta
4244 5085 4373 5140 hist.

2427 5183 2456 5220 e
2537 5208 2548 5218 .
2588 5165 2690 5232 ref.
2725 5165 2895 5219 rhaet.
2933 5163 2985 5217 I.
3021 5181 3075 5231 p.
3111 5164 3179 5215 26
3243 5159 3491 5215 Trechsel
3526 5157 3615 5212 ΙΙ.
3652 5160 3739 5226 75,
3776 5158 3851 5212 M
3910 5173 3989 5225 er,
4026 5156 4284 5211 Locamo
4321 5154 4373 5210 Ι.

2426 5236 2493 5289 47
2523 5250 2618 5301 a„
2656 5233 2905 5289 Semta
2936 5233 3003 5286 in
3032 5231 3127 5286 2³.
3161 5202 3205 5297 f.
3240 5230 3351 5283 hist
3408 5227 3585 5282 noaz.
3624 5228 3756 5281 iseo
3781 5243 3844 5295 p.
3896 5296 3905 5307 Ι
3979 5267 3990 5278 .
4047 5224 4375 5293 Patalam,

2427 5303 2646 5360 Remoto
2678 5304 2744 5357 in
2778 5301 3117 5372 Realencyel.
3153 5297 3290 5353 XX.
3326 5296 3447 5352 531.
3518 5296 3760 5364 Bounet,
3793 5295 3956 5350 reeits
3981 5310 4046 5364 p.
4084 5293 4201 5349 253.

2602 5373 2696 5440 10)
2733 5371 3075 5442 Apoyrapha
3106 5368 3412 5424 recentiora
3444 5365 3672 5420 habent.-
3706 5368 3879 5419 timet.
