5050 6167
410 452 525 514 69⁷

569 634 697 700 Hic
739 633 1151 700 mediocriter
1194 634 1510 711 valemus,
1555 633 1685 699 nisi
1718 632 1890 718 quod
1923 632 2214 699 maxima
2248 641 2349 700 est

405 739 696 786 annonae
733 720 987 786 caritas.
1015 720 1062 806 ¹)
1133 721 1228 784 Et
1267 719 1633 802 periculum
1678 728 1819 785 erat
1863 739 1948 784 ne
1989 720 2201 803 magis
2244 719 2345 784 in-

404 817 811 889 gravesceret
826 856 842 883 ,
900 805 1028 870 nisi
1084 804 1545 871 advehendum
1598 803 1884 888 undique
1937 805 2347 870 frumentum

402 891 605 956 nostri
643 898 1000 956 curassent.
1078 889 1303 972 Quieti
1345 891 1576 957 saltem
1622 911 1871 967 sumus,
1918 890 2086 973 quod
2132 898 2234 954 est
2274 890 2346 953 in

403 976 523 1042 hac
566 984 699 1040 tam
734 975 1115 1042 turbulenta
1156 977 1501 1042 christiani
1542 975 1719 1041 orbis
1762 976 2185 1042 concussione
2212 977 2345 1040 sin-

551 1082 623 1126 re
643 1062 906 1127 bonum.
952 1060 1318 1128 Dissidium
1340 1064 1534 1140 enim,
1571 1061 1741 1145 quod
1782 1060 2109 1126 habebant
2142 1061 2347 1125 nostri

400 1166 543 1211 cum
585 1148 1005 1227 Bernatibus,
1050 1150 1476 1231 compositum
1521 1148 1659 1212 fuit.
1719 1145 1854 1212 Sed
1898 1155 2349 1229 exspectamus

399 1252 707 1315 quorsum
755 1255 859 1298 res
903 1243 1206 1318 vergant.
1253 1233 1625 1311 Caeterum,
1671 1235 1870 1297 etiam
1914 1233 1969 1297 si
2021 1233 2345 1296 Dominus

397 1317 581 1383 nobis
624 1330 868 1401 pareat,
913 1320 1226 1384 miserum
1269 1328 1368 1383 est
1401 1318 1508 1384 vel
1547 1319 1763 1383 animo
1801 1328 2105 1399 reputare
2139 1337 2347 1399 quan-

398 1416 502 1468 tae
544 1403 692 1469 aliis
745 1405 1150 1469 calamitates
1204 1404 1639 1487 impendeant.
1726 1403 1991 1468 Bellum
2046 1412 2237 1468 atrox
2281 1412 2348 1466 et

395 1488 655 1554 crudele
697 1497 876 1554 terra
916 1491 1212 1572 marique
1256 1490 1377 1555 hoc
1421 1510 1593 1554 anno
1637 1495 1919 1573 geretur.
2002 1486 2345 1569 Quantum

394 1581 616 1640 tamen
661 1577 916 1658 assequi
960 1575 1348 1640 coniecturis
1401 1574 1583 1651 licet,
1639 1575 1990 1657 praecipua
2031 1573 2234 1638 moles
2275 1574 2347 1637 in

392 1658 654 1724 Italiam
698 1661 1148 1726 transferetur.
1193 1660 1422 1742 Neque
1465 1661 1642 1725 enim
1689 1658 1957 1725 Caesari
1999 1659 2132 1723 iam
2175 1660 2345 1723 inte-

392 1766 583 1829 grum
622 1756 724 1812 est
763 1746 900 1812 illic
941 1767 1227 1826 cessare,
1283 1758 1352 1811 et
1403 1745 1574 1810 nihil
1631 1745 1869 1810 efficiet
1922 1744 2052 1809 nisi
2106 1743 2344 1809 bonam

391 1831 641 1896 roboris
685 1834 789 1898 sui
825 1842 1077 1916 partem
1124 1853 1201 1897 eo
1244 1838 1605 1897 convertat.
1676 1831 1888 1895 Aiunt
1929 1830 2347 1895 commissum

390 1915 592 1982 fuisse
659 1917 998 2000 praelium,
1063 1937 1370 2001 magnam
1439 1924 1726 2000 stragem
1804 1916 2004 1980 fuisse
2082 1914 2341 1993 editam,

389 2002 753 2069 exercitum
794 2002 1086 2068 Caesaris
1138 2008 1213 2066 18
1259 2001 1541 2065 millium
1583 2001 1822 2084 partim
1865 2007 2148 2065 stratum
2193 2021 2344 2083 par-

388 2088 502 2151 tim
547 2087 855 2171 fugatum
898 2089 1115 2153 fuisse.
1134 2088 1193 2169 ²)
1248 2087 1349 2152 Ne
1393 2086 1546 2169 quid
1593 2085 1851 2152 Galliae
1894 2084 2064 2151 desit
2106 2085 2188 2150 ad
2230 2106 2342 2150 ex-

386 2181 667 2238 tremam
709 2174 1040 2239 miseriam
1055 2225 1072 2252 ,
1117 2174 1268 2238 Rex
1312 2194 1459 2238 cum
1503 2172 1826 2237 Pontifioe
1867 2170 2094 2236 foedus
2137 2191 2346 2254 nuper

386 2259 714 2343 pepigisse
748 2258 1004 2336 dicitur,
1038 2259 1238 2342 idque
1274 2257 1517 2341 duplici
1551 2258 1869 2322 affinitate
1902 2258 2339 2322 confirmasse.

384 2345 627 2410 Filiam
673 2345 855 2410 enim
898 2344 1103 2411 elocat
1144 2343 1464 2410 cardinali
1498 2343 1812 2421 Femesio,
1854 2342 1987 2407 filio
2031 2341 2146 2406 dat
2176 2362 2340 2407 uxo-

386 2451 526 2496 rem
571 2451 778 2495 unam
823 2451 906 2495 ex
951 2431 1254 2512 neptibus
1297 2429 1719 2506 Pontificis.⁸)
1805 2428 1953 2492 Hoc
1998 2435 2072 2491 ut
2113 2447 2341 2493 conse-

383 2523 630 2599 quatur
677 2516 866 2581 Petri
917 2515 1177 2582 villicus
1236 2534 1453 2581 sacros
1510 2534 1735 2579 omnes
1791 2512 2135 2578 thesauros
2191 2533 2340 2595 pro‘

379 2600 616 2667 fundit.
700 2601 943 2667 Veneti
987 2622 1057 2666 se
1099 2600 1232 2666 illis
1275 2598 1664 2683 adiungunt.
1744 2599 2046 2682 Denique
2089 2597 2338 2663 nullam

381 2688 706 2753 rationem
749 2687 1065 2770 praeterit
1103 2685 1252 2751 Rex
1297 2692 1552 2765 noster,
1596 2706 1721 2769 quo
1765 2684 2027 2749 Italiam
2075 2683 2340 2749 Caesari

382 2772 637 2856 eripiat.
724 2772 910 2837 Velit
944 2792 1099 2857 ergo
1141 2771 1333 2850 nolit,
1388 2779 1731 2839 convertat
1771 2770 1929 2834 illuc
1972 2789 2214 2853 magna
2257 2789 2341 2833 ex

380 2866 572 2941 parte
611 2859 792 2924 vires
834 2878 988 2923 suas
1030 2876 1296 2923 necesse
1331 2866 1448 2922 est.
1524 2857 1779 2922 'furcae
1820 2876 2003 2920 mare
2046 2854 2339 2939 Ligusti-

379 2961 528 3008 cum
563 2950 817 3009 tenent.
864 2942 1273 3019 Genuenses,
1318 2943 1471 3024 qnia
1511 2951 1708 3026 portu
1752 2960 1824 3007 se
1865 2939 2094 3006 vident
2133 2938 2341 3006 inclu-

375 3048 486 3095 sos
509 3028 690 3113 Regi
724 3028 1093 3112 supplicare
1127 3028 1468 3111 incipiunt,
1504 3047 1629 3093 neo
1661 3025 1931 3092 dubium
1967 3026 2128 3109 quin
2161 3025 2342 3109 leges

379 3113 502 3180 sibi
561 3115 912 3197 impositas
967 3113 1103 3179 sint
1158 3114 1501 3196 recepturi.
1582 3112 1875 3177 Pecunia
1916 3122 2092 3177 certe
2135 3132 2342 3194 quan-

378 3201 631 3267 tumvis
679 3220 921 3283 magna
978 3199 1262 3264 libenter
1301 3220 1370 3264 se
1413 3197 1758 3263 rediment.
1847 3198 2078 3262 Donec
2132 3204 2342 3262 totam

245 3286 257 3302 “
377 3286 723 3371 Europam
768 3287 1128 3350 everterint
1169 3285 1334 3349 istae
1378 3283 1545 3349 duae
1585 3282 1816 3348 beluae
1860 3281 2121 3347 nullum
2163 3283 2344 3347 ins'a-

378 3373 606 3438 niendi
649 3372 852 3437 finem
899 3371 1155 3436 facient.

550 3457 830 3523 Interea
871 3457 945 3520 in
986 3454 1430 3540 promovendo
1465 3452 1721 3520 Christi
1762 3473 1967 3537 regno
2009 3452 2343 3535 frigemus,

377 3545 580 3608 etiam
627 3542 749 3609 ubi
792 3541 1012 3606 oblata
1055 3550 1155 3607 est
1195 3540 1485 3607 facultas.
1576 3538 1765 3621 Quae
1809 3546 1956 3604 acta
1998 3546 2156 3603 sunt
2195 3538 2345 3602 istis

375 3628 739 3712 postremis
774 3627 1053 3694 comitiis
1068 3630 1127 3704 ⁴)
1171 3626 1413 3692 indicio
1448 3631 1622 3703 sunt,
1668 3622 2030 3691 concidisse
2066 3622 2344 3687 Germa-

375 3715 577 3780 niam.
626 3713 1061 3796 Scripseram,
1105 3711 1348 3778 Bucen·
1386 3718 1640 3795 rogatu,
1683 3708 1977 3776 libellum
2019 3706 2346 3792 quendam

375 3820 577 3882 quem
623 3799 714 3866 ad
757 3810 826 3864 te
870 3799 1144 3877 mitto‚⁵)
1203 3798 1358 3881 quia
1414 3817 1563 3879 spes
1618 3805 1761 3862 erat
1817 3803 2187 3877 temporum
2228 3815 2345 3858 ne·

376 3885 691 3952 cessitate
733 3883 969 3951 adduci
1011 3905 1200 3967 posse
1246 3882 1599 3948 Caesarem
1640 3889 1719 3946 ut
1760 3880 1841 3946 de
1875 3880 2189 3964 religione
2222 3879 2345 3943 im-

373 3973 633 4054 petrari
683 3992 724 4036 a
765 3991 837 4035 se
879 3969 1185 4034 nonnihil
1227 3969 1491 4033 sineret.
1577 3965 1710 4033 Sed
1765 3966 1919 4049 quia
1977 3962 2152 4048 apud
2195 3984 2348 4029 eum

375 4058 579 4140 periit
621 4056 790 4122 haec
832 4075 1062 4138 opera,
1119 4053 1290 4119 faxit
1331 4053 1520 4119 Deus
1563 4060 1641 4118 ut
1684 4051 1832 4117 aliis
1875 4052 2101 4134 prosit.
2193 4048 2346 4114 Non

378 4163 628 4209 excuso
665 4162 880 4206 meam
919 4139 1275 4215 audaciam,
1313 4136 1488 4221 quod
1523 4138 1645 4203 tibi
1680 4137 1892 4202 ausim
1926 4156 2076 4202 mea
2101 4136 2349 4218 scripta

379 4228 760 4295 obtrudere.
850 4225 1027 4308 Quid
1065 4227 1243 4290 enim
1276 4223 1399 4289 hoc
1442 4244 1692 4299 verear,
1735 4242 1935 4305 quum
1973 4242 2058 4285 ne
2095 4219 2349 4304 publice

380 4314 656 4396 quidem
701 4333 881 4377 meas
915 4330 1125 4395 nugas
1161 4309 1278 4373 tibi
1315 4308 1532 4375 dicare
1567 4308 1877 4374 dubitem.
1933 4304 2113 4388 Quin
2149 4305 2349 4369 etiam

380 4400 498 4466 abs
541 4408 616 4464 te
651 4410 875 4481 petere
909 4395 1160 4462 audebo
1196 4404 1286 4470 ut,
1335 4415 1541 4476 quum
1576 4392 1840 4459 dabitur
1878 4392 2348 4475 opportunitas,

377 4485 551 4549 mihi
591 4484 822 4567 paucis
859 4482 1078 4550 verbis
1110 4482 1437 4565 significes
1471 4479 1753 4561 qualiter
1787 4478 1934 4543 istic
1950 4482 2003 4555 ⁶)
2044 4483 2351 4560 aceeptus

381 4571 605 4636 fuerit.
657 4568 807 4634 Scis
850 4567 1007 4650 quid
1050 4567 1269 4631 velim.
1316 4565 1543 4647 Nuper
1586 4561 1757 4647 apud
1803 4583 1910 4627 me
1954 4572 2350 4645 conquestus

381 4668 484 4721 est
529 4655 976 4735 Bullinyems‚
1023 4652 1332 4718 atrociter
1375 4652 1690 4716 laceratos
1728 4650 1927 4714 fuisse
1969 4668 2198 4713 omnes
2241 4648 2352 4711 'Pi-

719 4794 807 4801 ——-

414 4880 551 4940 544.
598 4879 664 4941 1)
704 4875 794 4930 De
827 4873 1013 4929 eadem
1048 4878 1355 4941 querentem
1388 4871 1586 4927 audies
1611 4869 1862 4926 Viretwn
1895 4885 1978 4939 ep.
2000 4868 2053 4924 5.
2089 4870 2241 4940 Sept.
2276 4870 2354 4925 ad

384 4947 960 5098 &mei-isola
987 5025 1169 5079 prope
1204 5008 1590 5079 Uarianam
1623 5008 1679 5063 d.
1700 5006 1767 5062 14
1781 5006 2000 5077 Aps-ais
2035 5006 2189 5062 1544.
2263 5006 2351 5075 Of.

382 5086 661 5217 Q}
681 5080 1107 5272 ἕοῗῖᾞοε
1139 5146 1314 5215 falsos
1349 5148 1462 5202 ίωηι
1494 5161 1676 5215 supra
1707 5144 2039 5201 notavimus.

595 5222 664 5356 g}
701 5218 1024 5413 Q
1056 5255 1486 5340 exhortationem
1518 5283 1597 5340 ad
1636 5284 1940 5340 Gaesarem.

598 5359 664 5426 6)
703 5374 744 5412 a
990 5353 1173 5410 osca.

2145 449 2309 511 1544
2352 445 2659 513 APRIL.

4272 450 4399 514 698

2449 635 2720 718 gurinos
2755 655 2795 699 a
2828 634 2912 699 D.
2938 633 3242 699 Luthero:
3282 634 3589 718 misitque
3633 635 3969 719 exemplar
4011 635 4324 718 epistolae
4345 634 4400 723 7)

2448 722 2519 785 in
2562 741 2691 804 qua
2731 739 2853 804 ego
2897 739 3154 802 quoque
3197 719 3676 787 humanitatem
3720 720 4031 786 desidere.
4110 720 4399 788 Obsecro

2450 814 2536 885 te,
2579 813 2900 889 quantum
2942 812 3143 888 potes,
3187 805 3399 871 retine
3441 806 3550 871 vel
3595 807 3810 890 potius
3843 806 4071 871 inhibe
4107 807 4187 871 D.
4216 806 4401 872 Mar-

2449 893 2668 968 tinam,
2706 912 2788 954 ne
2821 911 2977 955 suae
3001 890 3458 956 vehementiae
3493 891 3810 958 adversus
3845 891 4025 956 illam
4061 892 4402 956 ecclesiam

2448 975 2801 1059 indulgeat.
2884 975 3106 1041 Habet
3146 976 3315 1040 forte
3358 998 3624 1042 causam
3667 999 3784 1044 cur
3824 976 3958 1043 illis
3998 985 4398 1058 succenseat,

2448 1063 2565 1126 sed
2620 1062 2798 1126 viros
2854 1061 2998 1143 pios
3054 1070 3123 1126 et
3174 1061 3398 1128 doctos
3463 1063 3689 1128 mitius
3743 1063 4013 1128 tractari
4072 1062 4396 1128 convenit.

2448 1148 2550 1211 'Pu
2594 1166 2750 1229 ergo
2794 1167 2912 1229 pro
2955 1146 3275 1230 singulari
3316 1155 3433 1212 tua
3474 1148 3824 1231 prudentia
3868 1157 3932 1213 te
3973 1147 4263 1212 medium
4297 1149 4398 1212 in-

2447 1242 2752 1314 terpone,
2813 1238 2890 1296 ut
2930 1232 3119 1296 illum
3162 1232 3356 1315 paulo
3399 1233 3824 1316 placatiorem
3866 1232 4119 1299 reddas.
4208 1233 4396 1312 Vale,

2447 1317 2861 1382 ornatissime
2898 1318 3020 1395 vir,
3058 1317 3433 1383 fidelissime
3468 1319 3718 1384 Christi
3755 1320 4071 1397 minister,
4109 1326 4173 1382 et
4193 1319 4400 1385 amice

2447 1403 2613 1468 mihi
2657 1423 2915 1486 semper
2956 1402 3352 1469 honorande.
3389 1403 3717 1471 Dominus
3762 1414 3827 1469 te
3870 1425 4129 1487 semper
4165 1405 4400 1487 spiritu

2449 1509 2570 1552 suo
2614 1495 2802 1572 regat
2846 1488 3086 1571 diuque
3129 1487 3320 1553 nobis
3354 1497 3422 1553 et
3455 1489 3764 1557 ecclesiae
3806 1511 3965 1555 suae
4006 1489 4401 1556 incolumem

2449 1582 2807 1639 conservet.
2896 1573 3211 1640 Genevae
3260 1579 3331 1638 ll
3384 1573 3707 1641 Calendas
3750 1575 4007 1657 Maiis)

3352 1693 3638 1759 Ioannes
3684 1692 4005 1760 Calvinus
4048 1701 4226 1759 tuus.

2449 1809 2684 1876 Saluta
2737 1820 3115 1876 reverenter
3171 1813 3253 1877 D.
3304 1812 3679 1893 Martinam,

2450 1897 2533 1961 D.
2584 1895 2985 1979 Grueiyerum
3026 1906 3095 1960 et
3135 1897 3440 1982 reliquos.
3510 1900 3684 1964 Tuos

2447 1984 2520 2046 in
2544 1982 2888 2047 Danielem
2913 1983 3414 2048 commentarios
3438 1987 3489 2061 ⁹)
3529 1985 3676 2067 legi.

2449 2069 2683 2132 Testor
2727 2067 2851 2132 hoc
2892 2066 3038 2145 tibi,
3085 2067 3268 2133 nullo
3324 2090 3430 2134 me
3483 2070 3682 2134 huius

2447 2154 2681 2218 aetatis
2725 2154 2964 2236 scripto
3005 2151 3323 2220 hactenus
3357 2154 3450 2219 ita
3483 2155 3683 2219 fuisse

2447 2238 2859 2304 delectatum.

3344 2612 3497 2683 545.

2932 2749 3431 2817 FARELLUS
3477 2747 3916 2815 CALVINO.

2626 2938 2792 3020 Quid
2847 2938 3019 3005 eirea
3071 2943 3457 3022 acyrotomm
3522 2938 4004 3004 commotionem
4057 2935 4404 3003 instituerit

2444 3045 2567 3090 non
2608 3026 2745 3091 sine
2785 3024 3034 3090 invidia
3067 3024 3325 3107 eolleyae
3367 3029 3425 3089 et
3466 3024 3806 3090 multorum
3840 3043 3916 3089 ex
3938 3021 4131 3105 pkbe.
4202 3020 4401 3087 Prae-

2443 3111 2636 3175 mittit
2674 3110 2976 3176 nonnulla
3016 3110 3093 3175 de
3134 3109 3338 3175 libello
3379 3114 3597 3175 contra
3632 3109 4089 3192 Anabaptistas
4122 3112 4182 3173 et
4211 3126 4401 3190 prae-

2442 3195 2744 3279 fationem
2785 3196 2871 3261 ad
2913 3195 3188 3261 eundem

2446 3383 2561 3449 (Ex
2596 3382 2933 3452 autographo
2968 3381 3100 3436 Cod.
3138 3379 3340 3435 Genev.
3374 3378 3494 3447 115,
3530 3379 3622 3435 fol.
3656 3379 3744 3434 80.
3814 3379 4001 3433 Descri
4147 3384 4235 3432 est
4267 3377 4400 3432 ibid.

2448 3452 2580 3506 Cod.
2617 3450 2735 3517 116,
2769 3451 2861 3506 fol.
2895 3448 2981 3504 83.
3036 3451 3250 3504 Bernae
3283 3450 3342 3502 in
3377 3449 3544 3502 Arch.
3578 3449 3718 3520 lspp.
3755 3448 3885 3503 Vll.
3921 3465 3973 3517 p.
4063 3447 4089 3499 1
4129 3453 4186 3501 et
4220 3446 4405 3501 Tui-ici

2448 3538 2535 3592 ap.
2572 3521 2861 3575 Simlerum
2898 3519 3027 3575 Vol.
3061 3518 3145 3572 54.
3233 3519 3623 3588 Fragmentum
3678 3518 3794 3571 eius
3847 3516 3931 3570 ed.
3978 3516 4405 3585 Hundeshagsn,

2688 3589 2948 3643 Couflicte
2983 3605 3036 3658 p.
3072 3586 3188 3640 386.
3260 3586 3340 3640 Cf.
3377 3587 3543 3640 etiam
3578 3585 3910 3641 Kirchhofer
3943 3584 4020 3640 11.
4058 3584 4171 3650 74.)

2620 3790 3015 3857 Doctissimo
3078 3796 3146 3854 et
3207 3790 3271 3853 vi
3323 3789 3337 3803 '
3371 3789 3709 3853 antissimo
3785 3787 4032 3871 pastori
4095 3786 4407 3853 ecclesiae

2451 3874 2863 3974 Genevensis
2906 3875 3141 3941 Ioanni
3188 3874 3243 3955 C
3312 3874 3466 3939 vino
3507 3872 3696 3938 fratri
3740 3879 3809 3937 et
3852 3880 4253 3958 symmystae
4297 3890 4406 3937 ca-

2448 3981 2709 4027 rissimo

3859 4008 4187 4074 Genevae.

2622 4147 2776 4213 Non
2817 4146 3003 4212 licuit
3043 4166 3163 4229 per
3206 4166 3285 4211 ea
3326 4165 3490 4227 quae
3543 4145 3711 4210 mihi
3754 4145 4173 4229 contigerunt
4213 4140 4296 4208 ad
4338 4149 4408 4206 te

2453 4231 2735 4300 scribere
2750 4283 2769 4311 ,
2815 4241 2883 4296 et
2924 4230 3038 4297 ubi
3080 4238 3221 4296 erat
3262 4229 3587 4296 scribendi
3632 4230 3908 4297 facultas
3951 4229 4161 4294 defuit
4202 4227 4409 4295 tabel-

2450 4320 2560 4385 lio.
2645 4317 2990 4400 Quantum
3046 4314 3372 4400 intelligo,
3433 4316 3600 4400 quod
3644 4315 3957 4381 fratribus
4014 4316 4227 4381 visum
4282 4313 4412 4378 fuit

2453 4425 2650 4487 super
2693 4401 3097 4486 praefatione
3138 4409 3256 4465 tua
3272 4451 3289 4480 ,
3306 4400 3354 4487 ¹)
3400 4402 3533 4465 iam
3577 4401 3694 4466 tibi
3740 4398 4223 4467 subindicatum
4265 4399 4410 4477 fuit,

2453 4512 2574 4556 nec
2631 4508 2899 4571 prorsus
2952 4483 3253 4570 displicet
3305 4486 3541 4551 horum
3598 4488 3668 4550 in
3713 4507 3791 4551 ea
3831 4494 4020 4568 parte
4072 4485 4406 4563 iudicium',

2454 4596 2539 4641 ne
2595 4583 2731 4638 tam
2788 4570 3308 4655 imprudentibus
3363 4581 3431 4637 et
3470 4571 3785 4653 improbis
3828 4569 4408 4637 calumniatoribus

2454 4682 2631 4726 nova
2680 4658 2873 4723 detur
2926 4657 3367 4724 calumniandi
3424 4656 3704 4736 occasio,
3761 4656 3915 4723 licet
3956 4657 4140 4722 nulla
4182 4656 4405 4721 detur:

2662 4932 2721 4998 7)
2757 4932 2835 4987 ad
2866 4928 3306 4985 Frosehovmm
3337 4941 3407 4995 ct.
3442 4926 3513 4981 N.
3548 4922 3671 4980 555.

2662 5001 2722 5060 8)
2760 4999 3081 5055 Recentiore
3124 5013 3297 5052 manu
3330 4995 3467 5050 1543
3511 4992 3858 5076 adscriptum
3898 4994 4099 5064 legitur
4132 4992 4199 5048 in
4230 5005 4408 5047 emem-

2448 5071 2610 5143 plan‘
2642 5070 3022 5125 Monachum·-
3064 5066 3270 5123 Verum
3301 5063 3539 5120 &1544
3562 5068 3846 5133 perenm
3877 5079 3947 5121 σω
3977 5077 4164 5121 rerum
4196 5065 4410 5117 natura

2454 5139 2963 5208 manifestissimum
2996 5140 3093 5191 est.

2662 5209 2722 5273 9)
2766 5206 2938 5263 Viteb.
2977 5204 3133 5260 1543.
3169 5203 3255 5258 16.

2487 5280 2719 5418 3513)
2763 5276 2939 5333 meno
2992 5278 3189 5331 eontra
3238 5270 3651 5341 Amal-wactas
3706 5268 4072 5339 praestanda
4139 5265 4246 5337 (N.
4282 5264 4408 5337 538,

2450 5354 2568 5406 κοΐ.
2639 5388 2655 5404 .
4356 5372 4382 5401 μ,
