5050 6167
663 448 792 519 695

661 637 949 707 mutabit
1001 639 1277 702 mentes.
1364 631 1551 699 Malo
1608 631 1890 697 offensos
1946 627 2155 694 malos
2211 625 2367 693 dum
2426 624 2624 691 casti-

665 731 932 813 gantur,
976 743 1174 806 quam
1214 721 1419 786 bonos
1459 724 1649 783 tanta
1694 716 2017 782 malorum
2060 734 2316 779 morum
2357 710 2625 777 licentia

667 819 738 878 et
777 809 1189 893 impunitate.
1259 804 1586 884 Proderit,
1626 802 1758 868 nisi
1800 801 2009 879 fallor,
2054 799 2179 866 hoc
2222 795 2621 879 exemplum.

666 895 915 963 Omnia
955 898 1222 977 peracta
1263 898 1418 956 sunt
1460 890 1603 955 sine
1637 888 1772 954 ullo
1814 893 2037 953 nostro
2080 883 2315 949 taedio.
2386 884 2625 947 'Petam
2744 966 2752 976 ι

668 1000 934 1132 33⁰⁸&
954 979 1339 1129 sffffssssffi.
1353 976 1558 1144 ³¹33.
1585 969 2376 1137 ‘iffpssmssittoffigiffff
2392 967 2625 1119 ἐῗῗὲξ

668 1151 909 1217 melius
951 1148 1283 1232 intelliges
1340 1145 1499 1230 quid
1542 1145 1704 1212 velit
1744 1164 1943 1228 quam
1984 1163 2107 1226 ego
2151 1139 2432 1207 scribere
2476 1158 2624 1221 pos-

671 1237 815 1317 sim,
860 1234 987 1300 hoc
1029 1233 1415 1318 praesertim
1458 1239 1749 1321 tempore
1784 1249 1914 1312 quo
1948 1228 2299 1293 minimum
2333 1223 2627 1323 suppetit

669 1321 807 1388 otii.
916 1321 1116 1386 Mitto
1181 1325 1250 1385 et
1328 1316 1663 1400 exemplar
1724 1315 2069 1380 literarum
2134 1311 2479 1377 Marcartn
2542 1307 2627 1373 ad

668 1406 737 1473 N
737 1427 1149 1473 eocomenses
1225 1406 1480 1479 stati-es,
1497 1404 1558 1478 2)
1636 1401 1693 1466 si
1758 1401 1923 1466 forte
1988 1397 2282 1464 nondum
2357 1394 2626 1460 videris.

668 1490 950 1558 Ourabis
983 1489 1068 1557 ad
1102 1510 1210 1554 me
1242 1497 1597 1570 utrumque
1638 1487 1869 1551 referri
1910 1486 2120 1568 primo
2165 1501 2418 1566 quoque
2459 1486 2631 1579 tem-

717 1598 859 1655 ore,
904 1585 981 1642 ut
1020 1574 1414 1659 respondere
1465 1573 1711 1656 possim
1755 1570 2024 1637 Farello.
2110 1568 2188 1636 Si
2230 1567 2386 1651 quid
2428 1574 2629 1631 etlam

668 1598 874 1729 gabes
917 1660 1173 1728 consilii
1213 1658 1397 1725 nobis
1439 1657 1773 1723 indicabis.
1840 1654 2077 1723 Saluta
2118 1654 2377 1720 amicos.
2438 1651 2628 1717 Vale.

668 1748 820 1814 Hoc
863 1746 969 1813 die
1009 1746 1339 1830 paschatis
1387 1747 1568 1809 1544.
1586 1747 1643 1820 ⁸)

1810 1862 1994 1928 Tuus
2036 1862 2116 1927 P.
2160 1860 2454 1925 Viretus.

665 2008 854 2077 Nihil
896 2011 1112 2093 accepi
1156 2009 1454 2093 responsi
1495 2028 1534 2074 a
1583 2006 1842 2075 Girono.

1570 2651 1723 2724 543.

1201 2806 1673 2877 OALVINUS
1717 2804 2090 2873 VIRE'I'O.

848 2997 1158 3078 Viretum,
1215 2999 1294 3064 de
1347 3016 1467 3078 quo
1515 2995 1829 3063 Genevam
1882 2994 2156 3059 vocando
2212 3013 2353 3059 cum
2396 2994 2624 3079 legatis

658 3083 1096 3150 Bernensibus
1133 3088 1391 3150 acturus
1432 3085 1552 3161 est,
1614 3087 1685 3147 ut
1732 3083 1870 3162 ipse
1897 3079 2265 3164 propediem
2305 3099 2374 3145 eo
2413 3079 2626 3145 veniat

588 3184 594 3189 ,
674 3170 689 3185 .
783 3169 819 3231 ‚3
873 3174 884 3232 ξ

658 3328 774 3395 (Ex
821 3327 1161 3398 autographo
1196 3328 1328 3383 Ood.
1364 3327 1567 3383 Gener.
1603 3324 1707 3379 106
1721 3369 1737 3397 ,
1781 3325 1873 3381 sol.
1912 3324 2028 3380 103.
2097 3326 2392 3379 Praeterea
2439 3332 2622 3380 exstat

654 3398 944 3454 Ionvillaei
981 3398 1259 3468 exemplar
1294 3396 1421 3452 cod.
1462 3394 1578 3461 196,
1615 3396 1705 3450 fol.
1742 3394 1829 3448 82.
1891 3394 2166 3448 Turretini
2202 3394 2330 3449 Cod.
2369 3391 2487 3462 111,
2523 3395 2619 3449 fol.

839 3464 908 3520 85
943 3483 995 3518 v.
1032 3466 1314 3520 Beruense
1347 3467 1488 3536 Epp.
1525 3464 1658 3519 v11.
1691 3462 1797 3517 570
1833 3470 1886 3518 et
1923 3463 2140 3517 Simleri
2176 3463 2302 3517 Vol.
2337 3460 2452 3531 54.)

656 3661 877 3727 Fideli
950 3659 1202 3728 Christi
1280 3681 1472 3727 servo
1533 3661 1737 3726 Petro
1793 3658 2044 3740 Vireto,
2121 3659 2622 3729 Lausannensis

840 3746 1148 3814 ecclesiae
1190 3746 1457 3831 pastori,
1500 3744 1690 3811 fratri
1731 3751 1800 3810 et
1841 3745 2051 3812 amico
2095 3745 2434 3831 singulari.

830 3908 901 3976 S.
991 3907 1284 3974 Omnino
1352 3928 1587 3975 censeo
1652 3906 1959 3991 expedire
2023 3914 2102 3971 ut
2164 3906 2397 3973 saltem
2463 3914 2619 3972 ante

653 4002 1074 4080 pentecosten
1117 3994 1363 4059 venias.
1452 3993 1848 4076 Quanquam
1893 3992 2016 4058 hoc
2059 3993 2178 4059 tibi
2220 3993 2487 4058 remitto
2531 4012 2617 4057 ne

654 4090 724 4146 te
763 4080 947 4162 prius
989 4080 1183 4146 istinc
1227 4100 1491 4146 moveas
1533 4100 1734 4162 quam
1777 4085 1892 4143 aut
1932 4099 2053 4161 ego
2096 4078 2219 4144 tibi
2252 4079 2618 4160 significem

655 4165 811 4249 quid
856 4165 1182 4250 egerimus
1223 4185 1376 4230 cum
1429 4164 1700 4250 legatis,
1757 4172 1872 4230 aut
1911 4163 2012 4228 illi
2051 4163 2187 4228 iam
2231 4162 2314 4228 ad
2357 4184 2473 4229 vos
2518 4185 2617 4228 re-

656 4251 900 4317 dierint
944 4272 1019 4317 ac
1056 4249 1175 4315 tibi
1217 4251 1567 4316 retulerint
1608 4247 1870 4333 aliquid.
1933 4247 2271 4331 Quidquid
2313 4248 2413 4313 illi
2457 4270 2614 4314 con-

654 4337 989 4414 cesserint,
1021 4339 1067 4413 ¹)
1111 4337 1244 4402 scio
1288 4335 1410 4401 tibi
1453 4344 1673 4401 ratum
1715 4355 1848 4400 nou
1891 4334 2047 4412 fore,
2093 4334 2226 4399 nisi
2267 4333 2616 4400 accesserit

653 4422 938 4491 fratrum
993 4442 1366 4487 consensus.
1458 4420 1610 4502 Qua
1659 4421 1732 4485 in
1773 4441 1848 4486 re
1889 4419 2009 4485 tibi
2050 4419 2388 4485 assentior.
2477 4417 2615 4485 Sed

654 4526 920 4573 necesse
978 4515 1081 4572 est
1137 4508 1353 4589 capita
1404 4508 1577 4572 inter
1633 4527 1753 4572 nos
1810 4506 2218 4570 conferamus
2260 4512 2612 4587 antequam

653 4612 732 4657 eo
777 4592 1131 4658 veniamus.
1210 4591 1546 4657 Flandrus
1589 4590 1718 4671 ille,
1764 4592 1872 4674 qui
1916 4612 2048 4655 non
2091 4592 2186 4655 ita
2227 4590 2483 4673 pridem
2529 4587 2613 4655 ad

652 4699 768 4744 vos
812 4678 1141 4761 profectus
1174 4678 1405 4757 suerat,
1451 4685 1527 4742 ut
1561 4696 1601 4740 a
1633 4676 1775 4742 ludi
1808 4677 2121 4761 magistro
2157 4675 2612 4742 Lustriaeensi

653 4763 976 4848 reciperet
1026 4762 1199 4846 quod
1254 4762 1378 4828 sibi
1422 4760 1806 4842 debebatur,
1864 4763 2200 4847 negotium
2254 4762 2374 4828 tibi
2416 4782 2609 4828 suum

859 5071 921 5205 ἓξ
959 5070 1427 5208 ἔιῗὲὴᾯὲιῶηέο
1459 5072 1523 5127 in
1556 5087 1692 5141 cyro
1729 5070 2089 5127 Neocomensi
2118 5070 2387 5126 ambiisse.

688 5206 816 5270 548.
853 5208 912 5275 1)
950 5213 1219 5278 quantum
1264 5209 1342 5264 ad
1380 5208 1560 5264 Vin-cti
1599 5208 1939 5276 missionem,
1976 5208 2298 5263 Laecam
2333 5206 2610 5271 Genavam

651 5278 969 5334 &ramum-i.
1040 5277 2611 5348 Dequamictationeinteripsosconlerendumesse

647 5344 810 5415 dicit,
845 5351 1141 5417 mmmm
1172 5347 1389 5417 aliquid
1418 5352 1715 5405 statuatm.

2217 435 2748 506 EPISTOLAE
2796 437 3134 498 542-545

4554 424 4679 488 696

2727 619 3156 703 commendat,
3222 618 3395 705 quod
3455 617 3577 685 tibi
3641 636 3836 682 curae
3897 615 4038 680 fore
4090 613 4407 697 recepisti.
4493 610 4680 677 Vale.

2727 709 3170 787 Festinanter,
3215 706 3391 772 inter
3431 702 3784 788 prandium
3828 709 3895 766 et
3935 699 4421 767 catechismum.
4438 699 4498 775 ²)

3763 838 4047 905 Ioannes
4084 835 4423 903 Calvinus.

3502 1066 3909 1075 -—————-——--

3634 1265 3785 1337 544.

3060 1405 3532 1475 OALVINUS
3575 1402 4345 1471 MELANOH'I'HONI.

2910 1595 3139 1663 Scribit
3199 1596 3514 1662 occasione
3576 1593 3779 1660 oblata
3841 1596 3899 1659 et
3951 1592 4368 1658 lubentissime
4430 1596 4686 1676 quidem

2732 1683 2842 1749 sed
2882 1684 3152 1748 materia
3187 1681 3317 1764 fere
3358 1680 3689 1761 deficiente.
3772 1678 4122 1744 Nonnulla-s
4163 1679 4240 1744 de
4281 1679 4433 1747 bello
4473 1680 4685 1747 italico

2734 1774 2866 1834 tam
2906 1787 3087 1833 veros
3127 1787 3319 1849 qaam
3370 1765 3572 1848 falsos
3622 1785 3901 1831 rumores
3941 1764 4318 1829 transmittit.
4409 1764 4684 1831 Luthero

2733 1874 2799 1920 se
2840 1854 3258 1920 commendari
3300 1852 3487 1932 cupit,
3529 1852 3713 1917 cuius
3756 1855 3958 1915 tamen
3978 1850 4243 1914 nimiam
4282 1851 4353 1915 in
4386 1851 4683 1918 Tur-icen-

2733 1958 2833 2006 ses
2874 1939 3265 2003 acerbitatem
3303 1941 3488 2002 notat.

2732 2125 2844 2207 (1331
2892 2123 3228 2246 autographo
3276 2123 3421 2177 Bibl.
3456 2124 3704 2206 Monach.
3741 2124 3859 2178 cod.
3895 2124 3989 2177 lat.
4026 2121 4231 2186 10,357.
4301 2123 4525 2204 Mannh3
4561 2121 4683 2206 657,

2733 2195 2863 2248 clun
2911 2193 2974 2248 Ο.
3059 2190 3110 2246 5.
3158 2192 3219 2259 3,
3268 2192 3357 2246 fol.
3394 2190 3497 2245 162
3553 2211 3610 2246 m
3667 2200 3914 2247 nostrum
3968 2209 4123 2245 usum
4174 2193 4684 2247 benevolentlssime

2888 2261 3177 2331 descripsit
3216 2261 3284 2314 V.
3325 2260 3465 2314 Olar.
3502 2262 3571 2316 A.
3608 2261 3965 2330 Gutenecker,
4001 2260 4135 2314 bibl.
4173 2261 4521 2330 praefectus.)

2729 2432 3113 2498 Clarissimo
3146 2432 3291 2497 viro
3328 2432 3409 2497 D.
3433 2432 3746 2516 Philippo
3785 2430 4235 2495 Melancthoni
4269 2432 4475 2498 amico
4514 2431 4682 2497 mihi

3289 2516 3651 2601 plurimum
3695 2514 4116 2583 observando.

2900 2652 3126 2734 Quum
3164 2652 3588 2720 vehementer
3609 2653 3693 2718 ad
3717 2662 3781 2719 te
3804 2675 4111 2737 euperem
4146 2653 4447 2734 scribere,
4484 2654 4682 2720 modo

2727 2746 2900 2804 esset
2954 2739 3064 2805 cui
3117 2737 3345 2804 darem
3398 2739 3653 2817 literas,
3711 2740 4124 2806 commodum
4168 2760 4239 2805 se
4281 2739 4445 2804 mihi
4487 2739 4683 2805 hodie

2726 2845 2766 2889 a
2820 2825 3129 2890 concione
3191 2823 3575 2890 obtulerunt
3639 2824 3768 2890 duo
3831 2823 4282 2893 adulescentes
4340 2824 4681 2904 Germani,

2770 2910 2843 2974 ui
2900 2918 3166 2994 propter
3220 2909 3485 2976 bellicos
3543 2912 3703 2976 istos
3758 2912 4081 2977 tumultus
4148 2909 4414 2976 domum
4468 2932 4540 2977 se
4596 2932 4686 2978 ex

2798 2994 2954 3059 allia
2994 2994 3413 3079 recipiebant.
3503 2995 3807 3078 Quorum
3848 2996 4016 3062 alter
4040 2997 4567 3081 Witembergam
4610 3018 4685 3063 se

2722 3081 2852 3145 iter
2892 3081 3221 3147 facturum
3263 3082 3580 3164 promisit.
3666 3082 3985 3162 Tametsi,
4043 3091 4120 3148 ut
4159 3102 4396 3148 verum
4447 3083 4682 3162 fatear,

2723 3165 2883 3248 quid
2926 3164 3209 3231 scribam
3248 3168 3368 3232 vix
3408 3168 3561 3233 scio.
3606 3168 3670 3233 N
3671 3188 3756 3232 on
3791 3168 3945 3251 quia
3987 3168 4158 3233 desit
4197 3176 4683 3252 argumentum,

2723 3250 2838 3317 sed
2881 3252 3037 3334 quia
3075 3253 3147 3316 in
3191 3260 3377 3317 tanta
3417 3272 3639 3318 rerum
3682 3254 3870 3338 copia
3912 3261 3979 3319 et
4020 3255 4361 3330 varietate,
4406 3253 4489 3319 de
4536 3254 4683 3337 qui-

2724 3335 2865 3416 bus,
2911 3337 2969 3401 si
3001 3356 3220 3402 coram
3258 3338 3436 3403 inter
3468 3359 3589 3404 nos
3630 3338 4165 3423 colloqueremur,
4211 3338 4463 3423 prolixe
4506 3347 4681 3406 trae-

2724 3429 2869 3487 tare
2891 3429 3109 3487 tecum
3129 3423 3380 3502 liberet,
3418 3443 3537 3489 nec
3572 3425 3967 3509 principium
4010 3444 4129 3490 nec
4167 3426 4366 3490 finem
4388 3426 4677 3492 invenio.

2723 3507 2817 3572 Et
2858 3507 3073 3572 multa
3113 3515 3271 3572 sunt
3312 3509 3632 3575 eiusmodi
3689 3531 3855 3592 quae
3904 3510 4115 3576 literis
4156 3510 4503 3594 complecti
4543 3532 4684 3579 non

2722 3592 2884 3658 satis
2910 3593 2997 3657 sit
3016 3593 3442 3658 commodum.
3487 3594 3761 3661 Accedit
3794 3596 3920 3662 hoc
3952 3617 4210 3679 quoque
4242 3596 4436 3679 quod,
4474 3618 4683 3679 quum

2723 3685 2909 3743 tanto
2945 3677 3213 3743 demum
3244 3688 3394 3763 post
3426 3681 3776 3747 intervallo
3812 3680 3896 3747 ad
3931 3690 3998 3747 te
4027 3685 4415 3765 perveniant
4446 3682 4683 3749 literae

2723 3784 2918 3846 quam
2977 3764 3257 3847 scriptae
3319 3775 3508 3844 sunt,
3562 3768 3809 3833 frustra
3864 3788 3942 3832 ea
3985 3767 4454 3847 scriberentur,
4511 3789 4683 3851 quae

2720 3849 3136 3931 potissimum
3192 3848 3466 3934 implere
3511 3852 3870 3919 amicorum
3914 3853 4220 3935 epistolas
4263 3853 4512 3932 solent,
4566 3855 4683 3921 ubi

2721 3945 2989 4018 propter
3019 3934 3312 4000 locorum
3351 3939 3924 4022 propinquitatem,
3975 3939 4147 4004 ultro
4181 3940 4468 4022 citroque
4504 3941 4683 4006 inter

2721 4042 2793 4086 se
2835 4021 3316 4087 communicare
3357 4032 3652 4105 possunt.

2924 4307 2987 4373 2)
3030 4309 3360 4364 wetinus
3412 4310 3547 4365 baec
3598 4309 3789 4366 addit.-
3843 4313 4016 4377 Quum
4069 4312 4217 4366 dicat
4263 4314 4319 4366 in
4366 4313 4545 4367 altera
4592 4331 4681 4384 ep.

2722 4377 2817 4445 (N.
2852 4376 2982 4442 537)
3019 4396 3079 4432 se
3115 4380 3183 4433 de
3222 4381 3409 4433 Vireto
3445 4397 3566 4434 cum
3611 4381 3802 4446 legatis
3851 4382 4161 4450 loquutum,
4208 4389 4266 4435 et
4298 4389 4681 4451 praetentasse

2718 4464 2846 4500 num
2891 4448 3068 4528 ipsum
3112 4455 3338 4519 possent
3384 4448 3658 4503 Gencvam
3702 4450 4004 4531 attrahere,
4049 4450 4498 4532 suspicorjiauc·
4522 4452 4681 4505 illam

2717 4532 3076 4586 praecessisse
3112 4526 3169 4569 et
3202 4518 3392 4572 eodem
3428 4535 3612 4573 mense
3649 4535 3768 4572 csse
3803 4524 4078 4586 scnptam,
4116 4536 4282 4588 quum
4304 4537 4361 4571 m
4394 4536 4459 4572 ea
4480 4525 4682 4573 innuat

2716 4601 2776 4637 se
2811 4583 2880 4636 de
2917 4601 2980 4637 ea
3016 4602 3077 4638 re
3122 4603 3243 4639 cum
3292 4588 3342 4639 le
3416 4588 3485 4639 tis
3532 4596 3794 4667 acturum.
3872 4586 4028 4656 Quae
4072 4587 4287 4655 quidem
4334 4587 4516 4667 speeie
4556 4604 4682 4643 nou

2706 4658 2909 4790 2253}
2941 4652 3044 4802 ⁸32²,
3062 4669 3284 4778 m...
3337 4670 3478 4777 ...ὦ
3508 4655 4680 4807 ’,ζέζωᾞῖιξῖῠὲἑῖἒΐέεξξαωῧ

2711 4790 3841 4943 &xmssmwtm
3770 4793 4412 4931 &messmampm'm
4425 4800 4679 4919 „aa”

2711 4928 3235 5070 RuchatwfzgssB)
3279 5001 3381 5069 qui
3419 4929 4141 5056 ἓὲοὲεἭαὲιὲιξπὲῗπῦ
4185 5003 4265 5056 les
4291 4935 4678 5057 fiemokstex

2712 5069 2980 5150 voyerent
3001 5067 3069 5149 de
3093 5085 3375 5151 nouveaux
3399 5068 3627 5138 deputes
3649 5069 3684 5151 a:
3704 5069 3940 5142 Geneve,
3960 5087 4099 5142 pour
4115 5072 4376 5125 terminer
4394 5072 4677 5151 ‘quelques

2712 5137 2927 5189 affaires
2950 5153 3067 5216 ,qul
3115 5145 3380 5192 restoient
3426 5154 3618 5219 encore
3664 5157 3697 5192 a
3741 5140 3944 5220 regler,
3989 5138 4105 5194 sca.
4140 5143 4207 5194 ut
4243 5143 4562 5220 ¹pactionem
4595 5155 4673 5193 οι.

2713 5203 2993 5286 Iasium-to
3058 5204 3266 5271 factam
3319 5211 3640 5263 aecum-attus
3697 5207 4008 5277 definirent.
4081 5207 4151 5263 Si
4203 5208 4340 5277 quad
4393 5208 4672 5288 eodemus,

2703 5278 3365 5414 {wspfidfflm
3403 5277 3744 5346 praecedam
3785 5278 3964 5335 Vvet·
3998 5276 4278 5334 oman·
4307 5281 4672 5351 ponentem,
