5050 6167
706 425 834 489 795

694 611 811 676 zita
868 608 1370 694 argutabantur:
1430 606 1509 674 Si
1565 627 1720 690 ergo
1778 610 1962 689 pater
2028 603 2462 671 essentialiter
2518 604 2657 669 vita

708 703 834 776 est,
881 706 948 761 et
986 696 1119 760 filio
1162 694 1366 760 vitam
1409 692 1605 770 dedit,
1652 712 1785 757 non
1845 692 2040 756 habet
2097 711 2252 775 ergo
2309 690 2657 773 aliquando

711 783 891 850 filius
936 782 1168 846 vitam:
1214 778 1532 863 quomodo
1575 799 1730 862 ergo
1774 777 2004 842 similis
2049 776 2174 841 erit
2216 777 2386 857 patri
2431 776 2540 859 qui
2577 774 2656 840 ab

714 889 792 935 eo
836 868 1103 951 recipiat
1155 864 1325 950 quod
1360 865 1499 947 ipse
1533 885 1667 929 non
1705 862 1987 929 habeat?
2053 860 2463 944 Respondet:
2511 861 2658 926 Hoc

716 961 954 1033 autem,
1012 954 1082 1016 in
1127 972 1197 1016 se
1238 952 1380 1034 ipso
1423 950 1629 1014 vitam
1675 949 1932 1025 habere,
1990 948 2156 1012 nihil
2215 947 2393 1011 aliud
2453 946 2659 1029 signi-

714 1042 872 1106 ficat
908 1058 1102 1121 quam
1147 1036 1597 1102 essentialiter.
1686 1035 1834 1099 Hoc
1886 1032 1966 1097 de
2017 1033 2280 1098 homine
2324 1041 2659 1116 assumpto

715 1145 909 1192 nemo
953 1131 1131 1190 recte
1169 1120 1582 1187 intellexerit.
1672 1118 1997 1185 Scribitur
2039 1128 2292 1182 autem:
2339 1117 2537 1194 dedit,
2583 1125 2660 1181 ut

714 1209 1107 1277 naturaliter
1150 1229 1223 1273 ac
1267 1206 1701 1273 essentialiter
1756 1226 1839 1270 ex
1882 1213 2070 1287 patre
2112 1205 2287 1268 filius
2330 1204 2659 1288 signifiea-

714 1304 917 1362 retur.
1005 1294 1154 1360 Non
1211 1294 1385 1358 enim
1441 1301 1626 1375 pater
1681 1290 1924 1374 aliquid
1981 1289 2160 1355 dedit
2213 1290 2344 1354 filio
2387 1289 2575 1372 quasi
2619 1309 2660 1354 a

714 1402 790 1449 se
830 1383 974 1464 ipso
1009 1381 1309 1445 auferens
1348 1377 1703 1443 secundum
1736 1376 1974 1441 locales
2017 1398 2092 1442 ae
2127 1374 2484 1440 divisibiles
2519 1396 2660 1441 cor-

716 1467 894 1552 poris
935 1465 1301 1544 incisiones,
1359 1461 1473 1529 sed
1528 1461 2073 1545 quemadmodum
2132 1461 2358 1545 planta
2401 1461 2659 1538 fructui,

716 1553 833 1638 qui
888 1573 971 1617 ex
1024 1552 1169 1633 ipsa
1224 1558 1340 1626 est,
1394 1549 1780 1613 naturaliter
1843 1567 2030 1612 suam
2084 1547 2469 1629 qualitatem
2529 1545 2659 1624 dat,

714 1639 815 1706 sic
858 1645 924 1702 et
965 1637 1101 1701 filio
1142 1643 1330 1717 pater
1363 1634 1583 1700 omnia
1617 1654 1736 1698 sua
1772 1632 1919 1697 dat.-
1970 1632 2223 1697 Deinde
2257 1633 2451 1714 paulo
2486 1639 2657 1714 post:

719 1722 935 1799 Solus,
980 1722 1213 1805 inquit,
1272 1742 1349 1786 ea
1391 1726 1576 1803 pater
1619 1720 1861 1784 habere
1904 1717 2157 1795 dicitur,
2216 1719 2287 1782 in
2343 1727 2664 1799 quantum

719 1831 762 1876 a
803 1807 985 1874 nullo
1030 1806 1244 1884 habet,
1302 1805 1415 1872 sed
1471 1807 1691 1871 omnia
1742 1825 1908 1888 quae
1951 1804 2076 1870 sibi
2119 1804 2507 1868 naturaliter
2562 1804 2663 1868 in-

718 1903 877 1962 sunt
918 1893 1091 1958 filius
1137 1913 1312 1971 suus,
1371 1914 1454 1956 ex
1498 1912 1573 1956 eo
1616 1890 1941 1973 prodiens,
1999 1890 2418 1971 consequitur
2471 1900 2664 1954 natu-

718 1980 964 2045 raliter.
1052 1978 1321 2043 Possem
1364 1977 1435 2041 in
1478 1976 1675 2042 huius
1718 1974 2084 2041 sententiae
2128 1975 2513 2058 suffragium
2559 1974 2662 2038 in-

718 2066 942 2131 finitos
1006 2084 1214 2147 paene
1278 2062 1452 2128 locos
1514 2062 1900 2145 producere,
1973 2082 2198 2127 verum
2276 2061 2437 2126 haec
2499 2060 2665 2124 mihi

720 2152 1019 2217 sufficere
1062 2149 1385 2213 videntur.
2296 2135 2322 2169 '

890 2234 1165 2299 Homini
1208 2254 1369 2298 vero
1423 2240 1755 2315 assumpto
1809 2235 1919 2317 qui
1962 2241 2262 2300 creatura
2315 2240 2432 2312 est,
2489 2231 2666 2298 unde

717 2329 789 2387 et
830 2322 1038 2386 vitam
1080 2319 1469 2384 naturaliter
1510 2317 1750 2383 habere
1785 2340 1914 2384 non
1949 2320 2184 2404 potuit,
2228 2319 2518 2403 gratuita
2553 2317 2665 2383 do-

716 2408 985 2472 natione
1041 2406 1242 2470 vitam
1298 2403 1514 2469 datam
1571 2406 1864 2488 accipere
1914 2406 2139 2471 scribit
2181 2403 2491 2490 Cyrillus.
2580 2404 2662 2468 In

715 2494 1020 2576 quintum
1062 2492 1330 2555 Ioannis
1366 2489 1446 2555 de
1481 2489 1749 2556 Christo
1784 2490 2055 2573 loquens
2091 2491 2203 2570 ait,
2247 2490 2469 2555 omnia
2510 2488 2668 2554 data

716 2577 921 2644 fuisse
964 2586 1039 2641 ut
1074 2575 1343 2652 homini,
1390 2576 1503 2657 qui
1536 2596 1736 2658 quum
1772 2584 2073 2641 creatura
2108 2577 2211 2654 sit,
2257 2575 2424 2640 nihil
2468 2574 2667 2639 habet

718 2684 762 2729 a
803 2685 874 2729 se
915 2663 1089 2745 ipso:
1136 2661 1514 2746 unigenitus
1548 2682 1707 2727 vero
1743 2661 1873 2727 Dei
1906 2663 2081 2727 filius
2116 2681 2248 2727 non
2292 2662 2468 2726 vitae
2512 2681 2665 2743 par-

714 2749 942 2830 ticeps,
988 2745 1103 2813 sed
1144 2749 1286 2812 vita
1337 2745 1726 2813 naturaliter
1776 2756 1854 2811 ut
1908 2756 2095 2830 pater
2136 2753 2254 2812 est.
2352 2745 2541 2812 Idem
2592 2746 2666 2810 in

715 2833 882 2899 illud
925 2833 1226 2898 Ioannis:
1274 2831 1444 2898 Caro
1488 2853 1621 2897 non
1662 2832 1929 2914 prodest
1972 2831 2342 2916 quidquam,
2387 2832 2664 2908 Natura,

713 2920 949 3003 inquit,
993 2919 1208 2984 carnis
1240 2919 1386 3002 ipsa
1418 2938 1538 3002 per
1571 2938 1641 2984 se
1675 2918 2012 2983 vivificare
2050 2937 2179 2984 non
2222 2924 2467 3000 potest:
2509 2917 2665 3000 quid

717 3005 894 3072 enim
939 3005 1151 3069 maius
1189 3012 1428 3070 natura
1463 3001 1833 3069 divinitatis
1868 3002 2183 3068 haberet?
2205 3006 2297 3078 ⁸⁴)
2352 3003 2491 3069 Nec
2524 3002 2667 3067 sola

712 3092 792 3158 in
845 3089 1112 3156 Christo
1167 3110 1310 3156 esse
1363 3089 1787 3173 intelligitur,
1854 3087 1971 3153 sed
2024 3088 2218 3154 habet
2271 3089 2480 3154 filium
2537 3087 2666 3152 Dei

714 3176 843 3244 sibi
921 3175 1378 3254 coniunctum,
1458 3175 1567 3258 qui
1633 3174 2277 3239 consubstantialiter
2344 3174 2484 3240 vita
2546 3181 2661 3238 est.

715 3261 1001 3344 Quando
1064 3261 1274 3344 igitur
1337 3260 1666 3325 vivificam
1722 3259 2028 3324 Christus
2090 3262 2298 3342 ipsam
2362 3259 2664 3342 appellat,

710 3368 850 3414 ‘non
893 3347 987 3413 ita
1029 3348 1127 3412 illi
1169 3355 1248 3412 ut
1286 3345 1410 3412 sibi
1453 3345 1592 3412 sive
1646 3346 1911 3429 proprio
1953 3345 2213 3430 spiritui
2266 3345 2402 3411 vim
2452 3345 2663 3411 vivifi-

715 3432 913 3499 candi
955 3431 1203 3497 tribuit.
1293 3429 1402 3496 Ad
1439 3430 1600 3497 haec
1643 3428 1963 3497 accedunt
2006 3451 2170 3513 quae
2208 3431 2279 3495 in
2339 3431 2664 3496 decimum

715 3520 1072 3602 septimum
1129 3517 1398 3581 Ioannis
1453 3524 1650 3600 caput
1707 3516 1790 3582 ab
1833 3515 2056 3581 eodem
2102 3516 2493 3594 scribuntur,
2548 3517 2661 3583 ubi

714 3602 798 3670 de
854 3603 1122 3668 Christo
1175 3601 1446 3684 loquens
1498 3601 1705 3666 multo
1763 3602 2208 3684 apertissimae
2261 3601 2663 3668 distinctioni

713 3695 983 3755 nostrae
1025 3687 1493 3771 patrocinatur.
1583 3684 1772 3766 Quae
1815 3694 1891 3752 ut
1932 3689 2134 3768 Deus,
2193 3688 2423 3771 inquit,
2469 3696 2661 3753 natu-

712 3774 940 3840 raliter
982 3772 1182 3839 habet
1224 3791 1499 3853 semper,
1546 3778 1620 3836 ut
1662 3772 1859 3838 homo
1901 3774 1968 3837 in
2006 3774 2380 3840 novissimis
2415 3773 2665 3856 accepit

713 3857 1133 3942 temporibus.
1234 3858 1403 3921 Tum
1460 3857 1687 3940 paucis
1740 3859 2100 3926 interiectis
2153 3860 2397 3942 inquit:
2468 3857 2661 3939 Quod

711 3945 850 4012 filio
908 3943 1135 4010 adesse
1195 3941 1471 4007 dicimus
1527 3944 1917 4009 naturaliter
1970 3944 2235 4027 quidem,
2289 3953 2366 4010 ut
2416 3964 2499 4008 ex
2543 3963 2661 4025 pa-

709 4037 817 4095 tre
859 4038 978 4106 est,
1025 4028 1253 4093 datum
1297 4035 1513 4093 autem
1560 4037 1634 4093 ut
1675 4028 1868 4095 hemo
1911 4039 2037 4096 est:
2086 4030 2279 4095 homo
2323 4028 2495 4093 enim
2542 4048 2660 4092 na-

709 4122 866 4181 tura
920 4115 1081 4179 deus
1136 4134 1271 4178 non
1330 4121 1460 4192 est,
1528 4112 1837 4180 Christus
1905 4124 2126 4181 autem
2179 4125 2420 4179 natura
2475 4114 2661 4178 Deus

711 4208 830 4278 est,
887 4199 1044 4265 licet
1099 4199 1299 4264 etiam
1356 4198 1548 4264 homo
1602 4221 1746 4266 esse
1800 4201 2209 4286 intelligatur
2270 4207 2538 4282 propter
2589 4197 2661 4262 id

712 4284 882 4370 quod
929 4306 969 4350 a
1010 4284 1198 4349 nobis
1238 4285 1606 4367 assumpsit.
1697 4285 2016 4369 Denique,
2072 4293 2148 4351 ut
2187 4293 2326 4350 tam
2366 4284 2659 4368 prolixae

710 4377 867 4434 tuae
910 4370 1351 4452 responsionis
1391 4369 1871 4454 impugnationi
1927 4370 2162 4435 addam
2205 4368 2657 4453 colophonem,

708 4454 977 4521 attende
1032 4453 1203 4538 quod
1255 4454 1421 4520 libro
1479 4460 1519 4518 4
1564 4456 1885 4521 Thesauri
1939 4455 2113 4523 idem
2166 4457 2424 4523 scribit:
2482 4456 2658 4539 Quia

709 4542 854 4607 ‘rita
894 4539 1254 4606 secundum
1294 4552 1604 4606 naturam
1647 4540 1821 4607 filius
1876 4550 1994 4622 est,
2052 4542 2342 4625 accipere
2385 4562 2426 4607 a
2466 4546 2657 4625 patre

694 4623 969 4703 dicitur,
1022 4647 1156 4690 non
1209 4626 1277 4690 in
1331 4633 1652 4710 quantum
1694 4625 1969 4692 verbum
2014 4637 2129 4693 aut
2168 4629 2385 4712 imago
2428 4627 2655 4710 patris,

710 4713 807 4779 sic
862 4711 1040 4778 enim
1097 4731 1351 4795 quoque
1405 4713 1546 4795 ipse
1600 4713 1992 4778 naturaliter
2048 4714 2186 4779 vita
2242 4722 2360 4791 est,
2425 4711 2541 4779 sed
2585 4714 2656 4779 in

706 4807 1033 4882 'quantum
1074 4797 1270 4862 homo
1312 4796 1522 4862 faetus
1564 4804 1684 4862 est.
1770 4797 1878 4863 Ita
1920 4799 2095 4865 enim
2154 4806 2343 4882 pater
2396 4807 2465 4864 et
2518 4807 2658 4864 tota

710 4884 973 4948 trinitas
1042 4884 1247 4948 vitam
1310 4882 1447 4947 filio
1506 4891 1574 4946 et
1626 4883 1876 4948 homini
1933 4893 2240 4968 praestat.
2331 4885 2502 4951 Ecce
2548 4885 2656 4950 hie

704 4969 1005 5053 Cyrillus
1026 4968 1231 5034 vitam
1253 4975 1587 5050 assumpto
1610 4968 1861 5035 homini
1897 4990 1937 5034 a
1970 4979 2107 5036 tota
2139 4970 2434 5035 trinitate
2467 4989 2654 5052 prae-

704 5055 932 5120 stitam
976 5055 1218 5120 fatetur
1256 5054 1558 5138 ingenue,
1602 5055 1797 5138 idque
1838 5057 2130 5141 gratuita
2173 5055 2520 5120 donatione
2555 5058 2656 5121 in-

710 5140 967 5224 telligit,
1012 5139 1183 5222 qued
1227 5160 1420 5205 nemo
1461 5139 1868 5208 infitiabitur.
1957 5144 2140 5209 Dum
2183 5162 2340 5207 vero
2380 5140 2654 5207 verbum

916 5323 1008 5390 34)
1049 5325 1185 5393 Quid
1225 5328 1364 5381 enim
1400 5337 1623 5384 naturae
1661 5330 1964 5385 divinitatis
2000 5331 2269 5384 haberet?
2308 5332 2412 5395 (κ).

2364 409 2888 481 EPIS'mLAn
2932 415 3058 480 590

4561 424 4669 489 796

2758 626 2799 669 a
2839 609 3029 686 patre
3083 604 3293 671 vitam
3352 605 3643 690 accipere
3700 611 3915 689 negat,
3961 625 4092 670 non
4137 604 4219 671 de
4261 605 4532 671 naturali
4570 609 4673 675 sed

2759 690 3042 774 gratuita
3084 689 3433 757 donatione
3475 690 3809 775 intelligit:
3867 690 4103 773 alioqui
4149 691 4549 773 apertissime
4583 715 4674 759 se-
4731 765 4738 772 ,

2760 797 2911 841 eum
2967 777 3331 859 pugnantia
3381 777 3711 856 scriberet,
3769 785 3962 859 atque
4005 778 4397 842 sententiam
4437 777 4674 859 Hilarii,

2761 862 3119 944 Augustini
3164 883 3240 928 ac
3282 863 3614 928 Ambrosii
3660 870 3885 945 (quam
3931 862 4043 928 ubi
4085 861 4166 927 de
4209 861 4451 928 divinis
4491 862 4675 931 disse-

2761 945 3036 1011 rendum
3080 957 3183 1013 est
3224 968 3417 1013 nemo
3459 968 3593 1013 non
3638 946 4048 1032 praetulerit)
4092 954 4432 1013 everteret.

2932 1032 3116 1099 Haec
3180 1036 3469 1098 animum
3533 1045 3720 1098 tuum
3793 1031 4102 1099 adactura
4162 1030 4244 1097 ad
4307 1035 4679 1101 sententiam

2764 1117 3145 1184 mutandam
3201 1120 3362 1183 satis
3415 1140 3557 1185 esse
3610 1129 3931 1202 putarem,
3999 1120 4057 1184 si
4109 1139 4255 1183 eam
4316 1117 4679 1203 gladiatorie

2765 1202 2970 1286 (quod
3026 1204 3243 1286 aiunt)
3298 1205 3517 1270 animo
3569 1206 3744 1269 tueri
3801 1226 3930 1270 non
3997 1204 4236 1289 pergis.
4325 1204 4555 1286 Porro,
4613 1213 4682 1271 ut

2763 1289 2932 1353 nihil
2988 1310 3211 1355 eorum
3268 1310 3433 1372 quae
3490 1312 3530 1355 a
3583 1300 3648 1356 te
3701 1291 3772 1354 in
3828 1291 4187 1355 novissima
4252 1297 4368 1355 tua
4433 1289 4684 1372 epistola

2762 1373 3077 1458 producta
3101 1384 3256 1440 sunt
3277 1377 3656 1442 inconeussa
3676 1376 4140 1458 relinquamus,
4178 1373 4446 1440 adverte
4478 1397 4682 1456 quem·

2763 1458 3112 1526 admodum
3158 1461 3255 1525 tui
3298 1462 3538 1528 oblitus
3580 1460 3929 1527 adversum
3974 1471 4040 1526 te
4081 1482 4353 1546 pugnes.
4444 1461 4685 1527 Fateris

2764 1546 3032 1611 Ioannis
3073 1548 3517 1627 autoritatem,
3560 1568 3688 1631 qua
3731 1548 3997 1612 dicitur:
4044 1546 4235 1613 Sicut
4279 1554 4466 1630 pater
4505 1547 4688 1612 habet

2767 1632 2969 1698 vitam
3011 1634 3082 1697 in
3124 1642 3333 1698 semet
3372 1633 3516 1717 ipso
3558 1636 3651 1700 sic
3693 1632 3873 1698 dedit
3924 1632 4059 1698 filio
4099 1633 4304 1699 vitam
4353 1631 4587 1697 habere
4623 1633 4688 1698 in

2765 1727 2974 1784 semet
3013 1719 3173 1801 ipso,
3220 1720 3289 1783 in
3332 1718 3686 1784 humanam
3725 1738 4139 1803 nequaquam
4180 1728 4545 1800 competere
4583 1737 4689 1782 na·

2767 1814 3000 1881 turam,
3061 1803 3230 1887 quod
3286 1803 3529 1869 nedum
3584 1806 3815 1882 alieno,
3874 1826 4102 1869 verum
4145 1811 4213 1868 et
4251 1811 4364 1869 tuo
4409 1802 4689 1886 probavi-

2767 1911 2914 1954 mus
2949 1889 3183 1954 falsum
3228 1910 3372 1955 esse
3414 1890 3802 1956 testimonio.
3891 1890 4152 1956 Deinde
4206 1891 4444 1954 rimam
4486 1908 4692 1972 reper-

2765 1982 2956 2040 turus
2999 1975 3290 2041 affirmas
3324 1978 3396 2040 in
3431 1984 3634 2041 totam
3671 1985 4039 2060 competere
4073 1995 4437 2058 personam.
4508 1973 4689 2055 Quid,

2765 2060 3048 2138 obsecro,
3092 2069 3193 2126 est
3233 2082 3517 2143 persona
3557 2062 3672 2126 illa
3715 2060 3795 2126 de
3838 2082 3969 2145 qua
4010 2061 4314 2143 loqueris,
4359 2060 4492 2126 nisi
4533 2078 4694 2124 unus

2768 2146 3116 2212 Christus?
3219 2147 3472 2230 Nempe
3516 2156 3660 2229 post
3702 2148 4218 2213 incarnationem
4263 2167 4439 2211 unus
4492 2154 4589 2211 est
4636 2151 4697 2209 et

2768 2254 2939 2297 unus
3017 2240 3270 2311 manet,
3338 2233 3580 2317 absque
3643 2232 3962 2299 divisione
4028 2233 4190 2311 ulla,
4255 2241 4697 2316 praeterquam

2768 2316 2941 2400 quod
3016 2317 3144 2382 Dei
3221 2319 3430 2401 patris
3493 2319 3767 2385 verbum
3829 2327 3902 2383 et
3960 2317 4281 2400 templum
4347 2339 4390 2383 a
4452 2316 4697 2400 virgine

2769 2412 3105 2487 sumptum
3156 2404 3331 2469 idem
3389 2413 3627 2470 natura
3697 2425 3830 2469 non
3886 2412 4058 2469 sunt.
4168 2404 4319 2468 Non
4375 2403 4554 2467 enim
4604 2405 4697 2466 est

2768 2489 3063 2555 ciusdem
3127 2490 3537 2556 substantiae
3601 2491 3803 2555 verbo
3874 2489 4003 2556 Dei
4062 2489 4254 2555 homo
4313 2496 4695 2570 assumptus,

2767 2596 2941 2641 unus
2963 2582 3182 2639 tamen
3214 2582 3316 2642 est
3348 2596 3498 2641 cum
3532 2576 3646 2641 illo
3681 2575 4134 2642 coniunctione
4167 2574 4508 2652 ineffabili,
4543 2571 4696 2637 ratio

2767 2669 2990 2725 tamen
3035 2682 3351 2743 personae
3396 2662 3520 2736 (sie
3561 2662 3739 2727 enim
3783 2660 3960 2745 loqui
4000 2669 4224 2745 cogor)
4269 2660 4554 2737 Chr-isto,
4599 2676 4699 2721 ra-

2767 2748 2949 2812 tione
3005 2746 3186 2812 verbi
3238 2755 3540 2812 naturam
3593 2748 4005 2826 assumentis,
4070 2767 4201 2811 non
4267 2753 4544 2811 naturae
4603 2761 4700 2807 as-

2768 2838 3073 2915 sumptae
3123 2833 3446 2915 competit.
3534 2831 3823 2898 Proinde
3873 2832 4073 2897 hane:
4130 2832 4439 2897 Christus
4481 2845 4701 2896 seeun-

2770 2917 2927 2982 dum
2970 2916 3142 3001 quod
3183 2919 3364 2983 Deus
3423 2939 3702 3001 persona
3747 2926 3864 2996 est,
3922 2939 4113 2983 nemo
4168 2938 4301 2982 non
4357 2916 4698 2990 admiserit,

2769 3004 3030 3069 tametsi
3073 3004 3273 3068 hanc:
3336 3003 3641 3070 Christus
3696 3001 4053 3068 seeundum
4104 3002 4277 3086 quod
4326 3003 4523 3067 homo
4565 3017 4702 3083 per-

2768 3109 2929 3154 sona
2971 3094 3087 3166 est,
3133 3089 3492 3156 catholicus
3534 3091 3699 3155 citra
3739 3089 4136 3171 impietatem
4179 3108 4307 3153 non
4348 3089 4436 3154 sit
4473 3086 4701 3151 admis-

2769 3194 2983 3240 surus.
3074 3172 3205 3254 Qui
3239 3176 3444 3259 igitur
3478 3177 3553 3240 fit
3585 3183 3660 3240 ut
3690 3174 3961 3239 Ioannis
3995 3174 4415 3240 autoritatem
4457 3174 4529 3237 in
4561 3189 4701 3238 ver-

2768 3257 2925 3324 bum
2981 3269 3363 3343 competere,
3421 3259 3503 3325 ad
3559 3258 3730 3343 quod
3772 3268 4025 3342 spectat
4066 3261 4283 3324 carnis
4327 3256 4700 3340 assumptio,

2766 3346 2957 3410 fateri
3012 3345 3347 3421 detrectes,
3404 3367 3537 3411 non
3595 3346 3754 3411 satis
3797 3365 4123 3430 assequor,
4179 3366 4384 3429 quum
4430 3343 4500 3410 id
4541 3338 4704 3426 apud

2768 3438 3022 3496 veteres
3064 3430 3291 3496 videas
3335 3452 3477 3497 esse
3519 3439 3848 3496 testatum.

2943 3514 3186 3580 Videor
3228 3515 3333 3580 hie
3375 3537 3522 3581 meo
3565 3516 3803 3582 iudicio
3845 3515 4102 3583 abunde
4154 3517 4315 3582 satis
4359 3515 4704 3581 adversum

2765 3609 2944 3666 tuam
2988 3601 3473 3683 responsionem
3518 3602 3936 3668 evertendam
3981 3602 4252 3669 sudasse
4299 3599 4543 3688 [saxis]
4603 3594 4703 3662 Ad

2765 3686 3014 3768 reliqua
3056 3687 3152 3751 tui
3209 3687 3527 3768 paradoxi
3569 3687 3890 3753 eludenda
3934 3687 4257 3772 praesidia
4305 3683 4704 3753 redeundum

2763 3778 2882 3849 est,
2927 3791 3053 3854 quo
3097 3772 3362 3837 tandem
3405 3773 3575 3838 nihil
3617 3776 3900 3858 supersit
3957 3775 4127 3857 quod
4175 3774 4331 3840 hinc
4383 3773 4456 3839 iu
4500 3777 4703 3855 postn-

2763 3876 2910 3920 rum
2969 3866 3035 3921 te
3089 3856 3358 3923 haerere
3409 3876 3801 3940 permoveat.
3890 3860 4232 3927 Protulisti
4274 3869 4498 3925 autem
4540 3858 4703 3920 inter

2762 3949 3023 4008 caetera
3067 3941 3304 4026 Cyrilli
3348 3947 3735 4010 sententiam
3792 3967 3921 4028 qua
3965 3946 4083 4010 ait:
4144 3945 4339 4026 Quod
4384 3967 4426 4011 a
4459 3964 4530 4011 se
4571 3942 4702 4022 ipm

2763 4028 2971 4093 vitam
3027 4048 3160 4093 non
3218 4029 3417 4095 habet
3469 4050 3600 4114 quo
3657 4031 3848 4096 medo
3902 4032 4324 4114 corruptibile
4383 4049 4518 4095 non
4566 4025 4701 4092 erit.

2763 4114 2932 4177 Tum
2970 4113 3097 4178 ais:
3138 4115 3658 4198 Argumentatur
3674 4118 3765 4199 ⁸⁵)
3803 4116 3885 4181 ab
3920 4117 4218 4193 absurdo,
4253 4124 4330 4182 ut
4368 4115 4703 4182 Christum

2765 4219 2805 4263 a
2841 4220 2915 4264 se
2957 4199 3102 4282 ipso
3157 4220 3300 4265 esse
3343 4209 3740 4284 extorqueat.
3830 4201 4107 4280 Deinde,
4166 4204 4355 4285 quasi
4411 4204 4544 4266 iam
4602 4195 4700 4260 hie

2763 4285 3006 4349 fossam
3060 4292 3129 4350 et
3183 4285 3431 4350 vallum
3473 4289 3919 4369 comperisses,
3965 4287 4288 4354 adiecisti:
4337 4289 4556 4353 Locus
4607 4285 4701 4345 δεῖ

2760 4369 2995 4437 clarus.
3087 4371 3201 4435 Me
3235 4373 3504 4437 miseret
3550 4375 3663 4446 tui,
3725 4372 3996 4453 Calvino,
4041 4376 4151 4456 qui
4211 4374 4294 4439 ob
4340 4376 4701 4458 ignoratam

2761 4453 3109 4540 colligendi
3143 4458 3463 4522 rationem
3500 4457 3846 4544 Cyrillum,
3892 4461 4001 4543 qui
4039 4460 4161 4525 tibi
4204 4480 4402 4542 prora
4445 4468 4512 4524 et
4551 4471 4702 4538 pup-

2759 4542 2864 4624 pis
2898 4549 3015 4621 est,
3053 4541 3395 4608 haereseos
3425 4555 3586 4608 nota
3619 4545 4036 4629 impudenter
4067 4546 4291 4630 pergis
4312 4540 4703 4610 insimulare.

2762 4626 2958 4709 Quid,
2985 4675 2990 4681 -
3013 4628 3299 4706 obsecre,
3362 4638 3462 4694 est
3504 4628 3846 4696 Christum
3900 4650 3940 4694 a
3993 4651 4063 4696 se
4119 4633 4260 4714 ipse
4306 4652 4454 4697 esse
4495 4632 4703 4696 exter-

2759 4733 2975 4796 quere,
3035 4734 3229 4796 quam
3287 4724 3467 4781 certa
3519 4715 3867 4801 colligendi
3924 4715 4087 4800 lege,
4146 4716 4497 4784 Christum
4549 4735 4590 4779 a
4636 4727 4703 4774 se

2755 4799 2901 4880 ipso
2933 4819 3094 4876 esse,
3139 4807 3253 4865 tan
3300 4820 3452 4866 uam
3490 4823 3717 4866 verum
3751 4802 4040 4867 inferre?
4114 4804 4207 4868 At
4238 4804 4389 4886 quis
4425 4817 4700 4885 pronun-

2759 4885 3004 4949 ciatum
3049 4884 3197 4950 hoc:
3300 4885 3548 4952 hristus
3591 4897 3692 4953 est
3732 4907 3772 4951 a
3813 4908 3886 4954 se
3927 4889 4089 4970 ipso,
4135 4889 4259 4954 nisi
4295 4909 4556 4955 summe
4588 4886 4700 4948 im·

2759 4971 2924 5052 pius,
2968 4990 3087 5054 pro
3129 4990 3287 5037 vero
3328 4972 3639 5038 duxerit?
3716 4973 3893 5054 Quid
3948 4981 4068 5050 est,
4129 4995 4305 5075 rogo,
4365 4974 4695 5038 Christum

2760 5076 2800 5120 a
2845 5076 2917 5121 se
2969 5056 3110 5138 ipso
3167 5078 3310 5123 esse
3365 5078 3673 5137 asserere,
3730 5079 3923 5143 quam
3981 5057 4231 5126 Christi
4287 5069 4618 5127 aeternam
4647 5074 4696 5118 ⁸

2757 5148 2946 5225 patre
3001 5144 3492 5226 generationem
3547 5145 3833 5229 negare?
3923 5145 4016 5212 Et
4070 5153 4146 5212 ut
4201 5144 4471 5216 tandem
4533 5141 4691 5228 quod

2953 5276 3530 5398 Sto-{rgumentaber
3565 5335 3665 5400 (α).
