5050 6167
563 428 691 494 825

561 631 884 708 concepta
925 624 1173 690 fnisset.
1260 621 1492 706 Neque
1525 640 1650 706 ego
1680 639 1978 705 unquam
2010 621 2081 686 in
2123 627 2193 687 te
2232 622 2518 706 peccavi,

560 730 689 779 nec
730 729 1003 795 peccare
1038 708 1301 788 vellem,
1355 706 1489 773 nisi
1541 704 1698 790 quid
1740 706 1910 772 forte
1961 705 2254 772 humane
2305 709 2518 794 magis

562 817 765 882 quam
800 796 1126 862 malitiose
1165 792 1501 871 exciderit,
1547 801 1817 876 propter
1846 792 2020 877 quod
2056 794 2162 860 vel
2197 795 2516 879 nequissi-

560 903 716 949 mus
756 882 975 949 furere
1017 880 1268 960 debeat,
1310 880 1422 946 vel
1466 878 1841 946 lenissimus
1880 879 2094 945 irasci.

736 966 876 1036 Sed
915 966 1001 1034 ad
1043 987 1205 1034 rem.
1274 965 1565 1033 Profecit
1595 965 1840 1031 mirum
1872 966 1947 1031 in
1972 964 2238 1032 modum
2257 974 2516 1032 nostro-

559 1074 715 1121 rum
778 1053 1305 1123 adversariorum
1368 1051 1590 1118 odium
1607 1102 1625 1132 ,
1704 1051 1993 1136 adeoque
2051 1051 2302 1119 fructus
2364 1073 2516 1119 suos

558 1139 839 1227 prodere
880 1140 1261 1208 connixum.
1347 1139 1463 1206 Me
1516 1137 1815 1205 advocati
1868 1157 2162 1216 uxorem,
2222 1157 2516 1204 omnem-

560 1247 691 1313 que
748 1235 1120 1310 asportasse
1176 1224 1355 1292 illius
1418 1224 1811 1290 facultatem.
1923 1225 2361 1290 Insaniuntne
2416 1223 2517 1289 illi

557 1313 776 1397 magis
817 1313 935 1397 qui
977 1310 1211 1377 dicunt
1253 1333 1338 1377 an
1391 1311 1504 1394 qui
1556 1309 1883 1376 credunt?
1970 1310 2137 1375 Tam
2188 1309 2516 1376 elumbem

557 1399 784 1479 fuisse,
828 1406 967 1464 tam
1007 1397 1222 1464 fracto
1265 1398 1486 1463 animo
1529 1396 1919 1462 advocatum
1971 1396 2183 1474 illum,
2239 1397 2351 1478 qui
2409 1416 2517 1462 me

559 1484 680 1551 diu
739 1492 809 1550 et
863 1481 1093 1569 procul
1151 1494 1469 1566 sequutus
1524 1484 1644 1560 sit,
1712 1481 2105 1564 tandemque
2169 1480 2393 1548 labore
2447 1491 2517 1548 et

558 1569 876 1655 sequendi
919 1567 1138 1636 taedio
1188 1570 1400 1636 victus
1454 1568 1719 1634 domum
1762 1588 1953 1633 suam
1996 1565 2283 1646 redierit,
2338 1566 2516 1634 fruo-

558 1674 833 1740 tumque
874 1666 943 1722 et
997 1656 1225 1722 uxoris
1280 1675 1442 1722 suae
1495 1663 1565 1719 et
1615 1653 2003 1721 facultatum
2058 1654 2323 1720 biennio
2374 1662 2516 1720 toto

556 1743 749 1811 nobis
793 1741 1211 1828 permiserit?
1291 1739 1429 1807 Sed
1472 1760 1676 1824 nepos
1717 1739 1945 1805 uxoris
1988 1748 2253 1805 nostrae
2294 1740 2517 1806 omnia

557 1829 906 1907 revelavit,
927 1828 1255 1913 inquiunt.
1312 1825 1465 1909 Qui,
1491 1845 1749 1909 quaeso,
1775 1824 2141 1890 dormiebat
2159 1822 2516 1892 advocatus

557 1915 673 1981 ille
716 1912 985 1981 noster?
1073 1912 1249 1978 Nam
1292 1912 1455 1978 satis
1500 1922 1759 1978 constat
1801 1921 2108 1994 nepotem
2151 1910 2338 1976 illum
2383 1912 2514 1977 iam

558 2001 644 2068 ab
700 2020 877 2065 anno
934 2007 1073 2065 toto
1129 1996 1526 2064 discessisse.
1627 1997 2036 2076 Dormicbat,
2102 1997 2393 2080 inquam,
2449 2005 2518 2063 et

560 2084 986 2170 exspectabat
1048 2094 1127 2150 ut
1188 2104 1310 2168 ego
1375 2104 1620 2149 novum
1685 2083 2031 2149 consilium
2095 2083 2342 2162 iniens,
2406 2083 2513 2150 vel

557 2171 967 2257 poenitentia
1026 2169 1301 2237 affectus
1340 2171 1461 2235 -rei
1517 2168 1775 2235 ablatae
1816 2189 2092 2234 uxorem
2137 2170 2510 2237 facultates-

556 2279 685 2343 que
741 2257 1144 2323 reducerem.
1253 2255 1398 2322 Nae
1452 2254 1567 2322 ille
1623 2265 1893 2321 strenue
1948 2255 2233 2334 fallitur,
2300 2276 2513 2339 neque

551 2342 747 2411 valde
791 2342 1031 2409 odorus
1070 2348 1172 2406 est
1213 2342 1393 2409 canis
1426 2341 1559 2420 ille,
1601 2342 1904 2423 quamvis
1937 2350 2006 2407 et
2027 2342 2193 2407 bono
2215 2340 2514 2407 mordeat

551 2449 769 2512 neque
811 2428 984 2493 male
1026 2427 1244 2492 latret.
1332 2426 1562 2510 Neque
1609 2427 1785 2491 enim
1822 2426 1994 2511 apud
2032 2448 2139 2492 me
2173 2425 2508 2493 decretum

553 2522 658 2581 est
691 2524 770 2579 ut
802 2512 1076 2580 reddam
1113 2512 1242 2578 nisi
1278 2533 1417 2577 rem
1457 2513 1638 2596 prius
1674 2513 2161 2595 repostulatam.
2218 2511 2510 2579 Proinde

550 2607 844 2665 maturet
882 2610 1292 2665 commentor
1324 2597 1603 2663 istarum
1648 2619 1974 2683 nugarum
2018 2619 2350 2665 accersere
2393 2598 2508 2664 ad-

550 2694 878 2763 vocatum,
913 2695 991 2750 ut
1023 2704 1145 2751 sua
1178 2684 1449 2750 consilia
1479 2684 1790 2767 perficiat.
1842 2682 1905 2750 Ο
1929 2704 2159 2768 parum
2184 2704 2507 2770 sagacem,

550 2781 748 2855 atque
789 2771 862 2836 in
901 2768 1482 2850 comminiscendo,
1525 2777 1604 2835 ut
1643 2770 1718 2835 in
1755 2769 1902 2836 aliis
1942 2771 2246 2836 omnibus
2292 2770 2505 2852 rebus,

548 2856 967 2940 imperitum!
1059 2855 1315 2921 Saltem
1356 2855 1533 2921 inter
1586 2877 1658 2922 se
1710 2855 2017 2923 coeuntia
2072 2865 2138 2921 ot
2192 2859 2505 2925 conveni-

549 2945 733 3009 entia
771 2944 1025 3028 fingere
1064 2939 1356 3008 debebat.
1446 2939 1586 3008 Sed
1627 2962 1759 3025 qua
1798 2943 1868 3008 in
1926 2942 2153 3009 schola
2208 2941 2507 3011 eruditus

548 3037 654 3095 est
705 3028 907 3112 opilio
958 3027 1105 3105 ille,
1161 3035 1240 3090 ut
1293 3023 1524 3092 dextre
1577 3036 1775 3111 atque
1831 3049 1914 3094 ex
1974 3048 2096 3093 usu
2150 3028 2505 3112 quidquam

540 3111 803 3201 possit?
892 3112 1033 3180 Nec
1075 3112 1309 3178 fecerit
1338 3110 1450 3176 ille
1484 3113 1772 3196 impune.
1859 3114 2220 3198 Exspectct
2252 3114 2504 3200 sibique

543 3200 908 3284 promittat,
976 3195 1504 3282 quandoquidem
1567 3200 1778 3263 movit
1838 3199 2008 3264 mihi
2071 3201 2501 3281 stomachum,

547 3293 750 3371 atque
790 3306 917 3352 sua
958 3284 1180 3351 vesica
1224 3284 1383 3367 pisis
1425 3281 1624 3365 plena
1662 3291 2030 3367 perterrere
2072 3306 2181 3351 me
2214 3306 2504 3352 commo·

543 3370 707 3438 litus
762 3379 879 3439 est.
978 3369 1131 3437 Non
1186 3389 1339 3435 sum
1395 3379 1537 3433 tam
1593 3368 1910 3450 stupidus,
1968 3391 2103 3436 non
2159 3393 2306 3438 sum
2363 3385 2500 3438 tam

542 3457 872 3545 plumeas,
917 3456 1031 3540 qui
1073 3455 1157 3522 ad
1199 3461 1341 3520 tam
1382 3454 1565 3520 leves
1609 3472 1802 3519 auras
1843 3452 2117 3520 evolem.
2179 3457 2505 3525 Moliatur

673 3543 860 3610 viora
916 3553 987 3608 et
1038 3542 1327 3620 veriora,
1388 3540 1503 3624 qui
1552 3559 1660 3605 me
1712 3549 2059 3606 concutere
2120 3538 2499 3611 instituerit.

605 3629 690 3696 ed
733 3627 928 3695 audio
978 3626 1046 3693 id
1103 3627 1370 3704 factum,
1430 3646 1578 3709 quo,
1632 3625 1687 3692 si
1743 3645 1875 3691 non
1931 3632 2214 3705 noceret,
2269 3629 2500 3696 saltem

544 3715 801 3802 pudore
878 3712 1179 3798 repleret.
1296 3712 1550 3779 Verum
1629 3711 1798 3776 nihil
1875 3709 2170 3795 profecit,
2246 3715 2504 3795 quando

545 3802 947 3869 conscientia
998 3798 1167 3865 bene
1221 3807 1402 3865 actae
1458 3799 1661 3877 vitae,
1728 3805 1803 3864 ut
1853 3798 2021 3863 nihil
2080 3799 2342 3875 metuit,
2410 3797 2507 3865 ita

545 3888 735 3954 nullo
798 3886 1047 3971 pudore
1109 3884 1406 3951 suffundi
1471 3883 1679 3950 debet.
1788 3883 1883 3948 At
1941 3884 2141 3948 finem
2211 3881 2381 3949 facio
2449 3885 2505 3950 si

545 3971 1108 4042 commonefecero
1166 3970 1558 4037 nebulonem
1610 3969 1829 4047 illum,
1887 3976 1964 4033 ut
2018 3968 2202 4051 prius
2255 3969 2509 4037 obiecta

547 4058 677 4126 sibi
720 4069 959 4144 purget
1000 4078 1197 4141 quam
1243 4056 1586 4122 mendacia
1630 4076 1752 4122 sua
1806 4054 1955 4120 aliis
2008 4053 2288 4131 obiiciat,
2345 4076 2507 4139 quo·

545 4165 700 4211 rum
741 4146 879 4228 ipse
921 4144 1101 4210 intra
1142 4143 1343 4210 breve
1387 4152 1646 4225 tempus
1689 4140 1933 4223 aliquid
1976 4149 2327 4223 exspectet.
2405 4141 2506 4208 'I'u

545 4230 838 4310 interim,
918 4229 1296 4296 doctissime
1372 4227 1481 4293 vir
1549 4239 1617 4292 et
1680 4226 1880 4292 huius
1944 4226 2190 4292 sacculi
2267 4226 2505 4310 palma,

550 4316 824 4396 valebis,
868 4324 937 4382 et
988 4315 1047 4383 si
1090 4336 1288 4398 quam
1333 4313 1415 4379 do
1459 4312 1650 4380 nobis
1690 4312 1889 4378 talem
1935 4310 2305 4396 opinionem
2350 4333 2508 4380 con-

548 4402 801 4486 cepisti,
865 4422 998 4467 non
1050 4403 1237 4486 prius
1289 4398 1581 4465 residere
1635 4403 1979 4484 permittes
2033 4419 2230 4482 quam
2286 4398 2510 4466 omnia

548 4488 746 4574 plene
790 4496 984 4570 atque
1027 4499 1258 4553 exacte
1300 4485 1685 4570 exploraris.
1787 4482 1986 4567 Quod
2028 4494 2108 4550 ut
2145 4484 2349 4552 facias
2391 4495 2510 4552 tua

548 4581 621 4641 te
660 4574 879 4642 virtus
920 4582 1129 4657 rogat.
1217 4571 1635 4638 Lausannae.

1450 4996 1607 5071 6⁰⁰.

1084 5116 1486 5189 GAPNIUS
1531 5116 1971 5186 CALVINO.

728 5254 1103 5325 Promissa
1181 5257 1407 5323 notitia
1477 5256 1557 5322 de
1630 5255 1841 5322 variis
1900 5252 2375 5322 discriminibus
2435 5252 2509 5319 in

546 5342 783 5429 quibus
821 5349 1155 5413 versantur
1190 5343 1407 5425 fideles
1444 5341 1629 5410 Galli
1666 5349 1723 5409 ct
1761 5344 2041 5411 maxime
2085 5341 2506 5422 Parisicnscs,

2392 430 2760 500 1544sd.

4450 434 4582 502 826

2610 621 2860 703 petitia
2887 619 3221 688 concilim
3253 640 3442 687 summ
3472 623 3563 690 iis
3581 622 3945 705 patefaciat,
3976 641 4099 704 quo
4126 623 4332 689 sciam
4361 628 4577 706 quato-

2619 727 2746 772 mcs
2776 725 3100 774 sacrorum
3122 706 3583 789 papisticorum
3606 709 3954 790 participes
3983 708 4131 791 fieri
4152 710 4407 791 possint
4436 711 4580 779 sine

2609 796 2881 874 peccato,
2935 798 3122 875 atquc
3165 791 3512 859 Lndherum
3550 793 3830 877 aliosque
3870 795 3947 860 de
3984 795 4199 863 eadem
4247 816 4319 862 rc
4373 796 4577 864 adeat.

2931 964 3046 1030 (Ex
3080 964 3421 1035 autographo
3454 963 3588 1019 Ood.
3625 943 3827 1020 Genev.
3863 964 3984 1032 110,
4024 965 4118 1020 fol.
4152 963 4268 1035 69.)

3198 1152 3506 1238 (Initium
3549 1152 4007 1239 desideratur).

2795 1343 2877 1357 —
2923 1343 3008 1356 -
3053 1316 3451 1394 cogaturque
3507 1308 3853 1375 hominnm
3907 1311 4202 1376 inventis
4255 1309 4578 1395 factisque

2618 1390 2948 1543 pudendis
2989 1414 3460 1479 nonnunquam
3501 1396 3769 1463 maioris
3824 1415 3940 1480 spe
3984 1396 4139 1462 boni
4180 1395 4577 1466 subservire.

2661 1499 2706 1543 n
2740 1478 2845 1546 his
2878 1499 3001 1565 ego
3036 1500 3278 1546 nomen
3320 1482 3674 1576 profitebor
3707 1503 3949 1549 meum.
4022 1481 4367 1566 Plerisque
4397 1484 4577 1550 enim

2620 1563 2690 1629 in
2728 1565 2924 1632 rebus
2957 1565 3147 1632 seriis
3170 1587 3615 1651 magnumque
3639 1568 3891 1651 pondus
3914 1567 4307 1634 habentibus
4330 1588 4579 1636 nomen

2621 1650 2774 1716 Iesu
2818 1649 3074 1718 Christi
3116 1653 3385 1736 eiusque
3427 1655 3748 1720 sinceram
3806 1651 4173 1720 doctrinam
4229 1663 4453 1718 notam
4497 1672 4576 1721 ac

2618 1743 2931 1803 testatam
2971 1736 3188 1803 facere
3230 1737 3459 1804 datum
3503 1749 3622 1818 est,
3682 1749 3749 1805 et
3797 1738 3972 1824 quod
4027 1761 4150 1806 nos
4203 1759 4574 1822 munusque

2621 1832 2917 1888 nostrum
2975 1825 3190 1908 tangit
3243 1823 3460 1909 palam
3523 1826 3815 1892 facimus.
3921 1826 4164 1892 Libere
4227 1823 4573 1907 sentimus,

2621 1907 2880 1973 nullum
2922 1910 3253 1975 insontem
3298 1912 3368 1976 in
3426 1910 3667 1978 iudicio
3708 1911 3989 1994 opprimi
4034 1910 4346 1977 sinimus:
4408 1910 4575 1994 quin

2620 2004 2954 2061 accusatos
2995 1994 3077 2061 de
3119 1995 3440 2081 religione
3478 1995 3894 2076 absolvimus,
3939 2007 4385 2081 quantumque
4423 2016 4574 2080 pos-

2618 2100 2882 2160 sumus,
2937 2091 3005 2147 et
3059 2095 3378 2166 quantum
3433 2082 3612 2147 inter
3669 2082 3967 2148 homines
4019 2082 4216 2166 plane
4269 2082 4575 2168 religioni

2621 2186 2814 2232 verae
2848 2165 3274 2235 adversantes
3307 2168 3479 2247 licet,
3524 2168 3995 2235 iustificamus:
4041 2178 4298 2235 nostros
4333 2168 4573 2235 nostri-

2617 2271 2744 2336 que
2784 2252 3034 2320 ordinis
3076 2252 3377 2320 homines
3417 2254 3612 2334 facto,
3663 2253 3983 2338 exemplo,
4039 2253 4359 2333 doctrina,
4403 2276 4574 2321 non·

2616 2359 2957 2422 nunquam
3021 2360 3385 2407 monemus.
3488 2338 3846 2407 Convictus
3910 2346 4137 2406 noster
4201 2339 4283 2406 ab
4347 2340 4572 2424 impiis

2617 2435 3020 2509 segregatus,
3055 2425 3346 2492 familiae
3377 2434 3642 2492 nostrae
3675 2427 3744 2491 in
3778 2426 3983 2493 verbo
4007 2426 4279 2492 Domini
4302 2427 4572 2492 tandem

2615 2508 2883 2577 edoctae
2941 2526 3100 2577 sunt
3162 2521 3232 2578 et
3293 2512 3624 2580 educatae.
3735 2511 4018 2578 Tamdiu
4080 2512 4164 2578 ab
4215 2512 4438 2596 impiis
4493 2532 4572 2581 ao

2614 2596 2888 2662 nefariis
2942 2596 3207 2663 illorum
3265 2596 3501 2664 ritibus
3553 2598 3963 2664 abstinemus
4005 2597 4319 2682 quamdiu
4363 2597 4572 2666 latere

2613 2701 2994 2765 possumus,
3051 2703 3172 2750 nco
3225 2683 3361 2749 illis
3413 2684 3543 2750 nisi
3601 2684 3890 2768 profecto
3946 2704 4218 2769 perraro
4271 2683 4570 2767 visimur,

2613 2788 2689 2835 ac
2731 2778 2870 2833 turn
2917 2768 3183 2835 demum
3240 2791 3442 2853 quum
3501 2770 3786 2855 amplius
3840 2770 4133 2856 effugere
4185 2771 4572 2836 insanorum

2616 2854 2956 2920 hominum
3011 2856 3297 2922 furorem
3356 2877 3493 2922 non
3544 2877 3913 2941 possumus,
3968 2864 4037 2921 et
4090 2855 4359 2921 tandem
4411 2855 4571 2923 illuo

2611 2943 2932 3024 compulsi
2989 2940 3182 3009 vultu
3241 2954 3560 3027 gestuque
3614 2943 3687 3009 id
3743 2944 3932 3009 nobis
3984 2942 4255 3008 minime
4308 2941 4570 3026 placere

2610 3036 3074 3110 protestamur,
3119 3044 3189 3093 et
3228 3028 3418 3108 forte,
3474 3028 3603 3094 nisi
3647 3035 3989 3096 revocaret
4040 3028 4296 3094 vocatio
4351 3048 4569 3094 sacer-

2609 3131 2737 3194 que
2779 3112 3085 3196 politieus
3127 3112 3306 3196 ordo,
3350 3134 3818 3199 nonnunquam
3858 3113 3930 3180 id
3971 3123 4296 3198 quantum
4338 3112 4602 3196 displi-·

2609 3208 2754 3263 oeat
2795 3197 3312 3267 ostenderemus.
3399 3200 3729 3267 videmur
3771 3220 4027 3284 quoque
4078 3200 4148 3264 in
4205 3199 4330 3265 hae
4370 3219 4567 3283 repu-

2609 3282 2777 3348 blica
2819 3284 3126 3350 nonnihil
3169 3286 3539 3369 profecisse,
3588 3305 3664 3353 ac
3695 3286 3912 3370 magis
3945 3284 4286 3370 magisque
4320 3284 4387 3350 in
4424 3284 4568 3353 dios

2607 3368 2881 3452 posthae
2927 3369 3090 3437 bene
3134 3372 3372 3455 agendi
3427 3381 3496 3437 ot
3546 3371 3932 3439 consulendi
3988 3392 4140 3455 spes
4194 3370 4408 3436 maior
4461 3370 4568 3437 in-

2609 3465 2800 3520 vecta
2842 3462 2961 3520 est.
3049 3456 3403 3523 Caeterum
3448 3458 3776 3524 Dominus
3829 3456 4022 3525 novit
4072 3458 4131 3522 si
4180 3476 4317 3523 non
4372 3456 4568 3525 hodie

2606 3540 2951 3608 facultates
2985 3561 3230 3621 omnes,
3277 3543 3542 3622 amieos,
3587 3553 3912 3627 parentes,
3959 3540 4233 3622 sodales,
4277 3543 4568 3628 patriam

2608 3628 2850 3710 ipsam,
2919 3635 2989 3694 et
3057 3627 3310 3712 reliqua
3367 3650 3792 3712 quaeeunque
3847 3629 4158 3695 dicuntur
4209 3629 4558 3696 homiuum

2608 3714 2797 3788 bona,
2842 3722 3115 3799 propter
3170 3714 3362 3780 illum
3405 3714 3775 3797 relinquere
3817 3715 4032 3799 parati
4073 3735 4322 3794 sumus,
4367 3724 4566 3798 atque

2608 3819 2690 3865 eo
2757 3801 2855 3865 iro
2922 3798 3217 3882 expediti
3284 3810 3353 3865 et
3408 3800 3659 3866 alacres
3715 3821 3841 3883 quo
3896 3801 4009 3866 ille
4073 3801 4436 3881 vocaverit,
4504 3800 4566 3866 si

2611 3883 2803 3949 modo
2845 3906 2965 3968 per
3007 3898 3071 3951 te
3114 3885 3405 3969 aliosque
3448 3883 3676 3951 fideles
3718 3893 3882 3969 quos
3925 3886 4119 3965 nosti,
4172 3905 4410 3969 nempe
4465 3885 4562 3953 M.

2614 3965 2985 4051 Luthmm,
3043 3969 3577 4038 Melam-lethonem
3639 3980 3708 4036 et
3761 3970 4113 4051 Bucco-um,
4184 3970 4367 4039 verbi
4431 3970 4565 4037 Dei

2612 4051 2970 4132 ministros,
3017 4058 3203 4124 nobis
3245 4057 3563 4122 indixerit
3605 4056 3950 4136 Dominus,
4007 4053 4181 4139 quod
4231 4054 4565 4140 quondam

2614 4136 2793 4202 fideli
2829 4138 3157 4222 Abrahae,
3200 4163 3441 4227 nempe
3475 4142 3577 4209 id:
3623 4141 3960 4227 Egredere
3994 4149 4069 4206 tu
4104 4138 4187 4206 de
4229 4151 4409 4207 terra
4444 4149 4566 4209 tua

2613 4231 2683 4288 ot
2738 4222 2819 4289 de
2876 4230 3258 4309 cognatione
3314 4240 3446 4308 tua,
3501 4229 3559 4294 si
3615 4228 3809 4294 modo
3865 4226 4213 4293 manifeste
4270 4227 4566 4311 citraque

2614 4330 2877 4375 omnem
2922 4309 3414 4395 ambiguitatem
3460 4315 4001 4399 perstrinxeritis.
4081 4311 4162 4377 Id
4205 4324 4384 4379 corte
4428 4319 4567 4378 toto

2614 4396 2837 4461 animo
2878 4405 3074 4480 atque
3110 4407 3375 4480 pectore
3415 4410 3730 4486 tanquam
3786 4398 4059 4466 verbum
4103 4397 4237 4464 Dei
4279 4398 4566 4482 amplec-

2614 4491 2833 4546 temur
2874 4503 2951 4548 ao
2994 4482 3430 4566 perficiemus,
3485 4498 3552 4551 et
3601 4487 3657 4553 si
3711 4486 3864 4564 illis,
3923 4505 4091 4569 quae
4151 4484 4345 4551 modo
4403 4485 4563 4565 dixi,

2614 4568 2933 4652 neglectis
2976 4568 3361 4652 reiectisque
3395 4581 3704 4652 tanquam
3749 4570 4043 4656 indignis
4086 4592 4208 4636 nos
4252 4570 4566 4655 aufugere

2613 4652 2771 4721 hinc
2795 4653 3107 4735 suadetis,
3193 4658 3432 4721 rosceto
3466 4653 3657 4720 facile
3692 4655 3863 4722 dicto
3899 4655 4245 4724 audientes
4284 4656 4564 4722 erimus:

2614 4740 2809 4805 modo
2882 4740 3080 4805 etiam
3199 4762 3310 4807 acc
3388 4761 3520 4805 non
3585 4737 3671 4804 ad
3735 4760 3857 4804 nos
3918 4743 4234 4825 privatim
4297 4740 4414 4808 sed
4478 4739 4566 4808 ad

2614 4826 2920 4893 ecclesias
2964 4845 3193 4891 omncs
3227 4833 3543 4909 quotquot
3584 4823 3693 4892 hic
3732 4832 3890 4891 sunt
3932 4830 4293 4908 spectantia
4335 4825 4566 4895 sedulo

2614 4934 2691 4979 ac
2757 4910 3109 4996 diligenter
3171 4910 3611 4978 consideretis.
3722 4908 3917 4992 Quod
3974 4919 4052 4975 ut
4103 4935 4231 4979 non
4289 4920 4565 4999 gravate

2610 4998 2865 5064 faciatis
2944 5018 3063 5064 vos
3139 5009 3332 5063 orant
3403 4998 3940 5080 obtestanturque
4015 4996 4252 5062 iterum
4336 4997 4566 5064 fideles

2612 5084 2926 5151 ecclesiae
2980 5103 3099 5165 per
3150 5104 3394 5149 nomen
3453 5083 3725 5150 Domini
3776 5083 3949 5149 Iesu.
4046 5083 4399 5148 Praeterea
4451 5082 4564 5150 hic

2613 5191 2730 5237 vos
2793 5170 3076 5235 monitos
3138 5170 3336 5237 velim
3403 5178 3482 5235 ut
3546 5191 3745 5254 quam
3809 5170 4003 5253 longe
4067 5174 4293 5232 manet
4356 5173 4427 5232 et
4478 5167 4565 5236 ad

2611 5276 2808 5338 quam
2853 5257 3171 5338 plurimos
3227 5267 3480 5340 spectet
3538 5255 3700 5322 haec
3754 5253 4065 5322 discessio
4121 5252 4566 5320 consideretis.

2610 5342 2916 5409 Primum
2969 5341 3233 5427 quidem
3289 5341 3585 5427 publicas
3635 5362 3947 5425 personas
4008 5348 4255 5427 gerunt
4308 5360 4393 5406 ex
4455 5337 4564 5406 his
