5050 6167
432 427 551 489 ‘173

428 633 557 679 non
612 611 769 697 quia
821 620 1121 695 putarem
1177 633 1322 680 esse
1374 615 1812 682 necessarium
1830 665 1846 693 ‚
1886 613 2004 680 sed
2061 621 2139 679 ιιι
2192 613 2384 679 fratri

427 719 676 765 morem
718 719 1037 783 gererem,
1079 701 1329 784 scripsi.

596 784 723 849 Est
756 783 937 850 aliud
971 795 1328 870 praeterea,
1363 786 1537 870 quod
1572 793 1637 852 te
1671 805 2090 869 summopere
2122 792 2382 851 oratum

428 870 644 935 velim.
711 868 889 936 Sunt
929 870 1002 934 in
1038 871 1396 940 Provincia
1437 873 1695 951 fratres,
1711 873 1770 955 ⁶)
1812 893 1932 955 pro
1977 871 2213 954 quibus
2252 870 2381 937 scis

426 976 545 1021 nos
587 976 847 1038 semper
899 956 1250 1024 laborasse.
1351 958 1581 1042 Neque
1638 958 1706 1023 id
1764 958 2112 1022 immerito.
2203 955 2381 1024 Sunt

348 1090 357 1100 .
427 1042 602 1105 enim
645 1062 723 1106 ea
763 1043 1002 1125 pietate
1034 1042 1537 1127 innocentiaque
1573 1044 1868 1128 praediti,
1913 1052 1988 1109 ut
2021 1043 2206 1109 bonis
2241 1064 2380 1108 om-

424 1125 619 1193 nibus
662 1129 1120 1195 commendata
1161 1129 1455 1214 ipsorum
1493 1132 1670 1196 salus
1705 1152 1847 1196 esse
1883 1129 2133 1195 debeat.
2202 1130 2380 1195 Ante

423 1213 783 1278 triennium
818 1216 948 1279 iam
994 1236 1071 1280 eo
1110 1236 1316 1299 usque
1350 1218 1680 1300 progressi
1714 1217 1994 1296 fuerant,
2039 1221 2117 1280 ut
2157 1215 2379 1281 curiae

422 1300 719 1382 Aquensi
781 1302 1256 1367 confessionem
1315 1301 1637 1368 ediderint
1697 1324 1933 1386 puram
2000 1322 2075 1367 ac
2128 1301 2380 1384 simpli-

423 1404 583 1462 cem,
607 1384 663 1471 ⁷)
706 1386 920 1469 qualis
961 1388 1137 1453 inter
1172 1410 1291 1454 nos
1335 1387 1657 1454 ederetur.
1726 1391 1825 1455 Ac
1870 1411 1954 1452 ne
1998 1387 2213 1453 subito
2249 1387 2379 1450 fer-

422 1492 598 1549 vore,
645 1473 756 1554 qui
801 1474 1027 1538 statim
1073 1476 1434 1552 evanuerit,
1477 1477 1722 1541 factum
1757 1473 1826 1539 id
1859 1483 2080 1558 putes:
2126 1474 2381 1556 quoties

420 1556 690 1622 fuerunt
744 1559 1178 1642 interpellati,
1243 1569 1623 1627 constanter
1678 1560 1752 1625 in
1806 1582 1884 1625 ea
1934 1560 2375 1644 perstiterunt.

419 1642 689 1708 Interea
750 1644 1104 1711 crudeliter
1160 1647 1430 1712 fuerunt
1486 1647 1726 1712 vexati.
1828 1644 2052 1726 Quum
2118 1665 2381 1710 saevam

418 1729 716 1794 hostium
759 1731 1183 1816 tyrannidem
1235 1733 1696 1815 pertulissent,
1750 1730 2017 1797 tandem
2069 1730 2380 1814 impetra-

419 1824 581 1880 runt
635 1836 675 1880 a
715 1816 932 1900 Rege,
985 1825 1061 1882 ut
1117 1816 1365 1884 iudices
1420 1818 1636 1896 daret,
1693 1818 1805 1902 qui
1863 1818 1944 1882 de
1994 1825 2130 1883 tota
2186 1821 2384 1882 causa

423 1902 650 1967 verius
694 1911 1175 1986 cognoscerent
1263 1905 1415 1969 Rex
1450 1904 1702 1970 duobus
1743 1902 2120 1986 inquirendi
2159 1911 2383 1986 partes

423 1986 799 2053 mandavit:
867 2008 1255 2072 cognoscere
1323 1991 1462 2073 ipse
1518 2009 1594 2053 ac
1657 1991 2094 2073 pronunciare
2158 1989 2381 2054 voluit.

423 2072 577 2139 Hoc
621 2076 963 2139 continent
994 2074 1242 2153 literae,
1287 2083 1362 2140 ut
1405 2075 1486 2141 de
1530 2096 1758 2140 eorum
1802 2073 2098 2140 doctrina
2140 2087 2207 2140 et
2247 2095 2389 2139 mo-

426 2159 616 2224 ribus
679 2159 939 2242 publice
1017 2173 1085 2226 et
1147 2159 1319 2226 clam
1386 2160 1736 2246 diligenter
1795 2161 2208 2226 sciscitentur
2273 2161 2387 2243 qui

425 2243 736 2310 mittendi
779 2255 951 2311 sunt.
1040 2245 1188 2312 Hoc
1232 2247 1469 2312 fratres
1512 2267 1647 2311 non
1692 2244 2135 2311 reformidant.
2212 2246 2388 2311 Nam

425 2330 521 2396 ita
565 2352 642 2396 se
676 2339 1027 2414 gesserunt
1060 2329 1236 2415 apud
1271 2352 1517 2410 omnes,
1564 2341 1639 2397 ut
1675 2333 2007 2416 singulare
2043 2331 2387 2414 probitatis

424 2418 881 2482 testimonium
935 2417 1225 2482 habeant
1282 2418 1481 2482 etiam
1538 2418 1621 2483 ab
1679 2417 2090 2484 adversariis.
2194 2416 2389 2498 Quod

429 2501 513 2568 ad
535 2502 904 2568 doctrinam
949 2513 1220 2586 spectat,
1259 2505 1724 2569 confessionem
1749 2504 1923 2587 Regi
1957 2501 2197 2568 edituri
2234 2511 2391 2567 sunt

428 2589 629 2655 sicuti
674 2588 1052 2672 postulavit,
1099 2589 1340 2653 claram
1387 2599 1453 2654 et
1487 2591 1836 2655 sinceram:
1883 2611 2047 2672 quae
2085 2588 2389 2655 distincte

426 2673 581 2758 plus
628 2673 1112 2756 complectitur,
1171 2695 1364 2756 quam
1426 2674 1553 2741 dici
1603 2675 1675 2739 in
1732 2697 1842 2741 eos
1885 2674 2107 2758 possit.
2196 2675 2393 2739 Nunc

429 2762 593 2825 totis
636 2759 890 2825 viribus
948 2760 1331 2825 renituntur
1386 2769 1454 2826 et
1507 2762 1792 2844 episcopi
1848 2770 1914 2825 et
1963 2761 2270 2844 praefecti
2327 2769 2393 2824 et

431 2848 620 2910 curia
673 2846 847 2928 ipsa,
904 2867 990 2910 ne
1046 2847 1228 2930 regio
1283 2846 1624 2930 diplomati
1677 2848 1762 2912 sit
1815 2846 2014 2912 locus.
2116 2844 2194 2913 Si
2261 2868 2391 2911 non

429 2933 825 3010 admittitur,
871 2932 1150 3015 expositi
1194 2942 1389 2997 erunt
1431 2932 1729 2999 leonibus
1773 2940 1840 2997 et
1881 2931 2074 3014 lupis,
2119 2938 2197 2996 ut
2240 2933 2392 2997 effe-

428 3027 651 3084 ratam
696 3018 949 3083 rabiem
1004 3019 1076 3082 in
1132 3037 1242 3083 eos
1295 3027 1620 3083 exserant.
1710 3019 1858 3085 Hoc
1897 3019 2073 3082 enim
2128 3025 2394 3100 captant

431 3103 553 3184 illi,
603 3112 680 3169 ut
722 3104 845 3169 sibi
891 3103 1160 3187 impune
1204 3103 1518 3170 adversus
1554 3105 1825 3169 miseros
1862 3103 2146 3187 grassari
2182 3102 2390 3168 liceat.

432 3188 513 3257 Si
553 3188 958 3268 admittitur,
1014 3210 1099 3253 ne
1154 3190 1247 3254 sic
1348 3188 1565 3254 uidem
1625 3191 1955 3256 evaserint
2008 3187 2391 3272 periculum.

430 3275 615 3343 Nam
659 3284 726 3341 et
767 3276 835 3340 in
881 3271 1206 3359 oppidulis
1244 3275 1328 3339 tri
1374 3297 1471 3354 us,
1516 3283 1585 3339 et
1616 3276 1689 3339 in
1725 3275 2170 3358 compluribus
2205 3275 2394 3358 pagis

480 3383 674 3428 uram
718 3360 1047 3445 evangelii
1093 3360 1456 3425 doctrinam
1503 3361 1903 3443 profitentur.
1970 3361 2062 3425 Et
2103 3359 2394 3444 inoppi-

430 3382 599 3513 {ulo
642 3468 774 3512 uno
818 3446 1138 3530 templum
1181 3446 1696 3530 inquinamentis
1732 3447 2034 3511 omnibus
2078 3467 2395 3531 repurga-

434 3542 618 3609 runt,
674 3553 1070 3617 coenamque
1131 3531 1268 3598 illic
1335 3541 1402 3598 et
1471 3533 1869 3614 baptismum
1939 3540 2159 3596 nostro
2215 3553 2396 3597 more

436 3620 790 3685 celebrant.
858 3617 1011 3700 Quo
1053 3619 1467 3702 praesentius
1504 3617 1638 3683 illis
1680 3617 1992 3700 utrinque
2036 3617 2397 3699 periculum

435 3704 765 3783 imminet,
811 3726 886 3769 eo
930 3707 1178 3769 maiore
1220 3704 1437 3769 studio
1481 3703 1841 3769 adiuvandi
1886 3711 2042 3767 sunt
2086 3724 2125 3766 a
2179 3703 2392 3768 nobis:

436 3792 827 3878 praesertim
873 3791 942 3854 in
980 3791 1105 3856 hac
1141 3789 1509 3856 admirabili
1547 3787 1932 3865 constantia,
1979 3788 2085 3851 cui
2131 3808 2247 3852 nos
2284 3786 2395 3851 de-

439 3898 585 3943 esse
650 3898 905 3942 summo
960 3876 1208 3959 flagitio
1268 3897 1397 3941 non
1451 3883 1721 3942 careret.
1813 3872 2002 3939 Adde
2059 3872 2230 3956 quod
2289 3872 2398 3936 hie

438 3984 671 4028 eorum
714 3983 913 4029 causa
955 3983 1087 4026 non
1127 3961 1373 4046 agitur:
1429 3961 1544 4026 sed
1595 3967 1713 4025 aut
1767 3961 2088 4044 patefacta
2129 3980 2247 4041 per
2290 3979 2397 4023 eo-

439 4070 595 4114 rum
651 4047 905 4115 cladem
959 4047 1087 4112 erit
1144 4048 1252 4111 via
1303 4046 1676 4113 crudelitati
1727 4046 2079 4126 impiorum
2133 4044 2202 4108 in
2257 4052 2398 4109 toto

440 4154 668 4219 regne,
714 4143 832 4198 aut
874 4131 1294 4216 evangelium
1337 4132 1461 4197 hoc
1504 4130 1695 4197 modo
1732 4137 2128 4214 perrumpet.
2218 4126 2401 4210 Quid

440 4241 602 4304 ergo
645 4242 718 4284 su
770 4228 962 4296 erest,
1009 4219 1135 4282 nisi
1181 4227 1252 4282 ut
1298 4239 1534 4283 nervos
1559 4238 1785 4283 omnes
1830 4215 2270 4293 intendamus,
2319 4237 2401 4280 ne

414 4306 724 4378 ,cessanti
771 4327 851 4370 us
896 4304 1083 4369 nobis
1126 4304 1217 4387 pii
1260 4303 1496 4369 fratres
1540 4303 2013 4387 opprimantur,
2077 4310 2143 4366 et
2186 4300 2399 4366 occlu-

441 4389 646 4456 datur
690 4389 957 4456 Christo
1002 4390 1201 4455 ianua
1239 4390 1312 4454 in
1353 4390 1622 4473 longum
1663 4387 1961 4472 tempus?
2050 4386 2270 4451 Huius
2305 4387 2402 4451 rei

442 4477 632 4543 volui
690 4487 755 4541 te
809 4477 1308 4559 praemonitum,
1362 4483 1437 4540 ut
1480 4475 1539 4541 si
1582 4472 1841 4559 quando
1884 4473 1967 4537 ad
2015 4493 2129 4538 vos
2172 4472 2401 4538 confu-

530 4563 695 4641 rint,
753 4570 1016 4645 paratos
1073 4559 1316 4627 habeas
1363 4569 1734 4627 vestrorum
1792 4559 2045 4624 animos
2089 4557 2173 4623 ad
2209 4579 2399 4642 opem

522 4650 581 4715 is
623 4647 977 4714 ferendam.
1042 4646 1348 4713 Alterum
1387 4654 1608 4712 autem
1651 4669 1734 4711 ex
1768 4646 1876 4711 his
1912 4644 2165 4710 duobus
2199 4665 2400 4729 agen-

447 4734 607 4800 dum
651 4735 807 4800 erit:
863 4733 967 4800 vel
1013 4735 1188 4798 enim
1232 4731 1587 4817 petendum
1632 4733 1760 4796 erit
1799 4754 1839 4797 a
1883 4731 2087 4815 Rege,
2132 4738 2208 4796 ιιι
2251 4739 2402 4795 οόιι-

444 4842 630 4888 cesso
675 4821 874 4887 semel
921 4819 1230 4884 beneficio
1273 4820 1405 4885 frui
1450 4839 1561 4885 eos
1604 4819 1803 4883 sinat:
1851 4816 1956 4881 vel
1999 4813 2404 4901 mitigandus

449 4908 593 4975 eius
635 4908 838 4983 furor,
856 4909 918 4988 ⁸)
963 4906 1018 4971 si
1061 4903 1377 4972 adversus
1422 4925 1533 4970 eos
1577 4901 2023 4969 excanduerit.

657 5215 722 5282 e)
756 5216 851 5272 Do
881 5216 969 5272 m
1002 5214 1125 5270 „aaa
1162 5213 1244 5267 H·
1342 5213 1439 5268 aa
1482 5213 1729 5284 martyre
1763 5212 1807 5278 f-
1844 5207 1941 5264 141
1978 5186 2119 5283 Lam.

661 5285 720 5352 ’1)
755 5286 905 5340 Hinc.
940 5285 1063 5340 eccl.
1099 5284 1148 5338 I.
1185 5281 1255 5337 39
1287 5296 1350 5353 eq
1385 5321 1404 5339 .
1924 5333 1928 5337 .

661 5354 722 5420 8)
756 5357 965 5408 animus
1001 5353 1120 5409 edd.

2123 427 2288 490 1544
2330 422 2748 494 NOVEMB.

4321 436 4447 499 7⁷4

2663 614 2879 681 Audio
2915 614 3260 681 Lutherum
3300 616 3570 683 tandem
3612 638 3762 685 cum
3797 618 4001 685 atroci
4035 617 4369 686 invectiva
4383 623 4447 699 θ)

2486 720 2620 766 non
2676 708 2816 766 tam
2868 702 2941 765 in
2997 721 3119 767 vos
3133 753 3150 780 ,
3205 723 3403 785 quam
3458 703 3528 768 in
3587 725 3718 776 nos,
3767 724 3998 771 omnes
4053 707 4447 789 prorupisse.

2486 785 2713 868 Quum
2737 790 2820 863 ¹⁰)
2865 809 2985 870 per
3022 808 3094 853 se
3136 787 3205 852 id
3241 788 3330 861 sit
3359 788 3755 869 luctuosum,
3793 810 3924 856 .nos
3962 791 4074 874 qui
4107 792 4303 874 pauci
4336 814 4446 858 su-

2486 894 2634 938 mus
2678 894 2956 939 numero
3010 881 3078 938 et
3119 873 3429 957 undique
3464 873 3766 941 hostibus
3820 875 4062 942 obsessi
4118 878 4446 944 intestinis

2481 960 2660 1024 inter
2702 979 2824 1024 nos
2868 957 3058 1025 bellis
3101 961 3472 1044 confligere,
3514 960 3639 1027 hoo
3680 981 3936 1045 quoque
3979 964 4190 1047 magis
4233 963 4446 1030 alieno

2482 1054 2782 1128 tempore
2845 1044 3139 1111 accidere
3191 1068 3323 1110 non
3389 1047 3621 1130 potuit.
3719 1047 4011 1113 Proinde
4072 1068 4207 1113 non
4267 1049 4448 1115 aliud

2483 1130 2696 1196 habeo
2760 1129 2933 1214 quod
2999 1128 3211 1195 dicam
3265 1132 3393 1196 nisi
3447 1130 3814 1197 Dominum
3869 1131 4159 1200 Satanae
4216 1135 4446 1200 fraena

2480 1216 2760 1282 laxasse.
2853 1215 3168 1282 Luthms
3205 1215 3471 1301 quidem
3512 1219 3672 1301 ipse,
3726 1227 3991 1301 praeter
4029 1220 4449 1287 immodicam

2482 1302 2670 1367 illam
2713 1303 2968 1386 ingenii
3000 1303 3380 1368 violentiam
3416 1312 3484 1368 et
3518 1305 3936 1387 proterviam,
3982 1305 4183 1371 habet
4217 1327 4258 1370 a
4291 1327 4446 1372 con-
4469 1359 4488 1372 .

2484 1389 2650 1453 siliis
2706 1388 3220 1471 Amsdorphium,
3244 1391 3263 1430 ¹
3281 1390 3328 1472 Ι)
3397 1388 3734 1454 hominem
3796 1411 4064 1473 prorsus
4130 1391 4447 1458 insanum

2483 1483 2552 1539 et
2595 1474 2846 1540 nullius
2889 1473 3169 1552 cerebri,
3230 1495 3271 1539 a
3312 1495 3440 1558 quo
3487 1495 3558 1540 se
3612 1476 3757 1560 regi
3811 1476 3918 1541 vel
3974 1477 4193 1560 potius
4235 1478 4376 1543 abri
4422 1480 4445 1542 i

2484 1560 2661 1625 sinit.
2733 1558 2870 1626 Sed
2912 1560 3075 1624 utile
3109 1559 3299 1626 nobis
3334 1569 3436 1625 est
3479 1582 3832 1644 agnoscere
3867 1583 3988 1627 nos
4023 1562 4147 1627 hoc
4181 1563 4377 1648 flagel
4405 1584 4445 1630 o

2485 1667 2525 1711 a
2570 1646 2856 1711 Domino
2900 1647 3229 1729 instigari,
3289 1666 3418 1730 quo
3474 1646 3877 1713 moderatius
3930 1648 4219 1714 feramus
4275 1649 4447 1731 quod

2484 1731 2730 1815 alioqui
2774 1731 3270 1798 acerbissimum
3312 1733 3496 1799 foret.
3561 1734 3674 1798 An
3718 1734 3920 1798 fuerit
3961 1734 4179 1818 aliquo
4223 1740 4448 1801 vestro

2484 1821 2730 1901 scripto
2774 1817 3116 1884 lacessitus
3159 1819 3409 1883 nescio:
3469 1828 3544 1883 ut
3601 1819 3736 1885 levi
3790 1818 3869 1884 de
3927 1840 4126 1885 causa
4168 1819 4297 1884 tale
4340 1821 4446 1884 in-

2486 1906 2755 1989 genium
2800 1925 2934 1969 non
2976 1904 3297 1969 irritabile
3330 1903 3523 1969 modo
3568 1904 3684 1970 sed
3728 1905 3926 1970 etiam
3971 1903 4278 1971 acerbum
4321 1906 4446 1970 im-

2487 1990 2782 2072 pellitur,
2840 1997 3019 2056 certe
3072 1990 3258 2056 nulla
3314 1989 3415 2054 illi
3462 1991 3556 2055 ita
3597 1989 4002 2069 insaniendi,
4063 1991 4168 2056 vel
4211 1991 4449 2056 saltem

2490 2075 2966 2154 tumultuandi,
3032 2077 3194 2141 satis
3249 2075 3432 2141 iusta
3493 2077 3660 2141 ratio
3715 2097 3859 2142 esse
3923 2076 4153 2160 potuit.
4261 2077 4452 2142 Nunc

2488 2163 2611 2229 vix
2654 2159 2862 2226 'audeo
2906 2182 2947 2226 a
2990 2162 3173 2227 vobis
3216 2169 3441 2244 petere
3460 2212 3474 2239 ,
3532 2169 3609 2226 ut
3662 2163 3965 2227 taceatis:
3995 2162 4077 2248 12)
4139 2162 4293 2245 quia
4335 2184 4452 2232 ne-

2491 2269 2619 2331 que
2678 2268 2963 2329 aequum
3020 2255 3123 2313 est
3178 2249 3272 2313 sie
3316 2248 3543 2313 vexari
3586 2247 4009 2313 immerentes
4054 2255 4121 2311 et
4163 2247 4293 2312 illis
4333 2267 4453 2313 ne-

2493 2333 2638 2417 gari
2697 2334 2800 2398 sui
2860 2354 2985 2416 pur
3072 2332 3188 2399 ndi
3243 2334 3491 2399 locum:
3552 2345 3619 2398 et
3674 2342 3965 2398 statuere
4023 2332 4287 2398 difficile
4330 2341 4451 2410 est,

2494 2440 2655 2484 num
2699 2418 2978 2500 idexpe
3026 2421 3136 2484 iat.
3205 2417 3342 2485 Sed
3385 2418 3547 2484 haec
3590 2420 3784 2502 cupio
3819 2417 4006 2485 vobis
4049 2420 4120 2483 in
4163 2425 4456 2484 mentem

2495 2506 2750 2570 venire:
2796 2507 3086 2586 primum
3132 2515 3418 2588 quantus
3461 2505 3550 2569 sit
3580 2506 3687 2570 vir
3711 2504 4040 2582 Luthervas,
4087 2513 4153 2569 et
4189 2505 4454 2587 quantis

2495 2589 2758 2656 dotibus
2802 2590 3109 2667 excellat,
3170 2601 3416 2674 quanta
3473 2591 3678 2654 animi
3736 2590 4119 2656 fortitudine
4175 2597 4244 2655 et
4298 2610 4454 2656 con-

2494 2677 2754 2753 stantia,
2792 2684 3039 2759 quanta
3074 2675 3482 2753 dexteritate,
3517 2683 3765 2759 quanta
3800 2676 4134 2742 doctrinae
4167 2676 4458 2742 efficacia

2496 2760 2819 2826 hactenus
2862 2760 2945 2826 ad
2982 2760 3465 2846 profligandum
3502 2762 3899 2827 Antichristi
3941 2782 4220 2846 regnum
4265 2771 4333 2826 et
4367 2762 4454 2827 si-

2495 2846 2638 2911 mul
2723 2847 3216 2931 propagandam
3299 2847 3530 2912 salutis
3618 2845 3979 2913 doctrinam
4065 2847 4456 2913 incubuerit.

2498 2931 2714 3013 Saepe
2771 2931 2984 2997 dicere
3038 2933 3267 2998 solitus
3327 2954 3505 2998 sum:
3574 2933 3773 2997 etiam
3831 2932 3888 2997 si
3952 2953 4058 2996 me
4124 2931 4457 2996 diabolum

2498 3027 2789 3096 vocaret,
2848 3038 2955 3081 me
3014 3026 3233 3083 tamen
3289 3018 3414 3085 hoc
3468 3019 3567 3083 illi
3621 3018 3888 3083 honoris
3932 3015 4333 3094 habiturum,
4379 3023 4459 3082 ut

2496 3104 2826 3190 insignem
2871 3104 2998 3168 Dei
3039 3125 3307 3169 servum
3353 3124 3733 3188 agnoscam:
3780 3105 3892 3187 qui
3927 3111 4153 3168 tamen
4195 3111 4274 3167 ut
4314 3103 4457 3190 pol-

2497 3188 2593 3254 let
2656 3189 2918 3254 eximiis
2979 3191 3338 3255 virtutibus
3355 3240 3370 3267 ,
3451 3189 3547 3254 ita
3610 3191 3870 3275 magnis
3933 3189 4111 3255 vitiis
4185 3187 4452 3253 laboret.

2497 3275 2694 3340 Hanc
2720 3274 3200 3359 intemperiem,
3237 3296 3367 3359 qua
3399 3275 3639 3359 ubique
3673 3276 3925 3353 ebullit,
3955 3275 4208 3340 utinam
4243 3273 4459 3359 magis

2499 3361 2802 3425 fraenare
2846 3360 3225 3426 studuisset.
3310 3360 3818 3428 Vehementiam
3865 3369 4105 3439 autem,
4149 3381 4315 3443 quae
4358 3359 4458 3424 illi

2492 3456 2602 3511 ‘est
2644 3447 2961 3529 ingenita,
3005 3447 3265 3511 utinam
3307 3447 3375 3511 in
3412 3446 3634 3511 hostes
3667 3447 3967 3511 veritatis
4002 3466 4260 3527 semper
4303 3467 4456 3512 con-

2500 3532 2781 3610 tulisset,
2806 3553 2960 3595 ›non
3006 3532 3205 3596 etiam
3241 3530 3565 3597 vibrasset
3600 3533 3665 3595 in
3703 3553 3929 3597 servos
3950 3531 4239 3596 Domini.
4306 3531 4457 3598 Uti-

2500 3638 2655 3681 nam
2700 3615 3239 3700 recognoscendis
3284 3618 3419 3683 suis
3453 3617 3631 3681 vitiis
3673 3616 3822 3699 plus
3868 3636 4102 3700 operae
4152 3616 4456 3682 dedisset.

2499 3703 2873 3768 Plurimum
2918 3702 3016 3767 illi
3062 3703 3413 3767 obfuerunt
3455 3701 3845 3779 adulatores,
3891 3723 4089 3786 quum
4124 3703 4264 3783 ipse
4299 3722 4459 3784 quo-

2501 3809 2626 3871 que
2684 3798 2923 3852 natura
2976 3786 3059 3852 ad
3116 3787 3240 3852 sibi
3293 3786 3768 3871 indulgendum
3835 3788 4034 3852 nimis
4139 3807 4459 3869 ropensus

2502 3883 2689 3938 esset.
2778 3874 3095 3939 Nostrum
3153 3882 3375 3938 tamen
3434 3880 3565 3950 est,
3627 3874 3719 3938 sic
3763 3871 4084 3956 reprehen
4133 3892 4242 3937 ere
4286 3870 4461 3955 quod

2500 3959 2575 4022 in
2619 3979 2696 4024 eo
2741 3967 2842 4025 est
2884 3958 3227 4036 malorum,
3288 3967 3363 4022 ut
3407 3958 3760 4041 praeclaris
3801 3958 3934 4022 illis
3980 3957 4167 4022 donis
4212 3957 4459 4039 aliquid

2711 4246 2773 4315 9)
2810 4247 3037 4302 Kleim
3071 4247 3441 4302 Bekenntm'es
3482 4264 3530 4301 v.
3579 4245 3938 4301 Abendmahl.

2502 4315 2624 4370 326.
2700 4316 2923 4371 Ruchat
2971 4317 3028 4369 V.
3064 4315 3185 4371 233.
3254 4316 3418 4384 Hm,
3451 4315 3754 4383 Bullinqer.
3793 4315 3842 4367 Ι.
3877 4312 3996 4367 430.

2714 4384 2801 4450 10)
2847 4384 2998 4452 Quae
3033 4392 3332 4454 sequuntur
3365 4401 3536 4456 usque
3571 4386 3649 4440 ad
3683 4384 3896 4438 verbm·
3920 4383 4061 4436 ratio
4110 4398 4228 4435 esse
4264 4382 4461 4452 potnit,

2505 4456 2704 4509 absunt
2740 4455 2810 4507 ab
2850 4452 2999 4507 Edd.
3034 4460 3086 4507 et
3133 4454 3307 4508 Versa.

2715 4521 2802 4590 11)
2849 4520 3010 4590 Quod
3055 4521 3260 4576 Noster
3315 4523 3434 4576 sine
3478 4521 3644 4576 dubio
3701 4537 3739 4573 a
3785 4519 4002 4572 Bucero
4048 4523 4328 4586 acceperat
4372 4533 4464 4572 cus

2510 4592 2638 4645 Mel.
2675 4607 2728 4646 a.
2764 4591 2818 4645 d.
2876 4590 2928 4645 V.
2965 4591 3065 4644 cal.
3109 4589 3251 4659 Sept.
3288 4592 3617 4658 empserat.-
3649 4588 3857 4658 Scripsi
3892 4587 3996 4640 tibi
4030 4587 4098 4641 de
4133 4592 4323 4641 nostro
4359 4587 4465 4640 Pe-

2504 4662 2639 4714 ricle
2686 4660 2780 4728 qui
2834 4676 3020 4713 rursus
3063 4663 3256 4713 tonare
3310 4659 3506 4727 coepit·
3539 4658 4019 4714 ,vehementissime
4065 4655 4191 4724 περὶ
4237 4654 4466 4707 δείπνου

2505 4729 2784 4795 κυριακοῦ.
2857 4728 2984 4781 Fuit
3018 4727 3103 4780 his
3138 4728 3328 4781 diebus
3376 4726 3516 4779 hanc
3549 4727 3725 4795 ipsam
3758 4728 3830 4780 ob
3868 4742 4084 4779 causam
4121 4742 4153 4778 a
4193 4724 4274 4845 utll)
4302 4726 4464 4846 Αιιιιιι-

4217 4794 4235 4845 i
4276 4799 4333 4847 et
4406 4811 4462 4846 a·

4004 4248 4046 4373 Ἰ(
4057 4245 4375 4314 Ηοερίηίαπ
4404 4261 4463 4315 p.

2506 4799 2754 4863 dorfium,
2792 4813 2951 4865 quem
2988 4813 3154 4849 unum
3202 4796 3271 4849 ad
3305 4796 3465 4848 huius
3510 4795 3723 4847 consilii
3759 4796 4073 4848 societatem
4109 4812 4142 4846 a

2507 4869 2711 4935 betqne
2747 4883 2913 4918 unum
2947 4859 3285 4918 laudatorem
3319 4864 3477 4916 huius
3512 4863 3762 4931 impetus.

2688 4933 2811 4998 12)
2848 4933 2995 5002 quod
3024 4935 3294 4999 petierunt
3328 4938 3379 4986 et
3395 4931 3646 4984 Bucerus
3680 4937 3732 4983 et
3751 4931 4065 5000 Myconius,
4100 4930 4197 4984 sed
4226 4929 4461 4996 frustra.

2511 5003 2661 5056 Nam
2696 5019 2845 5055 anno
2883 4999 3020 5055 1545
3054 5004 3273 5056 ineunte
3315 5001 3522 5069 prodiit
3568 5000 3736 5054 latine
3771 5007 3821 5053 et
3852 5000 4162 5068 yermam‘ce
4208 4997 4464 5052 Turicen·

2509 5074 2652 5126 sium
2696 5071 2938 5125 libellus.-
2993 5070 3293 5123 wahrhal'te
3339 5069 3705 5122 Bekanntnisz
3740 5069 3840 5121 der
3873 5067 4079 5121 Diener
4122 5068 4223 5121 der
4259 5065 4466 5119 Kirche

2507 5157 2571 5193 zu
2608 5140 2669 5193 Z.
2711 5156 2823 5191 was
2857 5139 2938 5191 sie
2975 5156 3072 5192 aus
3108 5138 3300 5193 Gottes
3334 5137 3494 5191 Wort
3527 5137 3630 5190 mit
3664 5136 3763 5189 der
3796 5137 3922 5189 heil.
3957 5137 4083 5206 allg.
4117 5136 4231 5189 chr.
4259 5135 4465 5188 Kirche

2507 5209 2741 5278 glauben
2779 5224 2828 5260 ιι.
2850 5207 3040 5260 lehren
3073 5208 3178 5260 mit
3209 5206 3550 5277 gebiirlicher
3568 5207 3823 5259 Antwort
3843 5205 3939 5258 anf
3949 5205 4049 5258 das
4085 5205 4228 5257 nube
4368 5202 4465 5257 det

2508 5276 2778 5346 Ergerlich
2815 5275 3114 5330 Schmiihen
3152 5275 3515 5328 Verdammen
3563 5275 3675 5328 und
3711 5274 3966 5328 Schelten
4012 5274 4077 5327 D.
4118 5273 4193 5328 M.
4277 5271 4466 5327 uther·

2510 5353 2615 5400 etc.
2688 5346 2860 5414 (Heca
2891 5342 3015 5410 445,
3056 5344 3358 5399 Pestaloen‘
3387 5342 3535 5410 229.)

3944 5426 4046 5482 49⁶
