<?xml version="1.0" encoding="UTF-8"?>
<!DOCTYPE html PUBLIC "-//W3C//DTD XHTML 1.0 Transitional//EN"
    "http://www.w3.org/TR/xhtml1/DTD/xhtml1-transitional.dtd">
<html xmlns="http://www.w3.org/1999/xhtml" xml:lang="en" lang="en">
 <head>
  <title>
</title>
<meta http-equiv="Content-Type" content="text/html;charset=utf-8" />
  <meta name='ocr-system' content='tesseract 3.04.00' />
  <meta name='ocr-capabilities' content='ocr_page ocr_carea ocr_par ocr_line ocrx_word'/>
</head>
<body>
  <div class='ocr_page' id='page_1' title='image "./ioanniscalvinio13unkngoog_0116.png"; bbox 0 0 5050 6167; ppageno 0'>
   <div class='ocr_carea' id='block_1_1' title="bbox 603 397 4584 490">
    <p class='ocr_par' dir='ltr' id='par_1_1' title="bbox 603 397 4584 490">
     <span class='ocr_line' id='line_1_1' title="bbox 603 397 4584 490; baseline -0.007 -1"><span class='ocrx_word' id='word_1_1' title='bbox 603 425 730 490; x_wconf 81' lang='lat'><strong>207</strong></span> <span class='ocrx_word' id='word_1_2' title='bbox 2142 408 2664 477; x_wconf 77' lang='lat' dir='ltr'><strong>EPISTOLAE</strong></span> <span class='ocrx_word' id='word_1_3' title='bbox 2711 409 3048 472; x_wconf 79' lang='lat'><strong>304—306</strong></span> <span class='ocrx_word' id='word_1_4' title='bbox 4457 397 4584 462; x_wconf 87' lang='grc'><strong>208</strong></span> 
     </span>
    </p>
   </div>
   <div class='ocr_carea' id='block_1_2' title="bbox 603 597 2570 4455">
    <p class='ocr_par' dir='ltr' id='par_1_2' title="bbox 603 597 2570 4455">
     <span class='ocr_line' id='line_1_2' title="bbox 605 597 2544 683; baseline -0.009 -2"><span class='ocrx_word' id='word_1_5' title='bbox 605 611 766 681; x_wconf 89' lang='lat' dir='ltr'><strong>adeo</strong></span> <span class='ocrx_word' id='word_1_6' title='bbox 808 606 1115 675; x_wconf 74' lang='lat' dir='ltr'>imbecilli</span> <span class='ocrx_word' id='word_1_7' title='bbox 1158 613 1232 671; x_wconf 89' lang='lat' dir='ltr'><strong>ut</strong></span> <span class='ocrx_word' id='word_1_8' title='bbox 1275 604 1522 669; x_wconf 91' lang='lat' dir='ltr'><strong>mirum</strong></span> <span class='ocrx_word' id='word_1_9' title='bbox 1555 603 1642 668; x_wconf 91' lang='lat' dir='ltr'><strong>sit</strong></span> <span class='ocrx_word' id='word_1_10' title='bbox 1674 623 1780 668; x_wconf 92' lang='lat' dir='ltr'><strong>me</strong></span> <span class='ocrx_word' id='word_1_11' title='bbox 1819 602 2153 683; x_wconf 91' lang='lat' dir='ltr'><strong>hucusque</strong></span> <span class='ocrx_word' id='word_1_12' title='bbox 2189 597 2544 683; x_wconf 88' lang='lat' dir='ltr'><strong>perdurare</strong></span> 
     </span>
     <span class='ocr_line' id='line_1_3' title="bbox 603 684 2544 784; baseline -0.008 -21"><span class='ocrx_word' id='word_1_13' title='bbox 603 697 906 784; x_wconf 87' lang='lat' dir='ltr'><strong>potuisse.</strong></span> <span class='ocrx_word' id='word_1_14' title='bbox 994 691 1268 758; x_wconf 89' lang='lat' dir='ltr'><strong>Perstiti</strong></span> <span class='ocrx_word' id='word_1_15' title='bbox 1323 688 1495 774; x_wconf 90' lang='lat' dir='ltr'><strong>quod</strong></span> <span class='ocrx_word' id='word_1_16' title='bbox 1522 687 1604 775; x_wconf 87' lang='lat'><strong>¹⁰)</strong></span> <span class='ocrx_word' id='word_1_17' title='bbox 1660 688 1860 772; x_wconf 90' lang='lat' dir='ltr'><strong>potui,</strong></span> <span class='ocrx_word' id='word_1_18' title='bbox 1914 707 2147 752; x_wconf 85' lang='lat' dir='ltr'><strong>verum</strong></span> <span class='ocrx_word' id='word_1_19' title='bbox 2206 684 2333 750; x_wconf 91' lang='lat' dir='ltr'><strong>nisi</strong></span> <span class='ocrx_word' id='word_1_20' title='bbox 2389 705 2544 749; x_wconf 91' lang='lat' dir='ltr'><strong>mox</strong></span> 
     </span>
     <span class='ocr_line' id='line_1_4' title="bbox 603 768 2544 860; baseline -0.009 -10"><span class='ocrx_word' id='word_1_21' title='bbox 603 780 994 851; x_wconf 86' lang='lat' dir='ltr'><strong>accesserint</strong></span> <span class='ocrx_word' id='word_1_22' title='bbox 1047 778 1158 860; x_wconf 92' lang='lat' dir='ltr'><strong>qui</strong></span> <span class='ocrx_word' id='word_1_23' title='bbox 1214 776 1384 841; x_wconf 90' lang='lat' dir='ltr'><strong>hanc</strong></span> <span class='ocrx_word' id='word_1_24' title='bbox 1439 776 1510 839; x_wconf 90' lang='lat' dir='ltr'><strong>in</strong></span> <span class='ocrx_word' id='word_1_25' title='bbox 1567 794 1718 840; x_wconf 91' lang='lat' dir='ltr'><strong>suos</strong></span> <span class='ocrx_word' id='word_1_26' title='bbox 1773 774 2083 838; x_wconf 78' lang='lat' dir='ltr'>humeros</span> <span class='ocrx_word' id='word_1_27' title='bbox 2138 768 2544 856; x_wconf 87' lang='lat' dir='ltr'><strong>provinciam</strong></span> 
     </span>
     <span class='ocr_line' id='line_1_5' title="bbox 604 854 2544 951; baseline -0.008 -16"><span class='ocrx_word' id='word_1_28' title='bbox 604 866 967 951; x_wconf 72' lang='lat' dir='ltr'><strong>suscipiant</strong></span> <span class='ocrx_word' id='word_1_29' title='bbox 1019 874 1086 929; x_wconf 92' lang='lat' dir='ltr'><strong>et</strong></span> <span class='ocrx_word' id='word_1_30' title='bbox 1144 862 1581 928; x_wconf 75' lang='lat' dir='ltr'><strong>decertantem</strong></span> <span class='ocrx_word' id='word_1_31' title='bbox 1633 859 1965 938; x_wconf 84' lang='lat' dir='ltr'><strong>adiuvent,</strong></span> <span class='ocrx_word' id='word_1_32' title='bbox 2021 877 2418 940; x_wconf 82' lang='lat' dir='ltr'><strong>magnopere</strong></span> <span class='ocrx_word' id='word_1_33' title='bbox 2461 854 2544 919; x_wconf 92' lang='lat' dir='ltr'><strong>ti-</strong></span> 
     </span>
     <span class='ocr_line' id='line_1_6' title="bbox 604 942 2545 1026; baseline -0.008 -6"><span class='ocrx_word' id='word_1_34' title='bbox 604 975 753 1020; x_wconf 95' lang='lat' dir='ltr'><strong>meo</strong></span> <span class='ocrx_word' id='word_1_35' title='bbox 795 973 879 1018; x_wconf 93' lang='lat' dir='ltr'><strong>ne</strong></span> <span class='ocrx_word' id='word_1_36' title='bbox 923 950 1110 1015; x_wconf 92' lang='lat' dir='ltr'><strong>nobis</strong></span> <span class='ocrx_word' id='word_1_37' title='bbox 1145 948 1357 1013; x_wconf 92' lang='lat' dir='ltr'><strong>omnis</strong></span> <span class='ocrx_word' id='word_1_38' title='bbox 1399 945 1693 1011; x_wconf 87' lang='lat' dir='ltr'><strong>laborum</strong></span> <span class='ocrx_word' id='word_1_39' title='bbox 1737 945 1988 1010; x_wconf 84' lang='lat' dir='ltr'><strong>fructus</strong></span> <span class='ocrx_word' id='word_1_40' title='bbox 2031 952 2272 1026; x_wconf 89' lang='lat' dir='ltr'><strong>pereat,</strong></span> <span class='ocrx_word' id='word_1_41' title='bbox 2318 950 2384 1006; x_wconf 91' lang='lat' dir='ltr'><strong>et</strong></span> <span class='ocrx_word' id='word_1_42' title='bbox 2419 942 2545 1005; x_wconf 90' lang='lat' dir='ltr'><strong>nisi</strong></span> 
     </span>
     <span class='ocr_line' id='line_1_7' title="bbox 604 1027 2542 1112; baseline -0.007 -8"><span class='ocrx_word' id='word_1_43' title='bbox 604 1060 713 1105; x_wconf 92' lang='lat' dir='ltr'><strong>me</strong></span> <span class='ocrx_word' id='word_1_44' title='bbox 734 1037 1060 1104; x_wconf 78' lang='lat' dir='ltr'><strong>Dominus</strong></span> <span class='ocrx_word' id='word_1_45' title='bbox 1094 1033 1480 1099; x_wconf 83' lang='lat' dir='ltr'><strong>mirabiliter</strong></span> <span class='ocrx_word' id='word_1_46' title='bbox 1514 1032 1802 1096; x_wconf 81' lang='lat' dir='ltr'><strong>fulsisset</strong></span> <span class='ocrx_word' id='word_1_47' title='bbox 1836 1030 2136 1112; x_wconf 86' lang='lat' dir='ltr'><strong>viresque</strong></span> <span class='ocrx_word' id='word_1_48' title='bbox 2170 1027 2542 1105; x_wconf 82' lang='lat' dir='ltr'><strong>addidisset,</strong></span> 
     </span>
     <span class='ocr_line' id='line_1_8' title="bbox 605 1112 2545 1210; baseline -0.006 -20"><span class='ocrx_word' id='word_1_49' title='bbox 605 1123 856 1210; x_wconf 83' lang='lat' dir='ltr'><strong>pridem</strong></span> <span class='ocrx_word' id='word_1_50' title='bbox 914 1120 1217 1203; x_wconf 86' lang='lat' dir='ltr'><strong>imposito</strong></span> <span class='ocrx_word' id='word_1_51' title='bbox 1270 1119 1452 1184; x_wconf 91' lang='lat' dir='ltr'><strong>oneri</strong></span> <span class='ocrx_word' id='word_1_52' title='bbox 1515 1117 1994 1183; x_wconf 79' lang='lat' dir='ltr'><strong>succubuissem</strong></span> <span class='ocrx_word' id='word_1_53' title='bbox 2013 1167 2028 1194; x_wconf 93' lang='lat'><strong>,</strong></span> <span class='ocrx_word' id='word_1_54' title='bbox 2081 1123 2179 1179; x_wconf 91' lang='lat' dir='ltr'><strong>tot</strong></span> <span class='ocrx_word' id='word_1_55' title='bbox 2233 1122 2301 1179; x_wconf 93' lang='lat' dir='ltr'><strong>et</strong></span> <span class='ocrx_word' id='word_1_56' title='bbox 2340 1112 2545 1178; x_wconf 87' lang='lat' dir='ltr'><strong>tantis</strong></span> 
     </span>
     <span class='ocr_line' id='line_1_9' title="bbox 605 1200 2546 1286; baseline -0.007 -10"><span class='ocrx_word' id='word_1_57' title='bbox 605 1211 878 1277; x_wconf 90' lang='lat' dir='ltr'><strong>obrutus</strong></span> <span class='ocrx_word' id='word_1_58' title='bbox 941 1228 1017 1272; x_wconf 93' lang='grc'><strong>00</strong></span> <span class='ocrx_word' id='word_1_59' title='bbox 1092 1205 1469 1271; x_wconf 90' lang='lat' dir='ltr'><strong>submersus</strong></span> <span class='ocrx_word' id='word_1_60' title='bbox 1546 1203 1841 1286; x_wconf 90' lang='lat' dir='ltr'><strong>negotiis.</strong></span> <span class='ocrx_word' id='word_1_61' title='bbox 1950 1202 2087 1266; x_wconf 89' lang='lat' dir='ltr'><strong>Vos</strong></span> <span class='ocrx_word' id='word_1_62' title='bbox 2151 1200 2359 1284; x_wconf 89' lang='lat' dir='ltr'><strong>igitur</strong></span> <span class='ocrx_word' id='word_1_63' title='bbox 2427 1219 2546 1281; x_wconf 89' lang='lat' dir='ltr'><strong>per</strong></span> 
     </span>
     <span class='ocr_line' id='line_1_10' title="bbox 607 1283 2544 1365; baseline -0.007 -3"><span class='ocrx_word' id='word_1_64' title='bbox 607 1294 953 1363; x_wconf 88' lang='lat' dir='ltr'><strong>Christum</strong></span> <span class='ocrx_word' id='word_1_65' title='bbox 975 1291 1335 1356; x_wconf 91' lang='lat' dir='ltr'><strong>Dominum</strong></span> <span class='ocrx_word' id='word_1_66' title='bbox 1379 1309 1490 1354; x_wconf 88' lang='lat' dir='ltr'><strong>oro</strong></span> <span class='ocrx_word' id='word_1_67' title='bbox 1526 1309 1749 1353; x_wconf 92' lang='lat' dir='ltr'><strong>omnes</strong></span> <span class='ocrx_word' id='word_1_68' title='bbox 1785 1301 1850 1352; x_wconf 91' lang='lat' dir='ltr'><strong>et</strong></span> <span class='ocrx_word' id='word_1_69' title='bbox 1891 1287 2194 1365; x_wconf 90' lang='lat' dir='ltr'><strong>obtestor,</strong></span> <span class='ocrx_word' id='word_1_70' title='bbox 2239 1292 2314 1350; x_wconf 89' lang='lat' dir='ltr'><strong>ut</strong></span> <span class='ocrx_word' id='word_1_71' title='bbox 2347 1283 2544 1349; x_wconf 91' lang='lat' dir='ltr'><strong>huius</strong></span> 
     </span>
     <span class='ocr_line' id='line_1_11' title="bbox 606 1374 2544 1458; baseline -0.008 -9"><span class='ocrx_word' id='word_1_72' title='bbox 606 1379 914 1449; x_wconf 89' lang='lat' dir='ltr'><strong>ecclesiae</strong></span> <span class='ocrx_word' id='word_1_73' title='bbox 957 1398 1182 1444; x_wconf 90' lang='lat' dir='ltr'><strong>curam</strong></span> <span class='ocrx_word' id='word_1_74' title='bbox 1225 1374 1613 1458; x_wconf 88' lang='lat' dir='ltr'><strong>suscipiatis,</strong></span> <span class='ocrx_word' id='word_1_75' title='bbox 1657 1394 1776 1439; x_wconf 92' lang='lat' dir='ltr'><strong>nec</strong></span> <span class='ocrx_word' id='word_1_76' title='bbox 1819 1394 2005 1439; x_wconf 91' lang='lat' dir='ltr'><strong>secus</strong></span> <span class='ocrx_word' id='word_1_77' title='bbox 2058 1381 2317 1438; x_wconf 85' lang='lat' dir='ltr'><strong>vestrae</strong></span> <span class='ocrx_word' id='word_1_78' title='bbox 2369 1390 2544 1436; x_wconf 93' lang='lat' dir='ltr'><strong>com-</strong></span> 
     </span>
     <span class='ocr_line' id='line_1_12' title="bbox 607 1455 2544 1543; baseline -0.007 -10"><span class='ocrx_word' id='word_1_79' title='bbox 607 1468 878 1533; x_wconf 84' lang='lat' dir='ltr'><strong>missam</strong></span> <span class='ocrx_word' id='word_1_80' title='bbox 920 1463 1072 1529; x_wconf 89' lang='lat' dir='ltr'><strong>fidei</strong></span> <span class='ocrx_word' id='word_1_81' title='bbox 1116 1462 1538 1539; x_wconf 87' lang='lat' dir='ltr'><strong>arbitremini,</strong></span> <span class='ocrx_word' id='word_1_82' title='bbox 1574 1481 1768 1543; x_wconf 91' lang='lat' dir='ltr'><strong>quam</strong></span> <span class='ocrx_word' id='word_1_83' title='bbox 1804 1480 1915 1523; x_wconf 86' lang='lat' dir='ltr'><strong>eae</strong></span> <span class='ocrx_word' id='word_1_84' title='bbox 1940 1456 2173 1542; x_wconf 90' lang='lat' dir='ltr'><strong>quibus</strong></span> <span class='ocrx_word' id='word_1_85' title='bbox 2208 1455 2544 1541; x_wconf 87' lang='lat' dir='ltr'><strong>praeestis,</strong></span> 
     </span>
     <span class='ocr_line' id='line_1_13' title="bbox 610 1541 2547 1635; baseline -0.006 -17"><span class='ocrx_word' id='word_1_86' title='bbox 610 1552 907 1635; x_wconf 90' lang='lat' dir='ltr'><strong>detisque</strong></span> <span class='ocrx_word' id='word_1_87' title='bbox 950 1569 1212 1632; x_wconf 86' lang='lat' dir='ltr'><strong>operam</strong></span> <span class='ocrx_word' id='word_1_88' title='bbox 1255 1556 1329 1612; x_wconf 91' lang='lat' dir='ltr'><strong>ut</strong></span> <span class='ocrx_word' id='word_1_89' title='bbox 1374 1545 1700 1623; x_wconf 74' lang='lat' dir='ltr'><strong>Calvinus,</strong></span> <span class='ocrx_word' id='word_1_90' title='bbox 1759 1554 1951 1609; x_wconf 82' lang='lat' dir='ltr'><strong>vetus</strong></span> <span class='ocrx_word' id='word_1_91' title='bbox 2004 1543 2185 1608; x_wconf 89' lang='lat' dir='ltr'><strong>illius</strong></span> <span class='ocrx_word' id='word_1_92' title='bbox 2241 1541 2547 1608; x_wconf 88' lang='lat' dir='ltr'><strong>ecclesiae</strong></span> 
     </span>
     <span class='ocr_line' id='line_1_14' title="bbox 657 1627 2547 1715; baseline -0.006 -12"><span class='ocrx_word' id='word_1_93' title='bbox 657 1647 866 1714; x_wconf 86' lang='lat' dir='ltr'><strong>aster,</strong></span> <span class='ocrx_word' id='word_1_94' title='bbox 924 1635 1215 1700; x_wconf 91' lang='lat' dir='ltr'><strong>omnium</strong></span> <span class='ocrx_word' id='word_1_95' title='bbox 1276 1633 1604 1715; x_wconf 88' lang='lat' dir='ltr'><strong>suffragiis</strong></span> <span class='ocrx_word' id='word_1_96' title='bbox 1668 1637 2036 1709; x_wconf 82' lang='lat' dir='ltr'><strong>revocatus,</strong></span> <span class='ocrx_word' id='word_1_97' title='bbox 2102 1648 2178 1694; x_wconf 91' lang='grc'><strong>00</strong></span> <span class='ocrx_word' id='word_1_98' title='bbox 2242 1627 2547 1693; x_wconf 91' lang='lat' dir='ltr'><strong>omnibus</strong></span> 
     </span>
     <span class='ocr_line' id='line_1_15' title="bbox 657 1712 2548 1799; baseline -0.006 -11"><span class='ocrx_word' id='word_1_99' title='bbox 657 1719 1235 1798; x_wconf 86' lang='lat' dir='ltr'><strong>esideratissimus,</strong></span> <span class='ocrx_word' id='word_1_100' title='bbox 1291 1727 1359 1783; x_wconf 91' lang='lat' dir='ltr'><strong>et</strong></span> <span class='ocrx_word' id='word_1_101' title='bbox 1418 1718 1632 1783; x_wconf 87' lang='lat' dir='ltr'><strong>anxiis</strong></span> <span class='ocrx_word' id='word_1_102' title='bbox 1685 1717 1926 1799; x_wconf 89' lang='lat' dir='ltr'><strong>expitis</strong></span> <span class='ocrx_word' id='word_1_103' title='bbox 1948 1713 2030 1799; x_wconf 86' lang='lat'><strong>¹¹)</strong></span> <span class='ocrx_word' id='word_1_104' title='bbox 2098 1714 2420 1798; x_wconf 87' lang='lat' dir='ltr'><strong>suspiriis,</strong></span> <span class='ocrx_word' id='word_1_105' title='bbox 2488 1712 2548 1776; x_wconf 91' lang='lat' dir='ltr'><strong>ei</strong></span> 
     </span>
     <span class='ocr_line' id='line_1_16' title="bbox 610 1799 2551 1888; baseline -0.006 -14"><span class='ocrx_word' id='word_1_106' title='bbox 610 1808 1023 1884; x_wconf 83' lang='lat' dir='ltr'><strong>restituatur,</strong></span> <span class='ocrx_word' id='word_1_107' title='bbox 1082 1825 1209 1888; x_wconf 93' lang='lat' dir='ltr'><strong>quo</strong></span> <span class='ocrx_word' id='word_1_108' title='bbox 1265 1803 1484 1869; x_wconf 88' lang='lat' dir='ltr'><strong>nullus</strong></span> <span class='ocrx_word' id='word_1_109' title='bbox 1539 1801 1732 1868; x_wconf 91' lang='lat' dir='ltr'><strong>hodie</strong></span> <span class='ocrx_word' id='word_1_110' title='bbox 1786 1803 1955 1865; x_wconf 82' lang='lat' dir='ltr'><strong>vivit</strong></span> <span class='ocrx_word' id='word_1_111' title='bbox 2013 1802 2123 1884; x_wconf 91' lang='lat' dir='ltr'><strong>qui</strong></span> <span class='ocrx_word' id='word_1_112' title='bbox 2167 1800 2314 1883; x_wconf 89' lang='lat' dir='ltr'><strong>plus</strong></span> <span class='ocrx_word' id='word_1_113' title='bbox 2356 1799 2427 1864; x_wconf 91' lang='lat' dir='ltr'><strong>in</strong></span> <span class='ocrx_word' id='word_1_114' title='bbox 2471 1819 2551 1863; x_wconf 90' lang='lat' dir='ltr'><strong>ea</strong></span> 
     </span>
     <span class='ocr_line' id='line_1_17' title="bbox 610 1886 2552 1981; baseline -0.007 -19"><span class='ocrx_word' id='word_1_115' title='bbox 610 1895 822 1981; x_wconf 88' lang='lat' dir='ltr'><strong>possit</strong></span> <span class='ocrx_word' id='word_1_116' title='bbox 882 1900 949 1957; x_wconf 92' lang='lat' dir='ltr'><strong>et</strong></span> <span class='ocrx_word' id='word_1_117' title='bbox 1012 1891 1117 1957; x_wconf 91' lang='lat' dir='ltr'><strong>cui</strong></span> <span class='ocrx_word' id='word_1_118' title='bbox 1182 1898 1338 1955; x_wconf 91' lang='lat' dir='ltr'><strong>sunt</strong></span> <span class='ocrx_word' id='word_1_119' title='bbox 1391 1890 1610 1954; x_wconf 85' lang='lat' dir='ltr'><strong>omnia</strong></span> <span class='ocrx_word' id='word_1_120' title='bbox 1664 1890 1732 1952; x_wconf 91' lang='lat' dir='ltr'><strong>in</strong></span> <span class='ocrx_word' id='word_1_121' title='bbox 1798 1909 1877 1952; x_wconf 92' lang='lat' dir='ltr'><strong>ea</strong></span> <span class='ocrx_word' id='word_1_122' title='bbox 1939 1886 2409 1969; x_wconf 87' lang='lat' dir='ltr'><strong>exploratiora,</strong></span> <span class='ocrx_word' id='word_1_123' title='bbox 2473 1892 2552 1948; x_wconf 91' lang='lat' dir='ltr'><strong>ut</strong></span> 
     </span>
     <span class='ocr_line' id='line_1_18' title="bbox 611 1969 2552 2047; baseline -0.007 0"><span class='ocrx_word' id='word_1_124' title='bbox 611 1979 815 2047; x_wconf 85' lang='lat' dir='ltr'><strong>simul</strong></span> <span class='ocrx_word' id='word_1_125' title='bbox 868 1977 1173 2044; x_wconf 91' lang='lat' dir='ltr'><strong>ecclesiae</strong></span> <span class='ocrx_word' id='word_1_126' title='bbox 1226 1975 1598 2041; x_wconf 78' lang='lat' dir='ltr'><strong>consulatur</strong></span> <span class='ocrx_word' id='word_1_127' title='bbox 1655 1988 1723 2039; x_wconf 91' lang='lat' dir='ltr'><strong>et</strong></span> <span class='ocrx_word' id='word_1_128' title='bbox 1761 1971 2121 2038; x_wconf 88' lang='lat' dir='ltr'><strong>ministerio</strong></span> <span class='ocrx_word' id='word_1_129' title='bbox 2166 1969 2352 2036; x_wconf 84' lang='lat' dir='ltr'><strong>verbi</strong></span> <span class='ocrx_word' id='word_1_130' title='bbox 2394 1991 2552 2036; x_wconf 90' lang='lat' dir='ltr'><strong>suus</strong></span> 
     </span>
     <span class='ocr_line' id='line_1_19' title="bbox 611 2054 2552 2139; baseline -0.007 -6"><span class='ocrx_word' id='word_1_131' title='bbox 611 2066 995 2133; x_wconf 85' lang='lat' dir='ltr'><strong>restituatur</strong></span> <span class='ocrx_word' id='word_1_132' title='bbox 1037 2063 1261 2139; x_wconf 74' lang='lat' dir='ltr'><strong>honOS,</strong></span> <span class='ocrx_word' id='word_1_133' title='bbox 1319 2061 1442 2125; x_wconf 90' lang='lat' dir='ltr'><strong>nisi</strong></span> <span class='ocrx_word' id='word_1_134' title='bbox 1499 2059 1705 2126; x_wconf 86' lang='lat' dir='ltr'><strong>videri</strong></span> <span class='ocrx_word' id='word_1_135' title='bbox 1763 2058 1963 2124; x_wconf 87' lang='lat' dir='ltr'><strong>vultis</strong></span> <span class='ocrx_word' id='word_1_136' title='bbox 2012 2059 2305 2123; x_wconf 89' lang='lat' dir='ltr'><strong>omnium</strong></span> <span class='ocrx_word' id='word_1_137' title='bbox 2348 2054 2552 2122; x_wconf 89' lang='lat' dir='ltr'><strong>eccle-</strong></span> 
     </span>
     <span class='ocr_line' id='line_1_20' title="bbox 612 2140 2555 2226; baseline -0.007 -7"><span class='ocrx_word' id='word_1_138' title='bbox 612 2153 862 2220; x_wconf 89' lang='lat' dir='ltr'><strong>siarum</strong></span> <span class='ocrx_word' id='word_1_139' title='bbox 904 2170 1129 2214; x_wconf 88' lang='lat' dir='ltr'><strong>curam</strong></span> <span class='ocrx_word' id='word_1_140' title='bbox 1170 2147 1510 2226; x_wconf 86' lang='lat' dir='ltr'><strong>abiecisse,</strong></span> <span class='ocrx_word' id='word_1_141' title='bbox 1569 2156 1635 2211; x_wconf 91' lang='lat' dir='ltr'><strong>et</strong></span> <span class='ocrx_word' id='word_1_142' title='bbox 1686 2146 1756 2210; x_wconf 92' lang='lat' dir='ltr'><strong>in</strong></span> <span class='ocrx_word' id='word_1_143' title='bbox 1801 2144 2140 2210; x_wconf 83' lang='lat' dir='ltr'><strong>Christum</strong></span> <span class='ocrx_word' id='word_1_144' title='bbox 2196 2140 2428 2224; x_wconf 85' lang='lat' dir='ltr'><strong>perfidi</strong></span> <span class='ocrx_word' id='word_1_145' title='bbox 2486 2148 2555 2205; x_wconf 92' lang='lat' dir='ltr'><strong>et</strong></span> 
     </span>
     <span class='ocr_line' id='line_1_21' title="bbox 613 2228 2553 2318; baseline -0.007 -13"><span class='ocrx_word' id='word_1_146' title='bbox 613 2239 892 2305; x_wconf 79' lang='lat' dir='ltr'><strong>fratrum</strong></span> <span class='ocrx_word' id='word_1_147' title='bbox 968 2234 1326 2318; x_wconf 90' lang='lat' dir='ltr'><strong>proditores</strong></span> <span class='ocrx_word' id='word_1_148' title='bbox 1405 2232 1518 2316; x_wconf 91' lang='lat' dir='ltr'><strong>qui</strong></span> <span class='ocrx_word' id='word_1_149' title='bbox 1582 2242 1868 2297; x_wconf 83' lang='lat' dir='ltr'><strong>vestram</strong></span> <span class='ocrx_word' id='word_1_150' title='bbox 1928 2250 2118 2314; x_wconf 92' lang='lat' dir='ltr'><strong>opem</strong></span> <span class='ocrx_word' id='word_1_151' title='bbox 2180 2228 2553 2311; x_wconf 89' lang='lat' dir='ltr'><strong>implorant,</strong></span> 
     </span>
     <span class='ocr_line' id='line_1_22' title="bbox 615 2314 2556 2408; baseline -0.006 -19"><span class='ocrx_word' id='word_1_152' title='bbox 615 2344 814 2408; x_wconf 89' lang='lat' dir='ltr'><strong>quam</strong></span> <span class='ocrx_word' id='word_1_153' title='bbox 857 2321 1181 2405; x_wconf 89' lang='lat' dir='ltr'><strong>denegare</strong></span> <span class='ocrx_word' id='word_1_154' title='bbox 1224 2341 1355 2384; x_wconf 92' lang='lat' dir='ltr'><strong>non</strong></span> <span class='ocrx_word' id='word_1_155' title='bbox 1395 2318 1686 2400; x_wconf 87' lang='lat' dir='ltr'><strong>potestis,</strong></span> <span class='ocrx_word' id='word_1_156' title='bbox 1732 2317 1857 2381; x_wconf 90' lang='lat' dir='ltr'><strong>nisi</strong></span> <span class='ocrx_word' id='word_1_157' title='bbox 1904 2316 2085 2380; x_wconf 91' lang='lat' dir='ltr'><strong>omni</strong></span> <span class='ocrx_word' id='word_1_158' title='bbox 2121 2315 2396 2380; x_wconf 85' lang='lat' dir='ltr'><strong>careatis</strong></span> <span class='ocrx_word' id='word_1_159' title='bbox 2432 2314 2556 2377; x_wconf 91' lang='lat' dir='ltr'><strong>hu·</strong></span> 
     </span>
     <span class='ocr_line' id='line_1_23' title="bbox 614 2398 2555 2476; baseline -0.007 0"><span class='ocrx_word' id='word_1_160' title='bbox 614 2398 957 2476; x_wconf 64' lang='lat' dir='ltr'><strong>manissatis</strong></span> <span class='ocrx_word' id='word_1_161' title='bbox 1001 2427 1212 2472; x_wconf 90' lang='lat' dir='ltr'><strong>sensu.</strong></span> <span class='ocrx_word' id='word_1_162' title='bbox 1325 2407 1416 2469; x_wconf 86' lang='lat' dir='ltr'><strong>At</strong></span> <span class='ocrx_word' id='word_1_163' title='bbox 1493 2404 1765 2468; x_wconf 85' lang='lat' dir='ltr'><strong>meliora</strong></span> <span class='ocrx_word' id='word_1_164' title='bbox 1834 2401 1914 2466; x_wconf 92' lang='lat' dir='ltr'><strong>de</strong></span> <span class='ocrx_word' id='word_1_165' title='bbox 1995 2401 2181 2468; x_wconf 81' lang='lat' dir='ltr'><strong>vobis</strong></span> <span class='ocrx_word' id='word_1_166' title='bbox 2252 2399 2555 2465; x_wconf 89' lang='lat' dir='ltr'><strong>omnibus</strong></span> 
     </span>
     <span class='ocr_line' id='line_1_24' title="bbox 616 2489 2559 2577; baseline -0.007 -15"><span class='ocrx_word' id='word_1_167' title='bbox 616 2514 876 2577; x_wconf 84' lang='lat' dir='ltr'><strong>semper</strong></span> <span class='ocrx_word' id='word_1_168' title='bbox 941 2512 1204 2575; x_wconf 87' lang='lat' dir='ltr'><strong>sperare</strong></span> <span class='ocrx_word' id='word_1_169' title='bbox 1268 2489 1495 2568; x_wconf 90' lang='lat' dir='ltr'><strong>didici,</strong></span> <span class='ocrx_word' id='word_1_170' title='bbox 1558 2510 1684 2572; x_wconf 91' lang='lat' dir='ltr'><strong>quo</strong></span> <span class='ocrx_word' id='word_1_171' title='bbox 1740 2489 1816 2552; x_wconf 90' lang='lat' dir='ltr'><strong>fit</strong></span> <span class='ocrx_word' id='word_1_172' title='bbox 1857 2495 1931 2552; x_wconf 93' lang='lat' dir='ltr'><strong>ut</strong></span> <span class='ocrx_word' id='word_1_173' title='bbox 1986 2490 2225 2552; x_wconf 91' lang='lat' dir='ltr'><strong>iterum</strong></span> <span class='ocrx_word' id='word_1_174' title='bbox 2285 2507 2399 2551; x_wconf 87' lang='lat' dir='ltr'><strong>vos</strong></span> <span class='ocrx_word' id='word_1_175' title='bbox 2441 2506 2559 2568; x_wconf 90' lang='lat' dir='ltr'><strong>per</strong></span> 
     </span>
     <span class='ocr_line' id='line_1_25' title="bbox 615 2572 2560 2656; baseline -0.006 -9"><span class='ocrx_word' id='word_1_176' title='bbox 615 2601 804 2648; x_wconf 86' lang='lat' dir='ltr'><strong>sacra</strong></span> <span class='ocrx_word' id='word_1_177' title='bbox 844 2578 1066 2644; x_wconf 90' lang='lat' dir='ltr'><strong>omnia</strong></span> <span class='ocrx_word' id='word_1_178' title='bbox 1109 2577 1400 2641; x_wconf 88' lang='lat' dir='ltr'><strong>adiurem</strong></span> <span class='ocrx_word' id='word_1_179' title='bbox 1437 2586 1505 2639; x_wconf 92' lang='lat' dir='ltr'><strong>et</strong></span> <span class='ocrx_word' id='word_1_180' title='bbox 1526 2572 1810 2639; x_wconf 88' lang='lat' dir='ltr'><strong>obtestor</strong></span> <span class='ocrx_word' id='word_1_181' title='bbox 1831 2575 1915 2653; x_wconf 49' lang='grc' dir='ltr'><strong>ι9)</strong></span> <span class='ocrx_word' id='word_1_182' title='bbox 1950 2586 2026 2637; x_wconf 92' lang='lat' dir='ltr'><strong>ut</strong></span> <span class='ocrx_word' id='word_1_183' title='bbox 2062 2572 2269 2656; x_wconf 89' lang='lat' dir='ltr'><strong>primo</strong></span> <span class='ocrx_word' id='word_1_184' title='bbox 2304 2589 2560 2654; x_wconf 91' lang='lat' dir='ltr'><strong>quoque</strong></span> 
     </span>
     <span class='ocr_line' id='line_1_26' title="bbox 618 2655 2558 2748; baseline -0.006 -16"><span class='ocrx_word' id='word_1_185' title='bbox 618 2675 906 2748; x_wconf 89' lang='lat' dir='ltr'><strong>tempore</strong></span> <span class='ocrx_word' id='word_1_186' title='bbox 950 2664 1103 2729; x_wconf 91' lang='lat' dir='ltr'><strong>huic</strong></span> <span class='ocrx_word' id='word_1_187' title='bbox 1146 2683 1341 2727; x_wconf 84' lang='lat' dir='ltr'><strong>saevo</strong></span> <span class='ocrx_word' id='word_1_188' title='bbox 1368 2663 1450 2741; x_wconf 69' lang='grc'><strong>13)</strong></span> <span class='ocrx_word' id='word_1_189' title='bbox 1506 2660 1763 2743; x_wconf 89' lang='lat' dir='ltr'><strong>negotio</strong></span> <span class='ocrx_word' id='word_1_190' title='bbox 1815 2680 2089 2724; x_wconf 91' lang='lat' dir='ltr'><strong>manum</strong></span> <span class='ocrx_word' id='word_1_191' title='bbox 2137 2655 2558 2732; x_wconf 80' lang='lat' dir='ltr'><strong>admoveatis,</strong></span> 
     </span>
     <span class='ocr_line' id='line_1_27' title="bbox 616 2744 2559 2826; baseline -0.007 -7"><span class='ocrx_word' id='word_1_192' title='bbox 616 2773 740 2819; x_wconf 91' lang='lat' dir='ltr'><strong>nec</strong></span> <span class='ocrx_word' id='word_1_193' title='bbox 803 2762 1096 2816; x_wconf 90' lang='lat' dir='ltr'><strong>nostram</strong></span> <span class='ocrx_word' id='word_1_194' title='bbox 1163 2747 1241 2813; x_wconf 93' lang='lat' dir='ltr'><strong>de</strong></span> <span class='ocrx_word' id='word_1_195' title='bbox 1297 2746 1484 2812; x_wconf 87' lang='lat' dir='ltr'><strong>vobis</strong></span> <span class='ocrx_word' id='word_1_196' title='bbox 1540 2745 1779 2811; x_wconf 89' lang='lat' dir='ltr'><strong>fallatis</strong></span> <span class='ocrx_word' id='word_1_197' title='bbox 1833 2744 2380 2826; x_wconf 83' lang='lat' dir='ltr'><strong>exspectationem</strong></span> <span class='ocrx_word' id='word_1_198' title='bbox 2400 2793 2417 2820; x_wconf 94' lang='lat'><strong>,</strong></span> <span class='ocrx_word' id='word_1_199' title='bbox 2483 2763 2559 2807; x_wconf 88' lang='grc'><strong>00</strong></span> 
     </span>
     <span class='ocr_line' id='line_1_28' title="bbox 617 2829 2559 2905; baseline -0.006 -2"><span class='ocrx_word' id='word_1_200' title='bbox 617 2836 818 2905; x_wconf 83' lang='lat' dir='ltr'><strong>simul</strong></span> <span class='ocrx_word' id='word_1_201' title='bbox 859 2836 1084 2900; x_wconf 81' lang='lat' dir='ltr'><strong>literas</strong></span> <span class='ocrx_word' id='word_1_202' title='bbox 1130 2831 1522 2899; x_wconf 85' lang='lat' dir='ltr'><strong>hortatorias</strong></span> <span class='ocrx_word' id='word_1_203' title='bbox 1577 2841 1644 2896; x_wconf 90' lang='lat' dir='ltr'><strong>et</strong></span> <span class='ocrx_word' id='word_1_204' title='bbox 1699 2830 2078 2895; x_wconf 87' lang='lat' dir='ltr'><strong>monitorias</strong></span> <span class='ocrx_word' id='word_1_205' title='bbox 2124 2829 2206 2895; x_wconf 89' lang='lat' dir='ltr'><strong>ad</strong></span> <span class='ocrx_word' id='word_1_206' title='bbox 2250 2829 2559 2894; x_wconf 89' lang='lat' dir='ltr'><strong>honestos</strong></span> 
     </span>
     <span class='ocr_line' id='line_1_29' title="bbox 617 2911 2559 3003; baseline -0.006 -12"><span class='ocrx_word' id='word_1_207' title='bbox 617 2922 945 2992; x_wconf 87' lang='lat' dir='ltr'><strong>scribatis:</strong></span> <span class='ocrx_word' id='word_1_208' title='bbox 1003 2930 1109 2999; x_wconf 90' lang='lat' dir='ltr'><strong>ut,</strong></span> <span class='ocrx_word' id='word_1_209' title='bbox 1163 2917 1708 3003; x_wconf 83' lang='lat' dir='ltr'><strong>quemadmodum</strong></span> <span class='ocrx_word' id='word_1_210' title='bbox 1759 2917 1832 2980; x_wconf 91' lang='lat' dir='ltr'><strong>in</strong></span> <span class='ocrx_word' id='word_1_211' title='bbox 1879 2913 2140 2981; x_wconf 78' lang='lat' dir='ltr'><strong>Calvino</strong></span> <span class='ocrx_word' id='word_1_212' title='bbox 2196 2911 2559 2980; x_wconf 84' lang='lat' dir='ltr'><strong>revocando</strong></span> 
     </span>
     <span class='ocr_line' id='line_1_30' title="bbox 616 2998 2559 3088; baseline -0.007 -11"><span class='ocrx_word' id='word_1_213' title='bbox 616 3010 842 3077; x_wconf 81' lang='lat' dir='ltr'><strong>testati</strong></span> <span class='ocrx_word' id='word_1_214' title='bbox 898 3016 1054 3073; x_wconf 91' lang='lat' dir='ltr'><strong>sunt</strong></span> <span class='ocrx_word' id='word_1_215' title='bbox 1109 3005 1289 3088; x_wconf 90' lang='lat' dir='ltr'><strong>pium</strong></span> <span class='ocrx_word' id='word_1_216' title='bbox 1341 3005 1413 3068; x_wconf 87' lang='lat' dir='ltr'><strong>in</strong></span> <span class='ocrx_word' id='word_1_217' title='bbox 1471 3004 1653 3069; x_wconf 84' lang='lat' dir='ltr'><strong>verbi</strong></span> <span class='ocrx_word' id='word_1_218' title='bbox 1694 3003 2029 3068; x_wconf 89' lang='lat' dir='ltr'><strong>ministros</strong></span> <span class='ocrx_word' id='word_1_219' title='bbox 2073 3002 2401 3079; x_wconf 87' lang='lat' dir='ltr'><strong>affectum,</strong></span> <span class='ocrx_word' id='word_1_220' title='bbox 2447 2998 2559 3064; x_wconf 89' lang='lat' dir='ltr'><strong>de-</strong></span> 
     </span>
     <span class='ocr_line' id='line_1_31' title="bbox 618 3086 2562 3176; baseline -0.006 -15"><span class='ocrx_word' id='word_1_221' title='bbox 618 3102 1024 3176; x_wconf 80' lang='lat' dir='ltr'><strong>vraruntque</strong></span> <span class='ocrx_word' id='word_1_222' title='bbox 1053 3094 1131 3170; x_wconf 80' lang='lat'><strong>¹⁴)</strong></span> <span class='ocrx_word' id='word_1_223' title='bbox 1210 3111 1437 3156; x_wconf 89' lang='lat' dir='ltr'><strong>eorum</strong></span> <span class='ocrx_word' id='word_1_224' title='bbox 1505 3089 1908 3171; x_wconf 89' lang='lat' dir='ltr'><strong>impietatem</strong></span> <span class='ocrx_word' id='word_1_225' title='bbox 1971 3096 2039 3154; x_wconf 94' lang='lat' dir='ltr'><strong>et</strong></span> <span class='ocrx_word' id='word_1_226' title='bbox 2101 3086 2442 3171; x_wconf 88' lang='lat' dir='ltr'><strong>perfidiam</strong></span> <span class='ocrx_word' id='word_1_227' title='bbox 2520 3105 2562 3149; x_wconf 89' lang='lat' dir='ltr'><strong>a</strong></span> 
     </span>
     <span class='ocr_line' id='line_1_32' title="bbox 621 3173 2562 3266; baseline -0.007 -19"><span class='ocrx_word' id='word_1_228' title='bbox 621 3181 862 3266; x_wconf 82' lang='lat' dir='ltr'><strong>quibus</strong></span> <span class='ocrx_word' id='word_1_229' title='bbox 917 3186 1054 3243; x_wconf 89' lang='lat' dir='ltr'><strong>tam</strong></span> <span class='ocrx_word' id='word_1_230' title='bbox 1112 3177 1393 3260; x_wconf 85' lang='lat' dir='ltr'><strong>turpiter</strong></span> <span class='ocrx_word' id='word_1_231' title='bbox 1460 3175 1706 3239; x_wconf 89' lang='lat' dir='ltr'><strong>indicta</strong></span> <span class='ocrx_word' id='word_1_232' title='bbox 1773 3193 1998 3252; x_wconf 87' lang='lat' dir='ltr'><strong>causa,</strong></span> <span class='ocrx_word' id='word_1_233' title='bbox 2063 3173 2246 3239; x_wconf 88' lang='lat' dir='ltr'><strong>nulla</strong></span> <span class='ocrx_word' id='word_1_234' title='bbox 2302 3180 2562 3239; x_wconf 87' lang='lat' dir='ltr'><strong>servata</strong></span> 
     </span>
     <span class='ocr_line' id='line_1_33' title="bbox 619 3256 2562 3347; baseline -0.006 -14"><span class='ocrx_word' id='word_1_235' title='bbox 619 3266 787 3332; x_wconf 88' lang='lat' dir='ltr'><strong>iuris</strong></span> <span class='ocrx_word' id='word_1_236' title='bbox 841 3263 1155 3347; x_wconf 79' lang='lat' dir='ltr'><strong>religione</strong></span> <span class='ocrx_word' id='word_1_237' title='bbox 1173 3313 1190 3341; x_wconf 92' lang='lat'><strong>,</strong></span> <span class='ocrx_word' id='word_1_238' title='bbox 1250 3262 1473 3327; x_wconf 90' lang='lat' dir='ltr'><strong>reiecti</strong></span> <span class='ocrx_word' id='word_1_239' title='bbox 1529 3274 1683 3326; x_wconf 90' lang='lat' dir='ltr'><strong>sunt</strong></span> <span class='ocrx_word' id='word_1_240' title='bbox 1739 3259 1971 3326; x_wconf 84' lang='lat' dir='ltr'><strong>fratres</strong></span> <span class='ocrx_word' id='word_1_241' title='bbox 2028 3280 2069 3324; x_wconf 89' lang='lat' dir='ltr'><strong>a</strong></span> <span class='ocrx_word' id='word_1_242' title='bbox 2111 3260 2346 3343; x_wconf 89' lang='lat' dir='ltr'><strong>quibus</strong></span> <span class='ocrx_word' id='word_1_243' title='bbox 2388 3256 2562 3324; x_wconf 92' lang='lat' dir='ltr'><strong>docti</strong></span> 
     </span>
     <span class='ocr_line' id='line_1_34' title="bbox 619 3344 2561 3430; baseline -0.005 -12"><span class='ocrx_word' id='word_1_244' title='bbox 619 3352 914 3427; x_wconf 87' lang='lat' dir='ltr'><strong>fuerant,</strong></span> <span class='ocrx_word' id='word_1_245' title='bbox 970 3351 1063 3413; x_wconf 90' lang='lat' dir='ltr'><strong>ita</strong></span> <span class='ocrx_word' id='word_1_246' title='bbox 1118 3348 1193 3412; x_wconf 89' lang='lat' dir='ltr'><strong>in</strong></span> <span class='ocrx_word' id='word_1_247' title='bbox 1248 3346 1393 3413; x_wconf 89' lang='lat' dir='ltr'><strong>aliis</strong></span> <span class='ocrx_word' id='word_1_248' title='bbox 1446 3366 1697 3430; x_wconf 91' lang='lat' dir='ltr'><strong>quoque</strong></span> <span class='ocrx_word' id='word_1_249' title='bbox 1738 3346 1949 3411; x_wconf 88' lang='lat' dir='ltr'><strong>facere</strong></span> <span class='ocrx_word' id='word_1_250' title='bbox 1991 3353 2288 3429; x_wconf 86' lang='lat' dir='ltr'><strong>pergant,</strong></span> <span class='ocrx_word' id='word_1_251' title='bbox 2331 3351 2398 3410; x_wconf 91' lang='lat' dir='ltr'><strong>et</strong></span> <span class='ocrx_word' id='word_1_252' title='bbox 2440 3344 2561 3409; x_wconf 89' lang='lat' dir='ltr'><strong>ali-</strong></span> 
     </span>
     <span class='ocr_line' id='line_1_35' title="bbox 623 3430 2563 3521; baseline -0.005 -19"><span class='ocrx_word' id='word_1_253' title='bbox 623 3457 817 3521; x_wconf 89' lang='lat' dir='ltr'><strong>quam</strong></span> <span class='ocrx_word' id='word_1_254' title='bbox 863 3433 1149 3500; x_wconf 88' lang='lat' dir='ltr'><strong>habeant</strong></span> <span class='ocrx_word' id='word_1_255' title='bbox 1188 3431 1565 3516; x_wconf 87' lang='lat' dir='ltr'><strong>disciplinae</strong></span> <span class='ocrx_word' id='word_1_256' title='bbox 1609 3430 2079 3498; x_wconf 87' lang='lat' dir='ltr'><strong>ecclesiasticae</strong></span> <span class='ocrx_word' id='word_1_257' title='bbox 2114 3431 2449 3510; x_wconf 88' lang='lat' dir='ltr'><strong>rationem,</strong></span> <span class='ocrx_word' id='word_1_258' title='bbox 2494 3437 2563 3493; x_wconf 92' lang='lat' dir='ltr'><strong>et</strong></span> 
     </span>
     <span class='ocr_line' id='line_1_36' title="bbox 621 3516 2563 3602; baseline -0.005 -14"><span class='ocrx_word' id='word_1_259' title='bbox 621 3520 996 3588; x_wconf 88' lang='lat' dir='ltr'><strong>offendiculi</strong></span> <span class='ocrx_word' id='word_1_260' title='bbox 1052 3520 1287 3602; x_wconf 89' lang='lat' dir='ltr'><strong>quovis</strong></span> <span class='ocrx_word' id='word_1_261' title='bbox 1349 3529 1669 3583; x_wconf 84' lang='lat' dir='ltr'><strong>terrarum</strong></span> <span class='ocrx_word' id='word_1_262' title='bbox 1732 3518 1976 3600; x_wconf 90' lang='lat' dir='ltr'><strong>sparsi,</strong></span> <span class='ocrx_word' id='word_1_263' title='bbox 2042 3517 2427 3600; x_wconf 89' lang='lat' dir='ltr'><strong>praesertim</strong></span> <span class='ocrx_word' id='word_1_264' title='bbox 2487 3516 2563 3580; x_wconf 91' lang='lat' dir='ltr'><strong>in</strong></span> 
     </span>
     <span class='ocr_line' id='line_1_37' title="bbox 627 3601 2565 3688; baseline -0.004 -14"><span class='ocrx_word' id='word_1_265' title='bbox 627 3606 922 3685; x_wconf 80' lang='lat' dir='ltr'><strong>Goraldo,</strong></span> <span class='ocrx_word' id='word_1_266' title='bbox 981 3622 1176 3688; x_wconf 88' lang='lat' dir='ltr'><strong>quem</strong></span> <span class='ocrx_word' id='word_1_267' title='bbox 1234 3614 1369 3669; x_wconf 89' lang='lat' dir='ltr'><strong>tam</strong></span> <span class='ocrx_word' id='word_1_268' title='bbox 1425 3602 1717 3687; x_wconf 83' lang='lat' dir='ltr'><strong>indignis</strong></span> <span class='ocrx_word' id='word_1_269' title='bbox 1759 3611 2109 3668; x_wconf 89' lang='lat' dir='ltr'><strong>tractatum</strong></span> <span class='ocrx_word' id='word_1_270' title='bbox 2163 3601 2376 3668; x_wconf 89' lang='lat' dir='ltr'><strong>modis</strong></span> <span class='ocrx_word' id='word_1_271' title='bbox 2416 3611 2565 3686; x_wconf 91' lang='lat' dir='ltr'><strong>post</strong></span> 
     </span>
     <span class='ocr_line' id='line_1_38' title="bbox 624 3689 2563 3772; baseline -0.004 -13"><span class='ocrx_word' id='word_1_272' title='bbox 624 3692 915 3772; x_wconf 80' lang='lat' dir='ltr'><strong>vincula,</strong></span> <span class='ocrx_word' id='word_1_273' title='bbox 954 3690 1027 3755; x_wconf 92' lang='lat' dir='ltr'><strong>in</strong></span> <span class='ocrx_word' id='word_1_274' title='bbox 1070 3690 1376 3756; x_wconf 87' lang='lat' dir='ltr'><strong>solatium</strong></span> <span class='ocrx_word' id='word_1_275' title='bbox 1409 3709 1567 3755; x_wconf 89' lang='lat' dir='ltr'><strong>suae</strong></span> <span class='ocrx_word' id='word_1_276' title='bbox 1603 3690 1950 3767; x_wconf 87' lang='lat' dir='ltr'><strong>caecitatis,</strong></span> <span class='ocrx_word' id='word_1_277' title='bbox 1995 3691 2063 3754; x_wconf 91' lang='lat' dir='ltr'><strong>in</strong></span> <span class='ocrx_word' id='word_1_278' title='bbox 2107 3689 2414 3755; x_wconf 76' lang='lat' dir='ltr'><strong>exsilium</strong></span> <span class='ocrx_word' id='word_1_279' title='bbox 2458 3708 2563 3752; x_wconf 91' lang='lat' dir='ltr'><strong>re-</strong></span> 
     </span>
     <span class='ocr_line' id='line_1_39' title="bbox 623 3775 2563 3863; baseline -0.003 -18"><span class='ocrx_word' id='word_1_280' title='bbox 623 3779 949 3863; x_wconf 87' lang='lat' dir='ltr'><strong>legarunt,</strong></span> <span class='ocrx_word' id='word_1_281' title='bbox 987 3776 1172 3841; x_wconf 89' lang='lat' dir='ltr'><strong>nulla</strong></span> <span class='ocrx_word' id='word_1_282' title='bbox 1214 3777 1352 3840; x_wconf 91' lang='lat' dir='ltr'><strong>eius</strong></span> <span class='ocrx_word' id='word_1_283' title='bbox 1395 3776 1793 3859; x_wconf 88' lang='lat' dir='ltr'><strong>paupertatis</strong></span> <span class='ocrx_word' id='word_1_284' title='bbox 1825 3775 2227 3841; x_wconf 89' lang='lat' dir='ltr'><strong>infirmitatis</strong></span> <span class='ocrx_word' id='word_1_285' title='bbox 2268 3781 2336 3840; x_wconf 94' lang='lat' dir='ltr'><strong>et</strong></span> <span class='ocrx_word' id='word_1_286' title='bbox 2368 3775 2563 3839; x_wconf 91' lang='lat' dir='ltr'><strong>mise-</strong></span> 
     </span>
     <span class='ocr_line' id='line_1_40' title="bbox 624 3859 2565 3945; baseline -0.002 -16"><span class='ocrx_word' id='word_1_287' title='bbox 624 3865 873 3929; x_wconf 84' lang='lat' dir='ltr'><strong>riarum</strong></span> <span class='ocrx_word' id='word_1_288' title='bbox 915 3862 1139 3927; x_wconf 89' lang='lat' dir='ltr'><strong>habita</strong></span> <span class='ocrx_word' id='word_1_289' title='bbox 1171 3862 1437 3941; x_wconf 89' lang='lat' dir='ltr'><strong>ratione,</strong></span> <span class='ocrx_word' id='word_1_290' title='bbox 1482 3872 1549 3926; x_wconf 90' lang='lat' dir='ltr'><strong>et</strong></span> <span class='ocrx_word' id='word_1_291' title='bbox 1589 3859 1885 3927; x_wconf 90' lang='lat' dir='ltr'><strong>laborum</strong></span> <span class='ocrx_word' id='word_1_292' title='bbox 1927 3861 2163 3945; x_wconf 89' lang='lat' dir='ltr'><strong>quibus</strong></span> <span class='ocrx_word' id='word_1_293' title='bbox 2209 3862 2313 3926; x_wconf 84' lang='lat' dir='ltr'><strong>vir</strong></span> <span class='ocrx_word' id='word_1_294' title='bbox 2355 3860 2565 3926; x_wconf 88' lang='lat' dir='ltr'><strong>bonus</strong></span> 
     </span>
     <span class='ocr_line' id='line_1_41' title="bbox 625 3947 2565 4033; baseline -0.002 -18"><span class='ocrx_word' id='word_1_295' title='bbox 625 3970 699 4017; x_wconf 88' lang='lat' dir='ltr'><strong>se</strong></span> <span class='ocrx_word' id='word_1_296' title='bbox 739 3949 956 4033; x_wconf 87' lang='lat' dir='ltr'><strong>ipsum</strong></span> <span class='ocrx_word' id='word_1_297' title='bbox 998 3968 1203 4031; x_wconf 89' lang='lat' dir='ltr'><strong>paene</strong></span> <span class='ocrx_word' id='word_1_298' title='bbox 1246 3948 1655 4013; x_wconf 80' lang='lat' dir='ltr'><strong>exhauserat.</strong></span> <span class='ocrx_word' id='word_1_299' title='bbox 1723 3947 2115 4013; x_wconf 89' lang='lat' dir='ltr'><strong>Perscribite</strong></span> <span class='ocrx_word' id='word_1_300' title='bbox 2148 3948 2366 4013; x_wconf 87' lang='lat' dir='ltr'><strong>omnia</strong></span> <span class='ocrx_word' id='word_1_301' title='bbox 2400 3967 2565 4029; x_wconf 89' lang='lat' dir='ltr'><strong>quae</strong></span> 
     </span>
     <span class='ocr_line' id='line_1_42' title="bbox 627 4032 2566 4116; baseline -0.003 -14"><span class='ocrx_word' id='word_1_302' title='bbox 627 4034 815 4103; x_wconf 77' lang='lat' dir='ltr'><strong>vobis</strong></span> <span class='ocrx_word' id='word_1_303' title='bbox 848 4034 992 4099; x_wconf 80' lang='lat' dir='ltr'><strong>visa</strong></span> <span class='ocrx_word' id='word_1_304' title='bbox 1024 4032 1267 4098; x_wconf 87' lang='lat' dir='ltr'><strong>fuerint</strong></span> <span class='ocrx_word' id='word_1_305' title='bbox 1301 4054 1564 4100; x_wconf 89' lang='lat' dir='ltr'><strong>cessura</strong></span> <span class='ocrx_word' id='word_1_306' title='bbox 1584 4033 1656 4097; x_wconf 92' lang='lat' dir='ltr'><strong>in</strong></span> <span class='ocrx_word' id='word_1_307' title='bbox 1676 4033 1952 4116; x_wconf 89' lang='lat' dir='ltr'><strong>gloriam</strong></span> <span class='ocrx_word' id='word_1_308' title='bbox 1975 4032 2242 4099; x_wconf 84' lang='lat' dir='ltr'><strong>Christi.</strong></span> <span class='ocrx_word' id='word_1_309' title='bbox 2287 4032 2566 4098; x_wconf 82' lang='lat' dir='ltr'><strong>Minime</strong></span> 
     </span>
     <span class='ocr_line' id='line_1_43' title="bbox 632 4118 2563 4202; baseline -0.002 -16"><span class='ocrx_word' id='word_1_310' title='bbox 632 4119 898 4187; x_wconf 90' lang='lat' dir='ltr'><strong>dubium</strong></span> <span class='ocrx_word' id='word_1_311' title='bbox 975 4126 1074 4183; x_wconf 88' lang='lat' dir='ltr'><strong>est</strong></span> <span class='ocrx_word' id='word_1_312' title='bbox 1153 4119 1313 4202; x_wconf 89' lang='lat' dir='ltr'><strong>quin</strong></span> <span class='ocrx_word' id='word_1_313' title='bbox 1387 4118 1691 4184; x_wconf 89' lang='lat' dir='ltr'><strong>lubenter</strong></span> <span class='ocrx_word' id='word_1_314' title='bbox 1765 4140 1882 4201; x_wconf 90' lang='lat' dir='ltr'><strong>per</strong></span> <span class='ocrx_word' id='word_1_315' title='bbox 1965 4120 2187 4184; x_wconf 91' lang='lat' dir='ltr'><strong>omnia</strong></span> <span class='ocrx_word' id='word_1_316' title='bbox 2272 4128 2563 4185; x_wconf 81' lang='lat' dir='ltr'><strong>vestrum</strong></span> 
     </span>
     <span class='ocr_line' id='line_1_44' title="bbox 629 4204 2567 4287; baseline -0.002 -15"><span class='ocrx_word' id='word_1_317' title='bbox 629 4215 789 4272; x_wconf 91' lang='lat' dir='ltr'><strong>sunt</strong></span> <span class='ocrx_word' id='word_1_318' title='bbox 812 4207 893 4279; x_wconf 80' lang='lat'><strong>¹⁵)</strong></span> <span class='ocrx_word' id='word_1_319' title='bbox 938 4204 1279 4270; x_wconf 89' lang='lat' dir='ltr'><strong>consilium</strong></span> <span class='ocrx_word' id='word_1_320' title='bbox 1322 4204 1703 4287; x_wconf 86' lang='lat' dir='ltr'><strong>amplexuri.</strong></span> <span class='ocrx_word' id='word_1_321' title='bbox 1792 4204 2046 4282; x_wconf 88' lang='lat' dir='ltr'><strong>Valete,</strong></span> <span class='ocrx_word' id='word_1_322' title='bbox 2090 4205 2325 4271; x_wconf 86' lang='lat' dir='ltr'><strong>fratres</strong></span> <span class='ocrx_word' id='word_1_323' title='bbox 2370 4204 2567 4269; x_wconf 89' lang='lat' dir='ltr'><strong>dilec-</strong></span> 
     </span>
     <span class='ocr_line' id='line_1_45' title="bbox 631 4289 2569 4373; baseline -0.001 -17"><span class='ocrx_word' id='word_1_324' title='bbox 631 4291 869 4356; x_wconf 85' lang='lat' dir='ltr'><strong>tissimi</strong></span> <span class='ocrx_word' id='word_1_325' title='bbox 912 4298 976 4353; x_wconf 90' lang='lat' dir='ltr'><strong>et</strong></span> <span class='ocrx_word' id='word_1_326' title='bbox 1034 4298 1254 4373; x_wconf 89' lang='lat' dir='ltr'><strong>patres</strong></span> <span class='ocrx_word' id='word_1_327' title='bbox 1297 4289 1702 4367; x_wconf 79' lang='lat' dir='ltr'><strong>observandi,</strong></span> <span class='ocrx_word' id='word_1_328' title='bbox 1746 4299 1811 4355; x_wconf 91' lang='lat' dir='ltr'><strong>et</strong></span> <span class='ocrx_word' id='word_1_329' title='bbox 1852 4290 2029 4356; x_wconf 88' lang='lat' dir='ltr'><strong>illius</strong></span> <span class='ocrx_word' id='word_1_330' title='bbox 2072 4289 2216 4356; x_wconf 90' lang='lat' dir='ltr'><strong>sitis</strong></span> <span class='ocrx_word' id='word_1_331' title='bbox 2259 4289 2569 4357; x_wconf 90' lang='lat' dir='ltr'><strong>ecclesiae</strong></span> 
     </span>
     <span class='ocr_line' id='line_1_46' title="bbox 631 4376 2570 4455; baseline -0.002 -13"><span class='ocrx_word' id='word_1_332' title='bbox 631 4396 953 4442; x_wconf 90' lang='lat' dir='ltr'><strong>memores</strong></span> <span class='ocrx_word' id='word_1_333' title='bbox 1016 4377 1200 4441; x_wconf 90' lang='lat' dir='ltr'><strong>cuius</strong></span> <span class='ocrx_word' id='word_1_334' title='bbox 1273 4395 1464 4443; x_wconf 90' lang='lat' dir='ltr'><strong>casus</strong></span> <span class='ocrx_word' id='word_1_335' title='bbox 1527 4398 1755 4442; x_wconf 89' lang='lat' dir='ltr'><strong>caecus</strong></span> <span class='ocrx_word' id='word_1_336' title='bbox 1787 4378 1866 4455; x_wconf 80' lang='lat'><strong>¹⁶)</strong></span> <span class='ocrx_word' id='word_1_337' title='bbox 1933 4377 2293 4442; x_wconf 90' lang='lat' dir='ltr'><strong>multarum</strong></span> <span class='ocrx_word' id='word_1_338' title='bbox 2363 4376 2570 4442; x_wconf 90' lang='lat' dir='ltr'><strong>trahit</strong></span> 
     </span>
    </p>
   </div>
   <div class='ocr_carea' id='block_1_3' title="bbox 631 4598 1037 4609">
    <p class='ocr_par' dir='ltr' id='par_1_3' title="bbox 631 4598 1037 4609">
     <span class='ocr_line' id='line_1_47' title="bbox 631 4598 1037 4609; baseline 0 1558"><span class='ocrx_word' id='word_1_339' title='bbox 631 4598 1037 4609; x_wconf 95' lang='lat' dir='ltr'><strong> </strong></span> 
     </span>
    </p>
   </div>
   <div class='ocr_carea' id='block_1_4' title="bbox 837 4750 2501 5238">
    <p class='ocr_par' dir='ltr' id='par_1_4' title="bbox 837 4750 2501 4955">
     <span class='ocr_line' id='line_1_48' title="bbox 837 4750 2501 4891; baseline -0.001 -82"><span class='ocrx_word' id='word_1_340' title='bbox 837 4751 929 4889; x_wconf 48' lang='lat'><strong>{33</strong></span> <span class='ocrx_word' id='word_1_341' title='bbox 963 4750 1333 4891; x_wconf 43' lang='lat' dir='ltr'><strong>{gmur</strong></span> <span class='ocrx_word' id='word_1_342' title='bbox 1364 4754 1477 4810; x_wconf 76' lang='lat' dir='ltr'><strong>vel:</strong></span> <span class='ocrx_word' id='word_1_343' title='bbox 1512 4754 1705 4823; x_wconf 76' lang='lat' dir='ltr'><strong>quoad,</strong></span> <span class='ocrx_word' id='word_1_344' title='bbox 1741 4754 1825 4811; x_wconf 80' lang='lat' dir='ltr'><strong>vel</strong></span> <span class='ocrx_word' id='word_1_345' title='bbox 1832 4772 1851 4807; x_wconf 91' lang='grc'><strong>.·</strong></span> <span class='ocrx_word' id='word_1_346' title='bbox 1887 4755 2143 4810; x_wconf 81' lang='lat' dir='ltr'><strong>Praestiti</strong></span> <span class='ocrx_word' id='word_1_347' title='bbox 2175 4755 2501 4824; x_wconf 63' lang='lat' dir='ltr'><strong>legendum]</strong></span> 
     </span>
     <span class='ocr_line' id='line_1_49' title="bbox 840 4888 1252 4955; baseline 0.007 -14"><span class='ocrx_word' id='word_1_348' title='bbox 840 4888 931 4955; x_wconf 81' lang='lat'><strong>12)</strong></span> <span class='ocrx_word' id='word_1_349' title='bbox 971 4892 1252 4944; x_wconf 73' lang='lat' dir='ltr'><strong>obtestor?</strong></span> 
     </span>
    </p>

    <p class='ocr_par' dir='ltr' id='par_1_5' title="bbox 844 4959 1160 5024">
     <span class='ocr_line' id='line_1_50' title="bbox 844 4959 1160 5024; baseline 0.009 -15"><span class='ocrx_word' id='word_1_350' title='bbox 844 4959 935 5024; x_wconf 89' lang='lat'><strong>13)</strong></span> <span class='ocrx_word' id='word_1_351' title='bbox 970 4962 1160 5012; x_wconf 72' lang='lat' dir='ltr'><strong>sacro?</strong></span> 
     </span>
    </p>

    <p class='ocr_par' dir='ltr' id='par_1_6' title="bbox 841 5026 2261 5164">
     <span class='ocr_line' id='line_1_51' title="bbox 841 5026 2261 5164; baseline 0.004 -83"><span class='ocrx_word' id='word_1_352' title='bbox 841 5026 933 5164; x_wconf 43' lang='grc' dir='ltr'><strong>ἐξ</strong></span> <span class='ocrx_word' id='word_1_353' title='bbox 965 5027 1085 5150; x_wconf 54' lang='lat' dir='ltr'><strong>zoe}</strong></span> <span class='ocrx_word' id='word_1_354' title='bbox 1111 5027 1236 5083; x_wconf 77' lang='lat' dir='ltr'><strong>vide</strong></span> <span class='ocrx_word' id='word_1_355' title='bbox 1267 5045 1347 5083; x_wconf 71' lang='lat' dir='ltr'><strong>an</strong></span> <span class='ocrx_word' id='word_1_356' title='bbox 1377 5028 1660 5097; x_wconf 64' lang='lat' dir='ltr'><strong>legendum</strong></span> <span class='ocrx_word' id='word_1_357' title='bbox 1692 5029 1799 5084; x_wconf 74' lang='lat' dir='ltr'><strong>eit:</strong></span> <span class='ocrx_word' id='word_1_358' title='bbox 1830 5030 2261 5100; x_wconf 75' lang='lat' dir='ltr'><strong>deieraruntquc.</strong></span> 
     </span>
    </p>

    <p class='ocr_par' dir='ltr' id='par_1_7' title="bbox 844 5164 2376 5238">
     <span class='ocr_line' id='line_1_52' title="bbox 844 5164 2376 5238; baseline 0.003 -20"><span class='ocrx_word' id='word_1_359' title='bbox 844 5164 931 5227; x_wconf 83' lang='lat'><strong>16)</strong></span> <span class='ocrx_word' id='word_1_360' title='bbox 967 5166 1235 5221; x_wconf 74' lang='lat' dir='ltr'><strong>Simlerus</strong></span> <span class='ocrx_word' id='word_1_361' title='bbox 1269 5167 1399 5221; x_wconf 71' lang='lat' dir='ltr'><strong>bene</strong></span> <span class='ocrx_word' id='word_1_362' title='bbox 1431 5168 1653 5224; x_wconf 60' lang='lat' dir='ltr'><strong>conticit</strong></span> <span class='ocrx_word' id='word_1_363' title='bbox 1685 5167 1968 5238; x_wconf 56' lang='lat' dir='ltr'><strong>leq-endum</strong></span> <span class='ocrx_word' id='word_1_364' title='bbox 2001 5184 2141 5224; x_wconf 67' lang='lat' dir='ltr'><strong>ecce:</strong></span> <span class='ocrx_word' id='word_1_365' title='bbox 2179 5185 2376 5223; x_wconf 84' lang='lat' dir='ltr'><strong>secum.</strong></span> 
     </span>
    </p>
   </div>
   <div class='ocr_carea' id='block_1_5' title="bbox 2595 601 2631 5369">
    <p class='ocr_par' dir='ltr' id='par_1_8' title="bbox 2595 601 2631 5369">
     <span class='ocr_line' id='line_1_53' title="bbox 2595 601 2631 5369; baseline 0 0"><span class='ocrx_word' id='word_1_366' title='bbox 2595 601 2631 5369; x_wconf 95' lang='lat' dir='ltr'><strong> </strong></span> 
     </span>
    </p>
   </div>
   <div class='ocr_carea' id='block_1_6' title="bbox 2646 584 4588 673">
    <p class='ocr_par' dir='ltr' id='par_1_9' title="bbox 2646 584 4588 673">
     <span class='ocr_line' id='line_1_54' title="bbox 2646 584 4588 673; baseline -0.006 -13"><span class='ocrx_word' id='word_1_367' title='bbox 2646 595 2939 672; x_wconf 90' lang='lat' dir='ltr'><strong>ruinam,</strong></span> <span class='ocrx_word' id='word_1_368' title='bbox 3021 593 3207 659; x_wconf 89' lang='lat' dir='ltr'><strong>cuins</strong></span> <span class='ocrx_word' id='word_1_369' title='bbox 3301 612 3639 658; x_wconf 87' lang='lat' dir='ltr'><strong>successus</strong></span> <span class='ocrx_word' id='word_1_370' title='bbox 3731 597 3799 656; x_wconf 90' lang='lat' dir='ltr'><strong>et</strong></span> <span class='ocrx_word' id='word_1_371' title='bbox 3870 589 4195 673; x_wconf 85' lang='lat' dir='ltr'><strong>profectus</strong></span> <span class='ocrx_word' id='word_1_372' title='bbox 4272 584 4588 652; x_wconf 87' lang='lat' dir='ltr'><strong>latissime</strong></span> 
     </span>
    </p>
   </div>
   <div class='ocr_carea' id='block_1_7' title="bbox 2609 671 4420 760">
    <p class='ocr_par' dir='ltr' id='par_1_10' title="bbox 2609 671 4420 760">
     <span class='ocr_line' id='line_1_55' title="bbox 2609 671 4420 760; baseline -0.006 -14"><span class='ocrx_word' id='word_1_373' title='bbox 2609 728 2616 739; x_wconf 59' lang='grc'>,</span> <span class='ocrx_word' id='word_1_374' title='bbox 2648 679 3053 745; x_wconf 87' lang='lat' dir='ltr'><strong>diffunditur.</strong></span> <span class='ocrx_word' id='word_1_375' title='bbox 3143 677 3455 744; x_wconf 79' lang='lat' dir='ltr'><strong>Genevae</strong></span> <span class='ocrx_word' id='word_1_376' title='bbox 3498 677 3801 742; x_wconf 87' lang='lat' dir='ltr'><strong>vicesimo</strong></span> <span class='ocrx_word' id='word_1_377' title='bbox 3836 675 4112 760; x_wconf 89' lang='lat' dir='ltr'><strong>septimo</strong></span> <span class='ocrx_word' id='word_1_378' title='bbox 4154 671 4420 757; x_wconf 89' lang='lat' dir='ltr'><strong>Aprilis.</strong></span> 
     </span>
    </p>
   </div>
   <div class='ocr_carea' id='block_1_8' title="bbox 3624 813 4586 962">
    <p class='ocr_par' dir='ltr' id='par_1_11' title="bbox 3624 813 4586 962">
     <span class='ocr_line' id='line_1_56' title="bbox 3624 813 4180 878; baseline -0.009 0"><span class='ocrx_word' id='word_1_379' title='bbox 3624 813 3867 878; x_wconf 87' lang='lat' dir='ltr'><strong>Vester</strong></span> <span class='ocrx_word' id='word_1_380' title='bbox 3909 832 3991 876; x_wconf 89' lang='lat' dir='ltr'><strong>ex</strong></span> <span class='ocrx_word' id='word_1_381' title='bbox 4036 830 4180 874; x_wconf 88' lang='lat' dir='ltr'><strong>asse</strong></span> 
     </span>
     <span class='ocr_line' id='line_1_57' title="bbox 4008 893 4586 962; baseline -0.003 0"><span class='ocrx_word' id='word_1_382' title='bbox 4008 897 4251 962; x_wconf 89' lang='lat' dir='ltr'><strong>Petrus</strong></span> <span class='ocrx_word' id='word_1_383' title='bbox 4293 893 4586 961; x_wconf 87' lang='lat' dir='ltr'><strong>Viretus.</strong></span> 
     </span>
    </p>
   </div>
   <div class='ocr_carea' id='block_1_9' title="bbox 3423 1159 3822 1167">
    <p class='ocr_par' dir='ltr' id='par_1_12' title="bbox 3423 1159 3822 1167">
     <span class='ocr_line' id='line_1_58' title="bbox 3423 1159 3822 1167; baseline -0.003 0"><span class='ocrx_word' id='word_1_384' title='bbox 3423 1159 3822 1167; x_wconf 48' lang='grc' dir='ltr'><strong>ῳ..-</strong></span> 
     </span>
    </p>
   </div>
   <div class='ocr_carea' id='block_1_10' title="bbox 3112 1342 4126 1548">
    <p class='ocr_par' dir='ltr' id='par_1_13' title="bbox 3112 1342 4126 1548">
     <span class='ocr_line' id='line_1_59' title="bbox 3539 1342 3692 1413; baseline 0.007 -2"><span class='ocrx_word' id='word_1_385' title='bbox 3539 1342 3692 1413; x_wconf 78' lang='lat'><strong>3⁰5.</strong></span> 
     </span>
     <span class='ocr_line' id='line_1_60' title="bbox 3112 1477 4126 1548; baseline -0.004 0"><span class='ocrx_word' id='word_1_386' title='bbox 3112 1479 3606 1548; x_wconf 76' lang='lat' dir='ltr'>BEDROTUS</span> <span class='ocrx_word' id='word_1_387' title='bbox 3653 1477 4126 1546; x_wconf 78' lang='lat' dir='ltr'><strong>GRYNAEO.</strong></span> 
     </span>
    </p>
   </div>
   <div class='ocr_carea' id='block_1_11' title="bbox 2652 1647 4596 1808">
    <p class='ocr_par' dir='ltr' id='par_1_14' title="bbox 2652 1647 4596 1808">
     <span class='ocr_line' id='line_1_61' title="bbox 2827 1647 4596 1732; baseline -0.003 -13"><span class='ocrx_word' id='word_1_388' title='bbox 2827 1654 3191 1720; x_wconf 79' lang='lat' dir='ltr'><strong>Novissima</strong></span> <span class='ocrx_word' id='word_1_389' title='bbox 3231 1652 3556 1731; x_wconf 71' lang='lat' dir='ltr'><strong>militaria,</strong></span> <span class='ocrx_word' id='word_1_390' title='bbox 3599 1652 3904 1729; x_wconf 70' lang='lat' dir='ltr'><strong>literaria,</strong></span> <span class='ocrx_word' id='word_1_391' title='bbox 3934 1651 4212 1732; x_wconf 80' lang='lat' dir='ltr'><strong>politica,</strong></span> <span class='ocrx_word' id='word_1_392' title='bbox 4255 1652 4326 1714; x_wconf 77' lang='lat' dir='ltr'><strong>in</strong></span> <span class='ocrx_word' id='word_1_393' title='bbox 4367 1647 4596 1731; x_wconf 63' lang='lat' dir='ltr'><strong>quibus</strong></span> 
     </span>
     <span class='ocr_line' id='line_1_62' title="bbox 2652 1736 4219 1808; baseline -0.006 0"><span class='ocrx_word' id='word_1_394' title='bbox 2652 1748 2711 1808; x_wconf 82' lang='lat' dir='ltr'><strong>et</strong></span> <span class='ocrx_word' id='word_1_395' title='bbox 2754 1741 3017 1806; x_wconf 65' lang='lat' dir='ltr'><strong>Lethen·</strong></span> <span class='ocrx_word' id='word_1_396' title='bbox 3051 1745 3106 1804; x_wconf 78' lang='lat' dir='ltr'><strong>et</strong></span> <span class='ocrx_word' id='word_1_397' title='bbox 3152 1737 3399 1803; x_wconf 79' lang='lat' dir='ltr'><strong>Calvini</strong></span> <span class='ocrx_word' id='word_1_398' title='bbox 3441 1743 3705 1803; x_wconf 78' lang='lat' dir='ltr'><strong>recentes</strong></span> <span class='ocrx_word' id='word_1_399' title='bbox 3749 1736 4219 1802; x_wconf 78' lang='lat' dir='ltr'><strong>lucubrationes.</strong></span> 
     </span>
    </p>
   </div>
   <div class='ocr_carea' id='block_1_12' title="bbox 2657 1904 4595 2048">
    <p class='ocr_par' dir='ltr' id='par_1_15' title="bbox 2657 1904 4595 2048">
     <span class='ocr_line' id='line_1_63' title="bbox 2657 1904 4595 2032; baseline -0.005 -66"><span class='ocrx_word' id='word_1_400' title='bbox 2657 1914 2763 1980; x_wconf 81' lang='lat' dir='ltr'><strong>(Ex</strong></span> <span class='ocrx_word' id='word_1_401' title='bbox 2799 1908 3135 2032; x_wconf 63' lang='lat' dir='ltr'><strong>autograEpho</strong></span> <span class='ocrx_word' id='word_1_402' title='bbox 3171 1907 3529 1962; x_wconf 80' lang='lat' dir='ltr'><strong>bibliothecae</strong></span> <span class='ocrx_word' id='word_1_403' title='bbox 3564 1908 3764 1961; x_wconf 83' lang='lat' dir='ltr'><strong>civicae</strong></span> <span class='ocrx_word' id='word_1_404' title='bbox 3785 1907 3974 1989; x_wconf 52' lang='lat' dir='ltr'><strong>sturio.</strong></span> <span class='ocrx_word' id='word_1_405' title='bbox 4043 1908 4194 1960; x_wconf 80' lang='lat' dir='ltr'><strong>MSS.</strong></span> <span class='ocrx_word' id='word_1_406' title='bbox 4230 1908 4290 1960; x_wconf 86' lang='lat' dir='ltr'><strong>F.</strong></span> <span class='ocrx_word' id='word_1_407' title='bbox 4325 1904 4413 1960; x_wconf 79' lang='lat'><strong>80.</strong></span> <span class='ocrx_word' id='word_1_408' title='bbox 4449 1906 4595 1960; x_wconf 86' lang='lat' dir='ltr'><strong>olim.</strong></span> 
     </span>
     <span class='ocr_line' id='line_1_64' title="bbox 3059 1974 4250 2048; baseline -0.001 -19"><span class='ocrx_word' id='word_1_409' title='bbox 3059 1995 3148 2048; x_wconf 89' lang='lat' dir='ltr'><strong>pp.</strong></span> <span class='ocrx_word' id='word_1_410' title='bbox 3184 1979 3243 2031; x_wconf 88' lang='grc' dir='ltr'><strong>Τ.</strong></span> <span class='ocrx_word' id='word_1_411' title='bbox 3279 1976 3454 2030; x_wconf 86' lang='lat' dir='ltr'><strong>XLV.</strong></span> <span class='ocrx_word' id='word_1_412' title='bbox 3490 1994 3549 2046; x_wconf 88' lang='lat' dir='ltr'><strong>p.</strong></span> <span class='ocrx_word' id='word_1_413' title='bbox 3583 1974 3670 2030; x_wconf 83' lang='lat'><strong>38.</strong></span> <span class='ocrx_word' id='word_1_414' title='bbox 3743 1976 3939 2030; x_wconf 76' lang='lat' dir='ltr'><strong>Simler</strong></span> <span class='ocrx_word' id='word_1_415' title='bbox 3974 1976 4101 2031; x_wconf 86' lang='lat' dir='ltr'><strong>Vol.</strong></span> <span class='ocrx_word' id='word_1_416' title='bbox 4134 1975 4250 2042; x_wconf 85' lang='lat'><strong>49.)</strong></span> 
     </span>
    </p>
   </div>
   <div class='ocr_carea' id='block_1_13' title="bbox 2827 2164 4426 2333">
    <p class='ocr_par' dir='ltr' id='par_1_16' title="bbox 2827 2164 4426 2333">
     <span class='ocr_line' id='line_1_65' title="bbox 2827 2164 4294 2250; baseline -0.003 -16"><span class='ocrx_word' id='word_1_417' title='bbox 2827 2170 3019 2234; x_wconf 88' lang='lat' dir='ltr'><strong>Dom.</strong></span> <span class='ocrx_word' id='word_1_418' title='bbox 3066 2164 3324 2232; x_wconf 79' lang='lat' dir='ltr'><strong>Simoni</strong></span> <span class='ocrx_word' id='word_1_419' title='bbox 3364 2164 3676 2250; x_wconf 81' lang='lat' dir='ltr'><strong>Grynaeo</strong></span> <span class='ocrx_word' id='word_1_420' title='bbox 3721 2186 3842 2230; x_wconf 91' lang='lat' dir='ltr'><strong>suo</strong></span> <span class='ocrx_word' id='word_1_421' title='bbox 3886 2165 4294 2232; x_wconf 90' lang='lat' dir='ltr'><strong>amicissimo.</strong></span> 
     </span>
     <span class='ocr_line' id='line_1_66' title="bbox 4109 2267 4426 2333; baseline -0.003 -1"><span class='ocrx_word' id='word_1_422' title='bbox 4109 2267 4426 2333; x_wconf 87' lang='lat' dir='ltr'><strong>Basileae.</strong></span> 
     </span>
    </p>
   </div>
   <div class='ocr_carea' id='block_1_14' title="bbox 2659 2404 4617 4634">
    <p class='ocr_par' dir='ltr' id='par_1_17' title="bbox 2659 2404 4617 4634">
     <span class='ocr_line' id='line_1_67' title="bbox 2832 2404 4602 2488; baseline -0.002 -16"><span class='ocrx_word' id='word_1_423' title='bbox 2832 2406 2903 2472; x_wconf 81' lang='lat' dir='ltr'><strong>S.</strong></span> <span class='ocrx_word' id='word_1_424' title='bbox 2948 2407 3033 2471; x_wconf 90' lang='lat' dir='ltr'><strong>D.</strong></span> <span class='ocrx_word' id='word_1_425' title='bbox 3120 2405 3186 2470; x_wconf 90' lang='lat' dir='ltr'>A</span> <span class='ocrx_word' id='word_1_426' title='bbox 3228 2404 3561 2488; x_wconf 86' lang='lat' dir='ltr'><strong>proximis,</strong></span> <span class='ocrx_word' id='word_1_427' title='bbox 3607 2426 3884 2487; x_wconf 89' lang='lat' dir='ltr'><strong>quarum</strong></span> <span class='ocrx_word' id='word_1_428' title='bbox 3941 2404 4025 2469; x_wconf 88' lang='lat' dir='ltr'><strong>ad</strong></span> <span class='ocrx_word' id='word_1_429' title='bbox 4067 2412 4132 2469; x_wconf 89' lang='lat' dir='ltr'><strong>te</strong></span> <span class='ocrx_word' id='word_1_430' title='bbox 4176 2404 4324 2469; x_wconf 88' lang='lat' dir='ltr'><strong>misi</strong></span> <span class='ocrx_word' id='word_1_431' title='bbox 4382 2424 4602 2468; x_wconf 89' lang='lat' dir='ltr'><strong>exem·</strong></span> 
     </span>
     <span class='ocr_line' id='line_1_68' title="bbox 2660 2488 4601 2577; baseline -0.001 -19"><span class='ocrx_word' id='word_1_432' title='bbox 2660 2494 2842 2577; x_wconf 92' lang='lat' dir='ltr'><strong>plum</strong></span> <span class='ocrx_word' id='word_1_433' title='bbox 2861 2544 2876 2569; x_wconf 89' lang='lat'><strong>,</strong></span> <span class='ocrx_word' id='word_1_434' title='bbox 2936 2491 3151 2556; x_wconf 89' lang='lat' dir='ltr'><strong>nullas</strong></span> <span class='ocrx_word' id='word_1_435' title='bbox 3206 2490 3458 2555; x_wconf 91' lang='lat' dir='ltr'><strong>interea</strong></span> <span class='ocrx_word' id='word_1_436' title='bbox 3515 2489 3836 2555; x_wconf 88' lang='lat' dir='ltr'><strong>dederunt</strong></span> <span class='ocrx_word' id='word_1_437' title='bbox 3889 2490 3973 2554; x_wconf 88' lang='lat' dir='ltr'><strong>ad</strong></span> <span class='ocrx_word' id='word_1_438' title='bbox 4030 2510 4149 2555; x_wconf 89' lang='lat' dir='ltr'><strong>nos</strong></span> <span class='ocrx_word' id='word_1_439' title='bbox 4193 2511 4277 2555; x_wconf 90' lang='lat' dir='ltr'><strong>ex</strong></span> <span class='ocrx_word' id='word_1_440' title='bbox 4319 2488 4601 2556; x_wconf 90' lang='lat' dir='ltr'><strong>comitiis</strong></span> 
     </span>
     <span class='ocr_line' id='line_1_69' title="bbox 2660 2575 4601 2645; baseline -0.002 0"><span class='ocrx_word' id='word_1_441' title='bbox 2660 2581 2883 2645; x_wconf 89' lang='lat' dir='ltr'><strong>nostri.</strong></span> <span class='ocrx_word' id='word_1_442' title='bbox 2971 2575 3053 2642; x_wconf 95' lang='lat' dir='ltr'><strong>Id</strong></span> <span class='ocrx_word' id='word_1_443' title='bbox 3094 2598 3212 2642; x_wconf 90' lang='lat' dir='ltr'><strong>cur</strong></span> <span class='ocrx_word' id='word_1_444' title='bbox 3254 2576 3495 2641; x_wconf 87' lang='lat' dir='ltr'><strong>faciant</strong></span> <span class='ocrx_word' id='word_1_445' title='bbox 3535 2577 3855 2640; x_wconf 86' lang='lat' dir='ltr'><strong>miramur</strong></span> <span class='ocrx_word' id='word_1_446' title='bbox 3896 2597 4121 2641; x_wconf 90' lang='lat' dir='ltr'><strong>omnes</strong></span> <span class='ocrx_word' id='word_1_447' title='bbox 4155 2576 4601 2641; x_wconf 85' lang='lat' dir='ltr'><strong>vehementer.</strong></span> 
     </span>
     <span class='ocr_line' id='line_1_70' title="bbox 2660 2660 4601 2746; baseline -0.002 -16"><span class='ocrx_word' id='word_1_448' title='bbox 2660 2669 2800 2731; x_wconf 87' lang='lat' dir='ltr'><strong>Aut</strong></span> <span class='ocrx_word' id='word_1_449' title='bbox 2842 2663 3010 2728; x_wconf 91' lang='lat' dir='ltr'><strong>nihil</strong></span> <span class='ocrx_word' id='word_1_450' title='bbox 3053 2663 3270 2746; x_wconf 87' lang='lat' dir='ltr'><strong>agitur</strong></span> <span class='ocrx_word' id='word_1_451' title='bbox 3313 2661 3393 2726; x_wconf 93' lang='lat' dir='ltr'><strong>de</strong></span> <span class='ocrx_word' id='word_1_452' title='bbox 3433 2682 3559 2744; x_wconf 91' lang='lat' dir='ltr'><strong>quo</strong></span> <span class='ocrx_word' id='word_1_453' title='bbox 3603 2660 3910 2739; x_wconf 86' lang='lat' dir='ltr'><strong>scribant,</strong></span> <span class='ocrx_word' id='word_1_454' title='bbox 3957 2671 4074 2726; x_wconf 89' lang='lat' dir='ltr'><strong>aut</strong></span> <span class='ocrx_word' id='word_1_455' title='bbox 4115 2661 4344 2727; x_wconf 87' lang='lat' dir='ltr'><strong>literae</strong></span> <span class='ocrx_word' id='word_1_456' title='bbox 4395 2661 4601 2727; x_wconf 90' lang='lat' dir='ltr'><strong>inter·</strong></span> 
     </span>
     <span class='ocr_line' id='line_1_71' title="bbox 2659 2747 4600 2835; baseline -0.003 -18"><span class='ocrx_word' id='word_1_457' title='bbox 2659 2753 3011 2835; x_wconf 90' lang='lat' dir='ltr'><strong>cipiuntur.</strong></span> <span class='ocrx_word' id='word_1_458' title='bbox 3099 2749 3574 2831; x_wconf 86' lang='lat' dir='ltr'><strong>Exspectamus</strong></span> <span class='ocrx_word' id='word_1_459' title='bbox 3628 2748 3698 2811; x_wconf 90' lang='lat' dir='ltr'><strong>in</strong></span> <span class='ocrx_word' id='word_1_460' title='bbox 3749 2747 4013 2831; x_wconf 89' lang='lat' dir='ltr'><strong>singula</strong></span> <span class='ocrx_word' id='word_1_461' title='bbox 4054 2755 4384 2813; x_wconf 88' lang='lat' dir='ltr'><strong>momenta</strong></span> <span class='ocrx_word' id='word_1_462' title='bbox 4425 2768 4600 2812; x_wconf 91' lang='lat' dir='ltr'><strong>nun-</strong></span> 
     </span>
     <span class='ocr_line' id='line_1_72' title="bbox 2661 2833 4600 2918; baseline -0.002 -16"><span class='ocrx_word' id='word_1_463' title='bbox 2661 2838 2810 2903; x_wconf 91' lang='lat' dir='ltr'><strong>cios.</strong></span> <span class='ocrx_word' id='word_1_464' title='bbox 2905 2835 3232 2901; x_wconf 79' lang='lat' dir='ltr'><strong>Gerardus</strong></span> <span class='ocrx_word' id='word_1_465' title='bbox 3257 2836 3306 2918; x_wconf 89' lang='lat'><strong>¹)</strong></span> <span class='ocrx_word' id='word_1_466' title='bbox 3362 2833 3475 2898; x_wconf 93' lang='lat' dir='ltr'><strong>ille</strong></span> <span class='ocrx_word' id='word_1_467' title='bbox 3532 2834 3923 2898; x_wconf 89' lang='lat' dir='ltr'><strong>secretarius</strong></span> <span class='ocrx_word' id='word_1_468' title='bbox 3968 2833 4263 2898; x_wconf 90' lang='lat' dir='ltr'><strong>animum</strong></span> <span class='ocrx_word' id='word_1_469' title='bbox 4314 2854 4472 2917; x_wconf 88' lang='lat' dir='ltr'><strong>prae</strong></span> <span class='ocrx_word' id='word_1_470' title='bbox 4529 2853 4600 2899; x_wconf 89' lang='lat' dir='ltr'><strong>se</strong></span> 
     </span>
     <span class='ocr_line' id='line_1_73' title="bbox 2659 2918 4601 3001; baseline -0.003 -13"><span class='ocrx_word' id='word_1_471' title='bbox 2659 2925 2831 2988; x_wconf 87' lang='lat' dir='ltr'><strong>ferre</strong></span> <span class='ocrx_word' id='word_1_472' title='bbox 2905 2921 3141 2987; x_wconf 91' lang='lat' dir='ltr'><strong>dicitur</strong></span> <span class='ocrx_word' id='word_1_473' title='bbox 3218 2940 3411 2985; x_wconf 83' lang='lat' dir='ltr'><strong>verae</strong></span> <span class='ocrx_word' id='word_1_474' title='bbox 3497 2918 3875 2984; x_wconf 85' lang='lat' dir='ltr'><strong>concordiae</strong></span> <span class='ocrx_word' id='word_1_475' title='bbox 3939 2919 4338 3001; x_wconf 90' lang='lat' dir='ltr'><strong>cupidiorem</strong></span> <span class='ocrx_word' id='word_1_476' title='bbox 4406 2939 4601 3001; x_wconf 88' lang='lat' dir='ltr'><strong>quam</strong></span> 
     </span>
     <span class='ocr_line' id='line_1_74' title="bbox 2660 3004 4600 3088; baseline -0.002 -14"><span class='ocrx_word' id='word_1_477' title='bbox 2660 3007 3085 3073; x_wconf 86' lang='lat' dir='ltr'><strong>Wormatiae.</strong></span> <span class='ocrx_word' id='word_1_478' title='bbox 3204 3006 3308 3071; x_wconf 90' lang='lat' dir='ltr'><strong>De</strong></span> <span class='ocrx_word' id='word_1_479' title='bbox 3388 3005 3601 3070; x_wconf 78' lang='lat' dir='ltr'><strong>Turca</strong></span> <span class='ocrx_word' id='word_1_480' title='bbox 3674 3015 4076 3088; x_wconf 86' lang='lat' dir='ltr'><strong>sparguntur</strong></span> <span class='ocrx_word' id='word_1_481' title='bbox 4139 3004 4600 3071; x_wconf 83' lang='lat' dir='ltr'><strong>diversissima.</strong></span> 
     </span>
     <span class='ocr_line' id='line_1_75' title="bbox 2662 3090 4600 3175; baseline -0.002 -16"><span class='ocrx_word' id='word_1_482' title='bbox 2662 3095 2799 3159; x_wconf 88' lang='lat' dir='ltr'><strong>Alii</strong></span> <span class='ocrx_word' id='word_1_483' title='bbox 2833 3095 3010 3159; x_wconf 91' lang='lat' dir='ltr'><strong>enim</strong></span> <span class='ocrx_word' id='word_1_484' title='bbox 3032 3093 3304 3157; x_wconf 92' lang='lat' dir='ltr'><strong>Pestum</strong></span> <span class='ocrx_word' id='word_1_485' title='bbox 3339 3099 3788 3175; x_wconf 89' lang='lat' dir='ltr'><strong>expugnatum</strong></span> <span class='ocrx_word' id='word_1_486' title='bbox 3812 3112 4164 3174; x_wconf 91' lang='lat' dir='ltr'><strong>omnesque</strong></span> <span class='ocrx_word' id='word_1_487' title='bbox 4186 3090 4600 3157; x_wconf 84' lang='lat' dir='ltr'><strong>Christianos</strong></span> 
     </span>
     <span class='ocr_line' id='line_1_76' title="bbox 2663 3177 4598 3255; baseline -0.003 -9"><span class='ocrx_word' id='word_1_488' title='bbox 2663 3181 2900 3246; x_wconf 86' lang='lat' dir='ltr'><strong>misere</strong></span> <span class='ocrx_word' id='word_1_489' title='bbox 2963 3177 3345 3244; x_wconf 82' lang='lat' dir='ltr'><strong>trucidatos:</strong></span> <span class='ocrx_word' id='word_1_490' title='bbox 3410 3187 3637 3242; x_wconf 88' lang='lat' dir='ltr'><strong>contra</strong></span> <span class='ocrx_word' id='word_1_491' title='bbox 3698 3177 3813 3241; x_wconf 89' lang='lat' dir='ltr'><strong>alii</strong></span> <span class='ocrx_word' id='word_1_492' title='bbox 3877 3185 4254 3242; x_wconf 83' lang='lat' dir='ltr'><strong>asseverant</strong></span> <span class='ocrx_word' id='word_1_493' title='bbox 4332 3179 4598 3255; x_wconf 78' lang='lat' dir='ltr'><strong>Turcas,</strong></span> 
     </span>
     <span class='ocr_line' id='line_1_77' title="bbox 2663 3262 4604 3350; baseline -0.002 -18"><span class='ocrx_word' id='word_1_494' title='bbox 2663 3274 3004 3350; x_wconf 90' lang='lat' dir='ltr'><strong>postquam</strong></span> <span class='ocrx_word' id='word_1_495' title='bbox 3045 3272 3151 3328; x_wconf 91' lang='lat' dir='ltr'><strong>ter</strong></span> <span class='ocrx_word' id='word_1_496' title='bbox 3188 3263 3432 3328; x_wconf 87' lang='lat' dir='ltr'><strong>frustra</strong></span> <span class='ocrx_word' id='word_1_497' title='bbox 3473 3271 3965 3345; x_wconf 87' lang='lat' dir='ltr'><strong>oppugnassent</strong></span> <span class='ocrx_word' id='word_1_498' title='bbox 4006 3262 4253 3341; x_wconf 92' lang='lat' dir='ltr'><strong>urbem,</strong></span> <span class='ocrx_word' id='word_1_499' title='bbox 4297 3283 4519 3329; x_wconf 88' lang='lat' dir='ltr'><strong>caesos</strong></span> <span class='ocrx_word' id='word_1_500' title='bbox 4563 3283 4604 3328; x_wconf 88' lang='lat' dir='ltr'><strong>a</strong></span> 
     </span>
     <span class='ocr_line' id='line_1_78' title="bbox 2663 3348 4603 3432; baseline -0.002 -15"><span class='ocrx_word' id='word_1_501' title='bbox 2663 3351 3079 3427; x_wconf 88' lang='lat' dir='ltr'><strong>Christianis,</strong></span> <span class='ocrx_word' id='word_1_502' title='bbox 3123 3358 3378 3432; x_wconf 89' lang='lat' dir='ltr'><strong>praeter</strong></span> <span class='ocrx_word' id='word_1_503' title='bbox 3412 3349 3963 3431; x_wconf 88' lang='lat' dir='ltr'><strong>exspectationem</strong></span> <span class='ocrx_word' id='word_1_504' title='bbox 3998 3349 4068 3412; x_wconf 91' lang='lat' dir='ltr'><strong>in</strong></span> <span class='ocrx_word' id='word_1_505' title='bbox 4089 3348 4236 3413; x_wconf 89' lang='lat' dir='ltr'><strong>illos</strong></span> <span class='ocrx_word' id='word_1_506' title='bbox 4257 3349 4603 3431; x_wconf 89' lang='lat' dir='ltr'><strong>eruptione</strong></span> 
     </span>
     <span class='ocr_line' id='line_1_79' title="bbox 2663 3432 4600 3517; baseline -0.003 -14"><span class='ocrx_word' id='word_1_507' title='bbox 2663 3439 2851 3503; x_wconf 89' lang='lat' dir='ltr'><strong>facta.</strong></span> <span class='ocrx_word' id='word_1_508' title='bbox 2962 3436 3131 3503; x_wconf 87' lang='lat' dir='ltr'><strong>Utra</strong></span> <span class='ocrx_word' id='word_1_509' title='bbox 3194 3436 3368 3499; x_wconf 84' lang='lat' dir='ltr'><strong>fama</strong></span> <span class='ocrx_word' id='word_1_510' title='bbox 3430 3433 3518 3499; x_wconf 91' lang='lat' dir='ltr'><strong>sit</strong></span> <span class='ocrx_word' id='word_1_511' title='bbox 3590 3434 3810 3499; x_wconf 81' lang='lat' dir='ltr'><strong>verior</strong></span> <span class='ocrx_word' id='word_1_512' title='bbox 3874 3432 4054 3500; x_wconf 82' lang='lat' dir='ltr'><strong>brevi</strong></span> <span class='ocrx_word' id='word_1_513' title='bbox 4119 3454 4600 3517; x_wconf 86' lang='lat' dir='ltr'><strong>cognoscemus.</strong></span> 
     </span>
     <span class='ocr_line' id='line_1_80' title="bbox 2667 3518 4604 3603; baseline -0.002 -15"><span class='ocrx_word' id='word_1_514' title='bbox 2667 3523 2927 3588; x_wconf 79' lang='lat' dir='ltr'><strong>Lutheri</strong></span> <span class='ocrx_word' id='word_1_515' title='bbox 2988 3522 3226 3603; x_wconf 90' lang='lat' dir='ltr'><strong>scripto</strong></span> <span class='ocrx_word' id='word_1_516' title='bbox 3243 3522 3300 3597; x_wconf 67' lang='grc'><strong>2)</strong></span> <span class='ocrx_word' id='word_1_517' title='bbox 3366 3520 3489 3586; x_wconf 88' lang='lat' dir='ltr'><strong>etsi</strong></span> <span class='ocrx_word' id='word_1_518' title='bbox 3566 3518 3867 3584; x_wconf 87' lang='lat' dir='ltr'><strong>nonnihil</strong></span> <span class='ocrx_word' id='word_1_519' title='bbox 3928 3520 4215 3585; x_wconf 87' lang='lat' dir='ltr'><strong>offensus</strong></span> <span class='ocrx_word' id='word_1_520' title='bbox 4285 3541 4460 3598; x_wconf 91' lang='lat' dir='ltr'><strong>sum,</strong></span> <span class='ocrx_word' id='word_1_521' title='bbox 4527 3540 4604 3585; x_wconf 88' lang='lat' dir='ltr'><strong>eo</strong></span> 
     </span>
     <span class='ocr_line' id='line_1_81' title="bbox 2665 3604 4606 3689; baseline -0.002 -15"><span class='ocrx_word' id='word_1_522' title='bbox 2665 3610 2950 3674; x_wconf 89' lang='lat' dir='ltr'><strong>maxime</strong></span> <span class='ocrx_word' id='word_1_523' title='bbox 2993 3606 3166 3689; x_wconf 89' lang='lat' dir='ltr'><strong>quod</strong></span> <span class='ocrx_word' id='word_1_524' title='bbox 3209 3605 3320 3671; x_wconf 89' lang='lat' dir='ltr'><strong>alii</strong></span> <span class='ocrx_word' id='word_1_525' title='bbox 3355 3605 3794 3683; x_wconf 85' lang='lat' dir='ltr'><strong>offenduntur,</strong></span> <span class='ocrx_word' id='word_1_526' title='bbox 3836 3604 4121 3670; x_wconf 89' lang='lat' dir='ltr'><strong>iucunda</strong></span> <span class='ocrx_word' id='word_1_527' title='bbox 4177 3618 4397 3669; x_wconf 77' lang='lat' dir='ltr'><strong>tamen</strong></span> <span class='ocrx_word' id='word_1_528' title='bbox 4441 3604 4606 3670; x_wconf 88' lang='lat' dir='ltr'><strong>mihi</strong></span> 
     </span>
     <span class='ocr_line' id='line_1_82' title="bbox 2665 3690 4605 3775; baseline -0.003 -15"><span class='ocrx_word' id='word_1_529' title='bbox 2665 3695 2843 3760; x_wconf 91' lang='lat' dir='ltr'><strong>illius</strong></span> <span class='ocrx_word' id='word_1_530' title='bbox 2886 3694 3075 3758; x_wconf 88' lang='lat' dir='ltr'><strong>lectio</strong></span> <span class='ocrx_word' id='word_1_531' title='bbox 3118 3692 3260 3769; x_wconf 82' lang='lat' dir='ltr'><strong>fuit,</strong></span> <span class='ocrx_word' id='word_1_532' title='bbox 3304 3700 3568 3774; x_wconf 91' lang='lat' dir='ltr'><strong>propter</strong></span> <span class='ocrx_word' id='word_1_533' title='bbox 3602 3691 3816 3775; x_wconf 90' lang='lat' dir='ltr'><strong>capita</strong></span> <span class='ocrx_word' id='word_1_534' title='bbox 3849 3690 4165 3773; x_wconf 86' lang='lat' dir='ltr'><strong>quaedam</strong></span> <span class='ocrx_word' id='word_1_535' title='bbox 4201 3705 4380 3757; x_wconf 84' lang='lat' dir='ltr'><strong>certa</strong></span> <span class='ocrx_word' id='word_1_536' title='bbox 4419 3710 4605 3757; x_wconf 89' lang='grc'><strong>0000-</strong></span> 
     </span>
     <span class='ocr_line' id='line_1_83' title="bbox 2667 3776 4609 3862; baseline -0.002 -17"><span class='ocrx_word' id='word_1_537' title='bbox 2667 3790 2809 3847; x_wconf 90' lang='lat' dir='ltr'><strong>rate</strong></span> <span class='ocrx_word' id='word_1_538' title='bbox 2852 3780 2933 3845; x_wconf 93' lang='lat' dir='ltr'><strong>ab</strong></span> <span class='ocrx_word' id='word_1_539' title='bbox 2977 3778 3116 3862; x_wconf 89' lang='lat' dir='ltr'><strong>ipso</strong></span> <span class='ocrx_word' id='word_1_540' title='bbox 3161 3787 3471 3857; x_wconf 89' lang='lat' dir='ltr'><strong>tractata,</strong></span> <span class='ocrx_word' id='word_1_541' title='bbox 3527 3787 3599 3842; x_wconf 92' lang='lat' dir='ltr'><strong>ut</strong></span> <span class='ocrx_word' id='word_1_542' title='bbox 3653 3786 3752 3843; x_wconf 90' lang='lat' dir='ltr'><strong>est</strong></span> <span class='ocrx_word' id='word_1_543' title='bbox 3808 3777 3888 3842; x_wconf 91' lang='lat' dir='ltr'><strong>de</strong></span> <span class='ocrx_word' id='word_1_544' title='bbox 3942 3776 4185 3860; x_wconf 90' lang='lat' dir='ltr'><strong>duplici</strong></span> <span class='ocrx_word' id='word_1_545' title='bbox 4227 3777 4499 3843; x_wconf 88' lang='lat' dir='ltr'><strong>ecclesia</strong></span> <span class='ocrx_word' id='word_1_546' title='bbox 4539 3782 4609 3842; x_wconf 90' lang='lat' dir='ltr'><strong>et</strong></span> 
     </span>
     <span class='ocr_line' id='line_1_84' title="bbox 2668 3860 4608 3949; baseline -0.002 -18"><span class='ocrx_word' id='word_1_547' title='bbox 2668 3867 3005 3949; x_wconf 90' lang='lat' dir='ltr'><strong>utriusque</strong></span> <span class='ocrx_word' id='word_1_548' title='bbox 3083 3864 3258 3928; x_wconf 79' lang='lat' dir='ltr'><strong>inter</strong></span> <span class='ocrx_word' id='word_1_549' title='bbox 3331 3884 3401 3928; x_wconf 91' lang='lat' dir='ltr'><strong>se</strong></span> <span class='ocrx_word' id='word_1_550' title='bbox 3477 3862 3844 3928; x_wconf 86' lang='lat' dir='ltr'><strong>collatione:</strong></span> <span class='ocrx_word' id='word_1_551' title='bbox 3937 3862 4211 3929; x_wconf 88' lang='lat' dir='ltr'><strong>historia</strong></span> <span class='ocrx_word' id='word_1_552' title='bbox 4286 3860 4369 3928; x_wconf 86' lang='lat' dir='ltr'><strong>ad</strong></span> <span class='ocrx_word' id='word_1_553' title='bbox 4446 3862 4608 3928; x_wconf 87' lang='lat' dir='ltr'><strong>haec</strong></span> 
     </span>
     <span class='ocr_line' id='line_1_85' title="bbox 2668 3946 4610 4031; baseline -0.003 -13"><span class='ocrx_word' id='word_1_554' title='bbox 2668 3950 3073 4018; x_wconf 86' lang='lat' dir='ltr'><strong>Lutherismi</strong></span> <span class='ocrx_word' id='word_1_555' title='bbox 3134 3958 3327 4031; x_wconf 90' lang='lat' dir='ltr'><strong>atque</strong></span> <span class='ocrx_word' id='word_1_556' title='bbox 3382 3948 3592 4031; x_wconf 85' lang='lat' dir='ltr'><strong>origo,</strong></span> <span class='ocrx_word' id='word_1_557' title='bbox 3650 3946 3731 4012; x_wconf 93' lang='lat' dir='ltr'><strong>de</strong></span> <span class='ocrx_word' id='word_1_558' title='bbox 3784 3949 4221 4029; x_wconf 89' lang='lat' dir='ltr'><strong>restitutione,</strong></span> <span class='ocrx_word' id='word_1_559' title='bbox 4279 3948 4359 4014; x_wconf 92' lang='grc'><strong>(10</strong></span> <span class='ocrx_word' id='word_1_560' title='bbox 4415 3969 4489 4014; x_wconf 90' lang='lat' dir='ltr'><strong>re</strong></span> <span class='ocrx_word' id='word_1_561' title='bbox 4540 3956 4610 4013; x_wconf 91' lang='lat' dir='ltr'><strong>et</strong></span> 
     </span>
     <span class='ocr_line' id='line_1_86' title="bbox 2670 4033 4613 4123; baseline -0.002 -20"><span class='ocrx_word' id='word_1_562' title='bbox 2670 4057 3114 4123; x_wconf 86' lang='lat' dir='ltr'><strong>personarum.</strong></span> <span class='ocrx_word' id='word_1_563' title='bbox 3134 4038 3188 4115; x_wconf 81' lang='lat'><strong>⁸)</strong></span> <span class='ocrx_word' id='word_1_564' title='bbox 3309 4033 3569 4099; x_wconf 83' lang='lat' dir='ltr'><strong>Similia</strong></span> <span class='ocrx_word' id='word_1_565' title='bbox 3648 4033 3924 4117; x_wconf 88' lang='lat' dir='ltr'><strong>denique</strong></span> <span class='ocrx_word' id='word_1_566' title='bbox 4009 4035 4208 4100; x_wconf 89' lang='lat' dir='ltr'><strong>habet</strong></span> <span class='ocrx_word' id='word_1_567' title='bbox 4291 4034 4613 4119; x_wconf 89' lang='lat' dir='ltr'><strong>quaedam</strong></span> 
     </span>
     <span class='ocr_line' id='line_1_87' title="bbox 2670 4118 4614 4205; baseline -0.002 -16"><span class='ocrx_word' id='word_1_568' title='bbox 2670 4126 2834 4189; x_wconf 91' lang='lat' dir='ltr'><strong>mire</strong></span> <span class='ocrx_word' id='word_1_569' title='bbox 2877 4122 3188 4205; x_wconf 86' lang='lat' dir='ltr'><strong>apposita.</strong></span> <span class='ocrx_word' id='word_1_570' title='bbox 3257 4118 3414 4184; x_wconf 90' lang='lat' dir='ltr'><strong>Vidi</strong></span> <span class='ocrx_word' id='word_1_571' title='bbox 3451 4119 3550 4185; x_wconf 90' lang='lat' dir='ltr'><strong>his</strong></span> <span class='ocrx_word' id='word_1_572' title='bbox 3586 4120 3812 4186; x_wconf 91' lang='lat' dir='ltr'><strong>diebus</strong></span> <span class='ocrx_word' id='word_1_573' title='bbox 3836 4119 4327 4187; x_wconf 76' lang='lat' dir='ltr'><strong>Brunsvicensis</strong></span> <span class='ocrx_word' id='word_1_574' title='bbox 4367 4120 4614 4203; x_wconf 88' lang='lat' dir='ltr'><strong>scripta</strong></span> 
     </span>
     <span class='ocr_line' id='line_1_88' title="bbox 2669 4205 4614 4291; baseline -0.002 -16"><span class='ocrx_word' id='word_1_575' title='bbox 2669 4212 2824 4277; x_wconf 88' lang='lat' dir='ltr'><strong>bina</strong></span> <span class='ocrx_word' id='word_1_576' title='bbox 2865 4209 2978 4273; x_wconf 89' lang='lat' dir='ltr'><strong>illa</strong></span> <span class='ocrx_word' id='word_1_577' title='bbox 3018 4216 3364 4290; x_wconf 83' lang='lat' dir='ltr'><strong>postrema.</strong></span> <span class='ocrx_word' id='word_1_578' title='bbox 3381 4209 3441 4283; x_wconf 91' lang='lat'><strong>⁴)</strong></span> <span class='ocrx_word' id='word_1_579' title='bbox 3546 4205 3721 4283; x_wconf 84' lang='lat' dir='ltr'><strong>Vidi,</strong></span> <span class='ocrx_word' id='word_1_580' title='bbox 3778 4206 4064 4289; x_wconf 90' lang='lat' dir='ltr'><strong>iuquam,</strong></span> <span class='ocrx_word' id='word_1_581' title='bbox 4112 4206 4337 4287; x_wconf 93' lang='lat' dir='ltr'><strong>modo,</strong></span> <span class='ocrx_word' id='word_1_582' title='bbox 4394 4207 4614 4291; x_wconf 89' lang='lat' dir='ltr'><strong>legere</strong></span> 
     </span>
     <span class='ocr_line' id='line_1_89' title="bbox 2671 4291 4617 4377; baseline -0.004 -16"><span class='ocrx_word' id='word_1_583' title='bbox 2671 4296 2847 4362; x_wconf 91' lang='lat' dir='ltr'><strong>enim</strong></span> <span class='ocrx_word' id='word_1_584' title='bbox 2891 4316 3023 4358; x_wconf 92' lang='lat' dir='ltr'><strong>non</strong></span> <span class='ocrx_word' id='word_1_585' title='bbox 3064 4293 3262 4377; x_wconf 92' lang='lat' dir='ltr'><strong>potui.</strong></span> <span class='ocrx_word' id='word_1_586' title='bbox 3353 4291 3536 4356; x_wconf 86' lang='lat' dir='ltr'><strong>Adeo</strong></span> <span class='ocrx_word' id='word_1_587' title='bbox 3594 4292 3756 4356; x_wconf 89' lang='lat' dir='ltr'><strong>mihi</strong></span> <span class='ocrx_word' id='word_1_588' title='bbox 3800 4293 4208 4358; x_wconf 89' lang='lat' dir='ltr'><strong>stomachum</strong></span> <span class='ocrx_word' id='word_1_589' title='bbox 4265 4302 4617 4357; x_wconf 82' lang='lat' dir='ltr'><strong>moverunt</strong></span> 
     </span>
     <span class='ocr_line' id='line_1_90' title="bbox 2671 4376 4613 4460; baseline -0.002 -15"><span class='ocrx_word' id='word_1_590' title='bbox 2671 4380 3000 4446; x_wconf 91' lang='lat' dir='ltr'><strong>horrenda</strong></span> <span class='ocrx_word' id='word_1_591' title='bbox 3059 4378 3436 4457; x_wconf 84' lang='lat' dir='ltr'><strong>maledicta,</strong></span> <span class='ocrx_word' id='word_1_592' title='bbox 3493 4377 3726 4460; x_wconf 91' lang='lat' dir='ltr'><strong>quibus</strong></span> <span class='ocrx_word' id='word_1_593' title='bbox 3777 4376 4136 4460; x_wconf 89' lang='lat' dir='ltr'><strong>proscindit</strong></span> <span class='ocrx_word' id='word_1_594' title='bbox 4178 4380 4473 4444; x_wconf 91' lang='lat' dir='ltr'><strong>omnium</strong></span> <span class='ocrx_word' id='word_1_595' title='bbox 4516 4376 4613 4442; x_wconf 91' lang='lat' dir='ltr'><strong>bi-</strong></span> 
     </span>
     <span class='ocr_line' id='line_1_91' title="bbox 2669 4465 4611 4551; baseline -0.002 -20"><span class='ocrx_word' id='word_1_596' title='bbox 2669 4465 2911 4551; x_wconf 91' lang='lat' dir='ltr'><strong>pedum</strong></span> <span class='ocrx_word' id='word_1_597' title='bbox 2957 4465 3392 4547; x_wconf 90' lang='lat' dir='ltr'><strong>nequissimus</strong></span> <span class='ocrx_word' id='word_1_598' title='bbox 3447 4473 3516 4528; x_wconf 92' lang='lat' dir='ltr'><strong>et</strong></span> <span class='ocrx_word' id='word_1_599' title='bbox 3570 4472 3826 4528; x_wconf 88' lang='lat' dir='ltr'><strong>nostros</strong></span> <span class='ocrx_word' id='word_1_600' title='bbox 3884 4472 3951 4528; x_wconf 92' lang='lat' dir='ltr'><strong>et</strong></span> <span class='ocrx_word' id='word_1_601' title='bbox 3992 4484 4256 4531; x_wconf 88' lang='lat' dir='ltr'><strong>causam</strong></span> <span class='ocrx_word' id='word_1_602' title='bbox 4300 4473 4611 4530; x_wconf 89' lang='lat' dir='ltr'><strong>nostram.</strong></span> 
     </span>
     <span class='ocr_line' id='line_1_92' title="bbox 2672 4549 4616 4634; baseline -0.002 -16"><span class='ocrx_word' id='word_1_603' title='bbox 2672 4552 3033 4619; x_wconf 87' lang='lat' dir='ltr'><strong>Consilium</strong></span> <span class='ocrx_word' id='word_1_604' title='bbox 3054 4549 3251 4616; x_wconf 91' lang='lat' dir='ltr'><strong>Pauli</strong></span> <span class='ocrx_word' id='word_1_605' title='bbox 3271 4550 3397 4614; x_wconf 89' lang='lat' dir='ltr'><strong>HI.</strong></span> <span class='ocrx_word' id='word_1_606' title='bbox 3438 4551 3738 4633; x_wconf 76' lang='lat' dir='ltr'><strong>mitto:⁵)</strong></span> <span class='ocrx_word' id='word_1_607' title='bbox 3781 4571 3866 4614; x_wconf 91' lang='lat' dir='ltr'><strong>ex</strong></span> <span class='ocrx_word' id='word_1_608' title='bbox 3909 4551 4091 4616; x_wconf 92' lang='lat' dir='ltr'><strong>cuius</strong></span> <span class='ocrx_word' id='word_1_609' title='bbox 4127 4549 4388 4617; x_wconf 86' lang='lat' dir='ltr'><strong>officina</strong></span> <span class='ocrx_word' id='word_1_610' title='bbox 4420 4549 4616 4634; x_wconf 89' lang='lat' dir='ltr'><strong>prod-</strong></span> 
     </span>
    </p>
   </div>
   <div class='ocr_carea' id='block_1_15' title="bbox 2679 4673 3080 4684">
    <p class='ocr_par' dir='ltr' id='par_1_18' title="bbox 2679 4673 3080 4684">
     <span class='ocr_line' id='line_1_93' title="bbox 2679 4673 3080 4684; baseline 0 1483"><span class='ocrx_word' id='word_1_611' title='bbox 2679 4673 3080 4684; x_wconf 95' lang='lat' dir='ltr'><strong> </strong></span> 
     </span>
    </p>
   </div>
   <div class='ocr_carea' id='block_1_16' title="bbox 2674 4717 4617 5120">
    <p class='ocr_par' dir='ltr' id='par_1_19' title="bbox 2674 4717 4617 4982">
     <span class='ocr_line' id='line_1_94' title="bbox 2707 4717 4616 4789; baseline 0.001 -15"><span class='ocrx_word' id='word_1_612' title='bbox 2707 4723 2839 4782; x_wconf 75' lang='grc'><strong>305,</strong></span> <span class='ocrx_word' id='word_1_613' title='bbox 2878 4720 2936 4783; x_wconf 91' lang='grc'><strong>1)</strong></span> <span class='ocrx_word' id='word_1_614' title='bbox 2973 4720 3305 4775; x_wconf 76' lang='lat' dir='ltr'><strong>G-ranvellae</strong></span> <span class='ocrx_word' id='word_1_615' title='bbox 3337 4720 3665 4776; x_wconf 65' lang='lat' dir='ltr'><strong>scoram-ius</strong></span> <span class='ocrx_word' id='word_1_616' title='bbox 3700 4734 3856 4789; x_wconf 73' lang='lat' dir='ltr'><strong>quem</strong></span> <span class='ocrx_word' id='word_1_617' title='bbox 3891 4720 4382 4775; x_wconf 69' lang='lat' dir='ltr'><strong>Bretsclmoeiderue</strong></span> <span class='ocrx_word' id='word_1_618' title='bbox 4416 4719 4505 4789; x_wconf 85' lang='lat'><strong>(0.</strong></span> <span class='ocrx_word' id='word_1_619' title='bbox 4541 4717 4616 4775; x_wconf 81' lang='lat' dir='ltr'><strong>R.</strong></span> 
     </span>
     <span class='ocr_line' id='line_1_95' title="bbox 2674 4788 4617 4860; baseline -0.001 -14"><span class='ocrx_word' id='word_1_620' title='bbox 2674 4791 2784 4846; x_wconf 91' lang='lat' dir='ltr'><strong>IV.</strong></span> <span class='ocrx_word' id='word_1_621' title='bbox 2821 4790 2948 4856; x_wconf 83' lang='grc'><strong><em>378)</em></strong></span> <span class='ocrx_word' id='word_1_622' title='bbox 2984 4795 3036 4844; x_wconf 82' lang='lat' dir='ltr'><strong>et</strong></span> <span class='ocrx_word' id='word_1_623' title='bbox 3071 4790 3217 4843; x_wconf 79' lang='lat' dir='ltr'><strong>Aeta</strong></span> <span class='ocrx_word' id='word_1_624' title='bbox 3259 4796 3454 4845; x_wconf 73' lang='lat' dir='ltr'><strong>nostra</strong></span> <span class='ocrx_word' id='word_1_625' title='bbox 3489 4788 3924 4844; x_wconf 74' lang='lat' dir='ltr'><strong>Ratiebonensia</strong></span> <span class='ocrx_word' id='word_1_626' title='bbox 3970 4792 4261 4858; x_wconf 82' lang='lat' dir='ltr'><strong>Volcruck,</strong></span> <span class='ocrx_word' id='word_1_627' title='bbox 4312 4789 4617 4860; x_wconf 77' lang='lat' dir='ltr'><strong>appellant,</strong></span> 
     </span>
     <span class='ocr_line' id='line_1_96' title="bbox 2686 4858 4027 4982; baseline -0.001 -68"><span class='ocrx_word' id='word_1_628' title='bbox 2686 4859 3042 4915; x_wconf 77' lang='lat' dir='ltr'><strong>Wiedemann</strong></span> <span class='ocrx_word' id='word_1_629' title='bbox 3080 4858 3344 4982; x_wconf 50' lang='lat' dir='ltr'><strong>(Eckhp.</strong></span> <span class='ocrx_word' id='word_1_630' title='bbox 3380 4859 3506 4926; x_wconf 85' lang='lat'><strong>311)</strong></span> <span class='ocrx_word' id='word_1_631' title='bbox 3542 4864 3684 4914; x_wconf 84' lang='lat' dir='ltr'><strong>recte</strong></span> <span class='ocrx_word' id='word_1_632' title='bbox 3719 4860 4027 4928; x_wconf 77' lang='lat' dir='ltr'><strong>Veltwyck.</strong></span> 
     </span>
    </p>

    <p class='ocr_par' dir='ltr' id='par_1_20' title="bbox 2677 4927 4617 5120">
     <span class='ocr_line' id='line_1_97' title="bbox 2880 4927 4617 4997; baseline 0 -16"><span class='ocrx_word' id='word_1_633' title='bbox 2880 4928 2940 4989; x_wconf 84' lang='lat'><strong>2)</strong></span> <span class='ocrx_word' id='word_1_634' title='bbox 2981 4928 3189 4982; x_wconf 78' lang='lat' dir='ltr'><strong>Contra</strong></span> <span class='ocrx_word' id='word_1_635' title='bbox 3288 4928 3536 4983; x_wconf 71' lang='lat' dir='ltr'><strong>evm-icum</strong></span> <span class='ocrx_word' id='word_1_636' title='bbox 3814 4928 3871 4982; x_wconf 75' lang='lat'><strong>⁶.</strong></span> <span class='ocrx_word' id='word_1_637' title='bbox 3917 4944 3979 4983; x_wconf 83' lang='lat' dir='ltr'><strong>eo</strong></span> <span class='ocrx_word' id='word_1_638' title='bbox 4013 4929 4138 4997; x_wconf 74' lang='lat' dir='ltr'><strong>ipso</strong></span> <span class='ocrx_word' id='word_1_639' title='bbox 4172 4934 4407 4996; x_wconf 76' lang='lat' dir='ltr'><strong>tempore</strong></span> <span class='ocrx_word' id='word_1_640' title='bbox 4439 4927 4617 4983; x_wconf 70' lang='lat' dir='ltr'><strong>edito.-</strong></span> 
     </span>
     <span class='ocr_line' id='line_1_98' title="bbox 2677 4998 3287 5120; baseline -0.002 -69"><span class='ocrx_word' id='word_1_641' title='bbox 2677 4999 2864 5052; x_wconf 84' lang='lat' dir='ltr'><strong>Wider</strong></span> <span class='ocrx_word' id='word_1_642' title='bbox 2884 4998 3047 5120; x_wconf 51' lang='lat' dir='ltr'><strong>glans</strong></span> <span class='ocrx_word' id='word_1_643' title='bbox 3077 5000 3287 5103; x_wconf 51' lang='lat' dir='ltr'><strong>&#39;worse</strong></span> 
     </span>
    </p>
   </div>
   <div class='ocr_carea' id='block_1_17' title="bbox 2677 5081 4620 5413">
    <p class='ocr_par' dir='ltr' id='par_1_21' title="bbox 2677 5081 4620 5413">
     <span class='ocr_line' id='line_1_99' title="bbox 2677 5081 4620 5259; baseline -0.037 2"><span class='ocrx_word' id='word_1_644' title='bbox 2677 5205 2714 5259; x_wconf 87' lang='grc' dir='ltr'><strong>ι.</strong></span> <span class='ocrx_word' id='word_1_645' title='bbox 2751 5204 2860 5259; x_wconf 83' lang='lat' dir='ltr'><strong>IV.</strong></span> <span class='ocrx_word' id='word_1_646' title='bbox 2883 5138 2946 5257; x_wconf 59' lang='grc' dir='ltr'><strong>ἶ)</strong></span> <span class='ocrx_word' id='word_1_647' title='bbox 2977 5081 3270 5257; x_wconf 41' lang='lat' dir='ltr'><strong>{mm</strong></span> <span class='ocrx_word' id='word_1_648' title='bbox 3325 5134 3442 5190; x_wconf 70' lang='lat'><strong>⁸⁰⁸²·</strong></span> <span class='ocrx_word' id='word_1_649' title='bbox 3499 5140 3551 5190; x_wconf 70' lang='lat'><strong>‘⁸‘</strong></span> <span class='ocrx_word' id='word_1_650' title='bbox 3605 5135 3936 5204; x_wconf 60' lang='lat' dir='ltr'><strong>Micam,</strong></span> <span class='ocrx_word' id='word_1_651' title='bbox 3981 5151 4077 5205; x_wconf 73' lang='lat' dir='ltr'><strong>ap·</strong></span> <span class='ocrx_word' id='word_1_652' title='bbox 4132 5134 4427 5190; x_wconf 67' lang='lat' dir='ltr'><strong>Hora-saer</strong></span> <span class='ocrx_word' id='word_1_653' title='bbox 4466 5134 4527 5188; x_wconf 76' lang='lat' dir='ltr'><strong>T.</strong></span> <span class='ocrx_word' id='word_1_654' title='bbox 4564 5132 4620 5189; x_wconf 87' lang='lat'><strong>1.</strong></span> 
     </span>
     <span class='ocr_line' id='line_1_100' title="bbox 2682 5268 4618 5413; baseline -0.04 -14"><span class='ocrx_word' id='word_1_655' title='bbox 2682 5328 2756 5398; x_wconf 69' lang='lat' dir='ltr'><strong>es.</strong></span> <span class='ocrx_word' id='word_1_656' title='bbox 2795 5274 2963 5399; x_wconf 60' lang='grc' dir='ltr'><strong>Ρνέἇ.</strong></span> <span class='ocrx_word' id='word_1_657' title='bbox 2988 5272 3208 5413; x_wconf 48' lang='grc' dir='ltr'><em>ἰαιΐέω</em></span> <span class='ocrx_word' id='word_1_658' title='bbox 3247 5274 3516 5340; x_wconf 41' lang='lat' dir='ltr'><strong>scapum</strong></span> <span class='ocrx_word' id='word_1_659' title='bbox 3561 5271 3939 5344; x_wconf 57' lang='lat' dir='ltr'><strong>wcvdassmpw,</strong></span> <span class='ocrx_word' id='word_1_660' title='bbox 4016 5272 4161 5343; x_wconf 77' lang='grc' dir='ltr'><strong>ΟΡΡ.</strong></span> <span class='ocrx_word' id='word_1_661' title='bbox 4217 5273 4277 5327; x_wconf 88' lang='lat' dir='ltr'><strong>T.</strong></span> <span class='ocrx_word' id='word_1_662' title='bbox 4321 5271 4388 5329; x_wconf 85' lang='lat' dir='ltr'><strong>V.</strong></span> <span class='ocrx_word' id='word_1_663' title='bbox 4418 5287 4481 5342; x_wconf 72' lang='lat' dir='ltr'><strong>p.</strong></span> <span class='ocrx_word' id='word_1_664' title='bbox 4517 5268 4618 5325; x_wconf 81' lang='lat'><strong>461</strong></span> 
     </span>
    </p>
   </div>
  </div>
 </body>
</html>
