5050 6167
643 386 773 449 423

1558 568 1708 641 412.

1189 706 1599 775 VIRETUS
1648 703 2083 773 OALVINO.

828 882 1112 947 Nunciat
1166 901 1233 946 sc
1287 881 1562 947 crastino
1619 899 1759 945 cum
1812 877 2097 943 Holardo
2140 875 2420 941 Bernam
2474 893 2616 955 pro-

655 969 982 1052 fecturum.
1051 966 1155 1032 De
1183 965 1525 1048 disciplina
1560 965 1970 1031 ecclesiastica
2004 962 2190 1027 etiam
2227 961 2615 1028 Lausannac

657 1054 1046 1120 instituenda
1088 1054 1224 1117 iam
1264 1052 1431 1117 serio
1475 1053 1713 1135 σοφίαι.

651 1225 766 1291 (Ex
803 1230 932 1279 auto
1032 1223 1142 1294 pho
1178 1223 1307 1278 Cod.
1346 1222 1547 1276 Gener.
1586 1220 1726 1273 111⁸.
1751 1221 1843 1275 fol.
1876 1219 1947 1273 55
1980 1220 2079 1286 bis,
2116 1220 2266 1273 cuius
2301 1237 2334 1272 a
2372 1235 2504 1287 ogra
2544 1218 2616 1270 ha

660 1299 882 1347 exstant
915 1293 934 1345 i
973 1293 1051 1348 id.
1074 1292 1200 1346 Cod.
1222 1289 1338 1358 116,
1373 1291 1465 1345 fol.
1503 1288 1586 1345 76.
1639 1290 1860 1345 Archiv.
1895 1289 2054 1342 Bern.
2074 1289 2214 1358 Epp.
2243 1288 2330 1341 VI
2361 1328 2373 1340 .
2409 1305 2461 1357 p.
2560 1285 2612 1338 4.

661 1362 879 1417 Simler.
917 1361 1041 1416 Vol.
1080 1359 1165 1414 51.
1234 1360 1355 1413 Duo
1390 1359 1698 1428 posteriora
1728 1358 2007 1418 mendosa,
2043 1359 2124 1410 ita
2157 1363 2221 1410 nt
2254 1357 2307 1412 S.
2342 1357 2613 1410 coniectu-

1195 1429 1270 1483 ris
1305 1428 1718 1498 supervacaneis
1753 1427 2083 1494 indulserit.)

834 1617 973 1683 Suo
999 1638 1197 1701 quam
1241 1615 1578 1682 carissimo
1620 1616 1810 1680 fratri
1855 1622 1923 1680 et
1951 1623 2359 1699 symmystae
2378 1612 2616 1678 Ioanni

654 1702 956 1769 Calvino.

2106 1785 2438 1851 Genevae.

831 1923 1149 1990 Salutem.
1237 1924 1340 1988 De
1384 1923 1578 1988 rebus
1622 1921 1865 1988 nostris
1909 1921 2136 1987 audies
2180 1920 2613 1987 tabellarium.

657 2010 968 2077 Crastino
1029 2009 1133 2075 die
1183 2030 1332 2075 cum
1376 2008 1683 2085 Holardo,
1722 2009 1772 2089 ¹)
1815 2009 1925 2090 qui
1982 2029 2169 2074 meae
2226 2007 2615 2090 profectioni

657 2116 877 2164 comes
923 2094 1268 2161 adiunctus
1312 2102 1414 2160 est
1456 2114 1497 2158 a
1537 2093 1869 2170 fratribuS,
1918 2094 2169 2158 solvam
2204 2094 2378 2163 hinc.
2422 2093 2478 2157 si
2521 2094 2614 2156 ita

655 2180 945 2247 Domino
990 2181 1205 2246 visum
1250 2187 1367 2258 est,
1422 2179 1714 2244 Bernam
1758 2198 2212 2244 concessurus:
2273 2179 2460 2245 cuius
2505 2197 2611 2242 co-

653 2266 945 2344 mitatus,
991 2276 1250 2347 praeter
1294 2266 1454 2329 alias
1492 2266 1797 2354 rationes,
1842 2265 2058 2330 iustus
2100 2264 2266 2328 mihi
2307 2271 2612 2346 praetex-

656 2361 764 2418 tus
807 2352 934 2416 erit
975 2351 1181 2417 nostri
1204 2350 1532 2416 Neocomo
1572 2351 1908 2415 transitus.
1984 2349 2156 2415 Nam
2192 2371 2395 2432 quum
2438 2350 2610 2414 iure-

655 2436 932 2502 iurando
978 2435 1215 2502 abhinc
1261 2457 1468 2502 annos
1512 2435 1736 2501 decem
1781 2445 1895 2500 aut
1938 2435 2242 2501 undecim
2265 2435 2321 2520 2)
2365 2434 2612 2500 finibus

655 2519 1120 2607 Friburgensis
1179 2521 1446 2587 ditionis
1504 2520 1826 2587 exsularit
1884 2542 2003 2587 nec
2065 2529 2244 2587 tutus
2301 2520 2396 2585 illi
2459 2520 2612 2585 illac

657 2608 976 2673 transitus
1020 2615 1273 2690 pateat,
1335 2607 1660 2690 cogimur,
1724 2606 1982 2671 etiamsi
2027 2606 2211 2672 nulla
2252 2604 2614 2671 intercedat

656 2714 854 2760 causa
897 2691 1042 2769 alia,
1104 2693 1432 2759 Neocomo
1485 2694 1612 2756 iter
1667 2692 1880 2757 facere
1935 2702 2052 2757 aut
2097 2691 2258 2757 alias
2299 2712 2612 2775 quaerere

655 2780 803 2846 viae
848 2778 1173 2863 ambages.
1263 2776 1450 2842 Nihil
1503 2776 1681 2843 aliud
1724 2776 1989 2856 addam,
2057 2778 2184 2843 nisi
2239 2784 2315 2842 ut
2370 2778 2610 2844 amicos

655 2864 901 2931 salutes
944 2863 1054 2928 dili
1106 2873 1295 2928 enter
1338 2870 1422 2939 et,
1469 2864 1523 2929 si
1570 2884 1700 2946 qua
1743 2863 1992 2928 ratione
2027 2862 2173 2928 fieri
2211 2872 2445 2947 potest,
2489 2883 2611 2946 per

653 2949 831 3016 hunc
890 2949 1059 3015 tabel
1089 2949 1302 3013 arium
1348 2946 1431 3013 ad
1474 2969 1579 3013 me
1622 2951 1850 3013 mittas
1908 2949 2186 3013 formam
2230 2948 2610 3032 disciplinae

653 3035 1125 3102 ecclesiasticae
1170 3054 1366 3117 quam
1409 3034 1606 3099 isthic
1648 3035 2071 3100 instituimus.
2101 3033 2158 3118 ⁸)
2247 3034 2378 3100 Hic
2422 3033 2610 3099 nobis

651 3120 1038 3188 conantibus
1096 3119 1306 3184 multa
1363 3118 1908 3198 adversabuntur,
1976 3140 2186 3205 pauca
2250 3119 2606 3186 iuvabunt:

652 3205 1031 3272 audendum
1077 3212 1299 3270 tamen
1342 3206 1469 3270 erit
1512 3204 1774 3288 aliquid,
1818 3213 1885 3270 et
1929 3206 2100 3272 bona
2141 3226 2293 3289 spes
2338 3216 2437 3270 est
2471 3205 2609 3270 Do-

651 3293 910 3357 minum
974 3292 1460 3356 fortunatumm
1532 3299 1791 3356 nostros
1856 3302 2146 3357 conatus.
2257 3291 2609 3356 Nihildum

652 3397 957 3461 agressus
1001 3383 1115 3441 aut
1158 3384 1429 3442 conatus
1473 3396 1637 3454 sum,
1684 3376 1800 3441 sed
1842 3376 2067 3442 Berna
2109 3398 2414 3442 reversus
2459 3398 2611 3443 con-

654 3462 842 3527 stitui
901 3461 1070 3527 serio
1132 3480 1207 3527 ac
1262 3460 1488 3527 sedulo
1547 3461 1651 3527 his
1709 3462 2020 3528 ecclesiae
2079 3462 2291 3527 ruinis
2335 3483 2608 3528 manum

653 3546 970 3612 admoliri.
1034 3547 1207 3611 Puto
1252 3557 1317 3610 te
1352 3545 1678 3612 audivisse
1713 3545 1870 3631 quid
1912 3568 2214 3631 sparsum
2260 3548 2346 3612 sit
2387 3569 2607 3612 rumo-

651 3633 745 3699 ris
783 3632 863 3698 de
899 3631 1353 3697 ministrorum
1379 3632 1759 3697 Bernatium
1795 3634 2161 3699 emissione.
2189 3633 2249 3716 ⁴)
2314 3631 2395 3697 Id
2429 3635 2606 3697 enim

650 3719 887 3803 legatis
931 3719 1171 3782 vestris
1215 3716 1481 3782 Basilea
1533 3718 1958 3784 redeuntibus
2015 3718 2318 3796 indicavi,
2364 3740 2404 3782 a
2489 3738 2604 3783 uo·

650 3825 801 3868 rum
858 3802 1146 3868 discessu
1213 3801 1374 3867 nihil
1442 3802 1650 3869 habeo
1714 3806 2112 3888 compertius
2171 3803 2342 3886 quod
2399 3826 2437 3869 a
2542 3815 2606 3868 te

651 3888 953 3955 scribam.
1020 3889 1349 3954 Praesens
1383 3889 1618 3954 melius
1653 3891 1876 3954 omnia
1909 3890 2288 3973 intelligam.
2371 3890 2607 3954 Saluta

650 3994 923 4039 uxorem
958 3995 1106 4039 meo
1128 3976 1410 4052 nomine,
1453 3976 1722 4040 fratrem
1751 3983 1817 4039 et
1852 3974 2239 4042 domesticos
2276 3995 2502 4040 omnes
2541 3984 2607 4039 et

650 4069 797 4125 tuos
842 4059 1144 4145 collegas.
1231 4060 1417 4124 Vale.
1506 4061 1903 4126 Lausannae
1947 4065 2004 4125 8.
2053 4062 2226 4146 Aug.
2281 4065 2458 4125 1542.

1795 4195 1974 4261 Tuus
2017 4197 2093 4261 P.
2140 4196 2428 4262 Viretus.

683 4399 812 4460 412.
852 4399 912 4468 1)
950 4401 1033 4453 Ιο.
1081 4399 1302 4454 Holard
1356 4399 1628 4466 Orbensis,
1678 4400 1804 4454 olim
1847 4400 2157 4457 Canonicus
2195 4402 2601 4469 Roburqensis,

650 4485 702 4522 a.
744 4467 880 4549 1531·
913 4469 979 4523 ob
1014 4469 1326 4538 religionem
1363 4470 1494 4523 urbe
1525 4468 1736 4549 pulsus,
1769 4473 2010 4538 primum
2039 4470 2378 4540 Aqathopoli.
2410 4478 2602 4538 postea

648 4539 712 4660 :in
746 4535 1106 4669 <maffia
1129 4554 1242 4672 1321,
1245 4538 1460 4658 ‘finibus
1491 4537 1840 4660 Vffded'ssim'}
1861 4539 2261 4662 ραείοἷέὂδνὲἀε
2281 4539 2601 4661 Ιὲἷέέιῖίηε

650 4621 770 4729 ιὲι.
845 4621 1084 4727 Ηηοὴέἶ
1082 4645 1219 4727 '111.
1258 4623 1681 4741 ffif’ii‘enssfnj.
1717 4646 1810 4728 1'11.
1825 4623 1969 4727 *3⁸15*
2173 4625 2232 4676 μ
2347 4648 2359 4661 “
2476 4648 2488 4661 ’
2524 4625 2598 4662 ⁸⁸⁹

858 4741 917 4806 2)
956 4742 1028 4796 A.
1064 4740 1198 4794 1531
1237 4757 1337 4798 sec.
1391 4743 1716 4806 Pierrefleur
1763 4765 1820 4814 p.
1858 4743 1927 4798 15
1960 4751 2012 4799 et
2044 4743 2129 4798 57.
2204 4743 2425 4801 Ruohat
2470 4744 2598 4799 ΙΙΙ.

647 4809 718 4867 37
754 4826 962 4865 annum
997 4826 1108 4864 mm
1141 4811 1369 4866 indicat.

857 4880 918 4938 3)
962 4877 1101 4946 Opp.
1153 4880 1211 4932 T.
1267 4878 1337 4932 X.
1386 4879 1452 4932 P.
1505 4880 1552 4932 1.
1602 4897 1658 4948 p.
1707 4879 1790 4935 15.
1861 4881 1951 4935 De
1997 4882 2101 4937 hac
2143 4884 2307 4938 etiam
2351 4884 2415 4937 in
2460 4899 2597 4952 aqi-o

663 4948 906 5082 Vadeni'i‘i
949 4948 1264 5069 rgctipknda
1310 4963 1486 5017 nuper
1521 4949 1746 5004 *Viviaci
1799 4953 1859 5004 in
1910 4958 2174 5006 commta
2217 4952 2594 5006 miniati-onom

647 5024 830 5072 actum
885 5031 981 5070 uer
1045 5057 1062 5075 .

856 5087 916 5151 4)
959 5089 1016 5139 S.
1050 5085 1269 5139 coniicit
1313 5085 1591 5152 leyendum
1636 5101 1777 5140 osse:
1820 5088 2158 5151 dimissione;
2205 5088 2491 5144 Hundesh.
2532 5105 2592 5156 p.

653 5152 784 5206 165.-
838 5154 1111 5208 scissione.
1215 5153 1426 5207 Scilicet
1476 5157 1619 5209 inter
1672 5154 1943 5210 Ritterum
1996 5165 2044 5211 et
2097 5157 2595 5211 Lutheranisantes

652 5221 991 5285 (Camenam
1028 5221 1362 5290 Gerunyium
1403 5222 1705 5288 Salamin)
1741 5241 1917 5294 nuper
1940 5226 2118 5280 denuo
2136 5227 2385 5281 simultas
2404 5227 2594 5281 oborta

645 5290 838 5356 fuerat
869 5293 1007 5346 satis
1042 5291 1204 5358 amis,
1237 5293 1319 5346 ita
1353 5301 1412 5347 ut
1447 5299 1668 5348 senatus
1702 5295 1818 5362 ipse
1849 5295 1917 5350 de
1949 5311 2014 5350 oa
2048 5299 2372 5364 coynoverit.

2207 376 2734 446 EPISTOLAE
2781 377 3141 439 412—415

4550 380 4671 441 424

3621 560 3771 633 418.

3233 715 3480 782 BUCE
3488 714 3667 783 ΗΠΒ
3716 715 4163 783 VADIANO.

2889 885 2990 950 De
3022 886 3184 952 libro
3216 907 3330 952 suo
3373 887 3741 970 apoloqetico
3770 890 4066 968 proxime
4101 889 4352 966 edendo,
4398 909 4519 970 quo
4543 888 4670 955 Ra-

2716 973 3429 1139 zifmfflusicalos
3472 975 3876 1054 expositurus
3921 979 4027 1053 est,
4087 979 4143 1040 ct
4190 973 4413 1057 Piyhii
4446 974 4675 1040 calum-

2720 1230 2831 1295 (Ex
2867 1229 3204 1299 autographo
3239 1229 3380 1283 Bibl.
3418 1228 3787 1299 Sangallensis
3824 1231 4025 1283 civicae
4062 1229 4210 1284 Tom.
4246 1228 4330 1284 34.
4367 1232 4435 1284 al.
4474 1231 4543 1284 V.
4582 1231 4670 1285 fol.

3438 1296 3554 1351 133.
3593 1300 3955 1369 excerptum.)

2721 1504 3146 1586 Amplissimo
3182 1505 3324 1568 viro
3346 1504 3429 1568 D.
3455 1503 3788 1571 Ioachimo
3814 1504 4116 1569 Vadiano
4151 1504 4293 1570 viro
4327 1505 4670 1584 consulari,

3195 1590 3404 1655 amico
3449 1610 3568 1655 suo
3611 1611 3866 1655 summe
3909 1588 4194 1656 colendo.

2720 1760 4670 1776 -————u--——————v——-——

2891 1809 3166 1894 Suscepi
3222 1811 3725 1894 explicationem
3769 1811 4218 1879 Articulorum
4271 1813 4672 1880 Ratisbonae

2720 1896 3211 1962 conciliatorum
3270 1906 3337 1961 et
3392 1918 3524 1963 non
3583 1897 4090 1963 conciliatorum.
4179 1898 4263 1962 In
4307 1920 4433 1982 quo
4477 1918 4672 1984 opere

2720 1980 2876 2046 dare
2912 2003 3177 2065 operam
3213 1984 3471 2048 institui
3512 1990 3586 2047 ut
3620 1984 4096 2049 controversias
4131 1984 4469 2068 religionis
4504 2007 4673 2069 quae

2716 2068 2892 2132 inter
2936 2068 3241 2134 ecclesias
3287 2066 3479 2133 hodie
3524 2076 3880 2134 vertuntur
3934 2070 4026 2135 sic
4069 2069 4390 2152 explicem
4434 2079 4501 2136 et
4541 2070 4672 2137 dis-

2717 2152 2986 2230 solvam,
3050 2161 3125 2219 ut
3177 2154 3328 2218 boni
3391 2153 3500 2236 qui
3558 2152 3744 2219 nobis
3789 2153 4002 2220 adhuc
4048 2155 4340 2220 nondum
4384 2176 4671 2224 accesse-

2715 2247 2873 2303 runt
2917 2237 3183 2304 videant
3225 2260 3346 2305 nos
3387 2240 3458 2304 in
3513 2239 3827 2323 religione
3870 2239 4036 2305 nihil
4079 2260 4377 2320 novasse,
4423 2250 4490 2308 et
4531 2264 4672 2322 nos,

2716 2322 2890 2406 quod
2934 2323 3018 2388 ad
3061 2326 3429 2391 necessaria
3471 2325 3779 2391 ecclesiae
3825 2323 4131 2410 dogmata
4175 2327 4429 2406 attinet,
4477 2350 4515 2394 a
4560 2351 4672 2396 ve-

2716 2411 2838 2474 teri
2884 2418 2949 2474 et
3004 2410 3359 2494 apostolica
3414 2411 3685 2476 ecclesia
3741 2432 4145 2494 nequaquam
4193 2412 4581 2480 discessisse.
4623 2420 4672 2493 ¹)

2716 2493 2940 2575 Quum
2997 2517 3156 2560 vero
3215 2496 3526 2562 Albertus
3590 2495 3862 2580 Piqhius
3885 2499 3938 2574 2)
3995 2496 4415 2581 Campensis,
4475 2499 4673 2565 homo

2717 2580 2943 2646 doctus
2978 2590 3045 2646 et
3079 2590 3308 2648 acutus
3343 2582 3455 2647 sed
3494 2582 3786 2666 sophista
3821 2582 4082 2665 impius,
4121 2591 4188 2648 et
4222 2585 4673 2651 calumniandi

2715 2687 3014 2732 summus
3057 2668 3323 2745 artifex,
3382 2667 3758 2732 universam
3816 2667 4181 2734 doctrinam
4228 2680 4520 2735 nostram
4565 2692 4674 2736 ar-

2713 2752 3055 2836 gutissime
3091 2762 3267 2819 certe
3289 2754 3635 2819 venenatis
3657 2754 3793 2818 suis
3821 2753 4259 2820 calumniatus
4299 2756 4385 2821 sit
4406 2759 4674 2841 magnis

2714 2838 2916 2916 libris,
2973 2838 3354 2922 praecipuas
3409 2837 3604 2904 huius
3649 2838 4009 2904 calumnias
4054 2839 4378 2923 depellere
4422 2844 4673 2909 consti-

2715 2923 2831 2987 tui.
2922 2922 3070 3004 Quo
3136 2925 3441 2990 effectum
3505 2932 3605 2989 est
3663 2932 3742 2988 ut
3804 2946 3967 3008 opus
4023 2947 4063 2990 a
4118 2948 4223 2991 me
4287 2927 4673 2995 institutum

2714 3006 2898 3074 tarde
2942 3010 3417 3094 progrediatur,
3477 3011 3859 3092 praesertim
3905 3032 4105 3093 quum
4152 3012 4220 3076 in
4264 3034 4369 3078 me
4412 3014 4672 3080 incum-

2713 3095 2875 3161 bant
2918 3116 3093 3162 nunc
3138 3096 3333 3160 etiam
3379 3094 3429 3159 ii
3473 3095 3746 3173 labores,
3805 3117 3963 3178 quos
4008 3098 4238 3182 optimi
4282 3106 4348 3163 et
4390 3102 4669 3167 sanctis-

2713 3180 2864 3245 simi
2897 3180 3026 3245 viri
3051 3179 3274 3262 Capito
3305 3190 3372 3246 et
3392 3179 3748 3260 Bedrodus,
3795 3182 3905 3264 qui
3940 3183 4011 3247 in
4050 3183 4301 3249 coelum
4339 3183 4668 3264 abierunt,

2712 3274 2778 3330 et
2825 3263 3127 3332 Calvinus
3165 3268 3275 3349 qui
3313 3266 3653 3333 Genevam
3700 3275 4045 3333 revocatus
4086 3276 4205 3348 cst,
4252 3271 4671 3338 sustinebant

2717 3387 2794 3399 —
2833 3389 2913 3400 —
2949 3389 3034 3398 —
3071 3388 3154 3400 -—
3199 3390 3282 3399 —
3328 3351 3497 3416 Vale
3542 3373 3738 3434 quam
3783 3351 4160 3420 diutissime.
4232 3357 4523 3440 Augusti
4567 3362 4666 3424 12.

2719 3440 2879 3500 1542
2926 3438 3365 3522 Argentorati.

3448 3573 3540 3638 M.
3585 3572 3881 3640 Bucerus
3924 3583 4078 3642 tuus
4120 3597 4204 3640 ex
4249 3579 4486 3644 animo.

2742 3826 2870 3887 418,
2907 3826 2967 3894 1)
3014 3828 3227 3882 Titulus
3258 3829 3400 3895 ficit.-
3434 3830 3515 3883 De
3552 3846 3681 3883 vera
3716 3831 4061 3884 ecclesiarum
4098 3833 4155 3884 in
4191 3832 4441 3887 doctrina
4475 3850 4660 3890 caere-

2708 3897 2901 3950 moniis
2920 3903 2978 3949 et
2993 3897 3281 3966 disciplina
3299 3898 3736 3952 reconciliatione
3755 3906 3812 3951 et
3839 3901 4245 3969 compositione.
4298 3903 4405 3956 Hic
4430 3919 4658 3973 cognos-

2709 3981 2797 4018 ces
2833 3981 2991 4019 veros
3029 3973 3180 4019 ortus
3216 3973 3272 4019 et
3348 3983 3624 4036 rogressus
3661 3967 4008 4021 dissidiorum
4057 3970 4113 4022 in
4159 3971 4421 4040 religione
4474 3990 4661 4027 veras-

2751 4049 2816 4085 ue
2851 4034 2972 4115 vias
3000 4034 3096 4087 illa
3129 3984 3356 4088 tollendi
3377 4043 3451 4115 ‘et
3486 4035 3834 4089 christianam
3870 4039 4275 4091 consensionem
4310 4041 4659 4095 restituendi.

2761 4118 3009 4171 esponslo
3044 4104 3113 4156 ad
3160 4104 3453 4157 calumnias
3488 4104 3706 4158 Alberti
3742 4105 3919 4175 Pighii
3956 4106 4268 4175 Campensis
4303 4116 4493 4162 contra
4527 4125 4659 4164 con-

2707 4170 2995 4250 fessionem
3032 4178 3089 4225 et
3132 4173 3436 4242 apologiam
3473 4174 3892 4241 protestantium
3928 4191 4103 4243 nuper
4136 4177 4382 4246 vulgatas
4420 4184 4477 4231 et
4511 4180 4657 4233 refu·

2705 4240 2844 4294 tatio
2891 4241 3286 4309 suggillationis
3331 4241 3594 4294 Eccianae
3640 4249 3833 4296 contra
3869 4251 3993 4296 acta
4041 4244 4472 4314 Batisponensia.
4546 4249 4659 4301 Per

2707 4308 3001 4362 Martinam
3038 4311 3300 4362 Bucerum
3337 4327 3378 4362 s.
3417 4327 3464 4362 a.
3504 4316 3561 4363 et
3595 4311 3628 4363 l.
3670 4309 3987 4375 (Wendelin
4029 4311 4231 4377 Rihel).

2908 4376 2969 4443 2)
3020 4378 3153 4432 Vide
3177 4377 3420 4447 Proleqq.
3468 4378 3612 4433 Tom-
3661 4380 3760 4434 VI.
3799 4395 3856 4448 p.
3893 4379 3979 4433 23.
4055 4380 4284 4436 Praeter
4318 4382 4352 4435 1.
4390 4398 4550 4438 suum
4585 4384 4659 4439 de

2704 4444 2871 4500 libero
2905 4447 3138 4500 arbitrio
3172 4448 3259 4501 hic
3294 4446 3539 4501 ediderat
3562 4447 3732 4500 alium
3768 4448 3925 4502 cuius
3958 4450 4149 4503 titulus
4183 4456 4288 4505 est.-
4323 4452 4653 4507 Controver-

2703 4514 2905 4567 siarum
2941 4516 3351 4597 praecipuarum
3384 4516 3441 4597 in
3479 4515 3721 4597 comitiis·
3735 4517 3892 4570 Ratis
3934 4559 3945 4569 .
3970 4525 4324 4573 tractatarum
4360 4525 4416 4573 et
4453 4523 4654 4590 quibus

2701 4591 3561 4722 fsscffiiessffssfflsssffissbssissssi
3587 4585 3752 4706 Q?
3756 4586 4655 4725 “.}.⁰323;15533⁸¹3232¹.2⁸⁸¹223

2700 4720 2923 4843 libr-mat
2933 4722 3021 4776 hic
3053 4723 3219 4775 innui
3237 4722 3577 4776 arbitramur
3611 4738 3775 4791 quam
3809 4722 3957 4776 illum
3995 4732 4186 4779 contra
4209 4741 4360 4795 quem
4384 4676 4654 4782 Calbim&

2700 4804 2936 4858 scripsi.
