<?xml version="1.0" encoding="UTF-8"?>
<!DOCTYPE html PUBLIC "-//W3C//DTD XHTML 1.0 Transitional//EN"
    "http://www.w3.org/TR/xhtml1/DTD/xhtml1-transitional.dtd">
<html xmlns="http://www.w3.org/1999/xhtml" xml:lang="en" lang="en">
 <head>
  <title>
</title>
<meta http-equiv="Content-Type" content="text/html;charset=utf-8" />
  <meta name='ocr-system' content='tesseract 3.04.00' />
  <meta name='ocr-capabilities' content='ocr_page ocr_carea ocr_par ocr_line ocrx_word'/>
</head>
<body>
  <div class='ocr_page' id='page_1' title='image "./ioanniscalvinio13unkngoog_0401.png"; bbox 0 0 5050 6167; ppageno 0'>
   <div class='ocr_carea' id='block_1_1' title="bbox 452 321 561 381">
    <p class='ocr_par' dir='ltr' id='par_1_1' title="bbox 452 321 561 381">
     <span class='ocr_line' id='line_1_1' title="bbox 452 321 561 381; baseline 0 0"><span class='ocrx_word' id='word_1_1' title='bbox 452 321 561 381; x_wconf 76' lang='lat'><strong>741</strong></span> 
     </span>
    </p>
   </div>
   <div class='ocr_carea' id='block_1_2' title="bbox 439 501 2380 1530">
    <p class='ocr_par' dir='ltr' id='par_1_2' title="bbox 446 501 2377 759">
     <span class='ocr_line' id='line_1_2' title="bbox 446 501 2377 588; baseline -0.002 -16"><span class='ocrx_word' id='word_1_2' title='bbox 446 503 825 572; x_wconf 86' lang='lat' dir='ltr'><strong>Bernatium</strong></span> <span class='ocrx_word' id='word_1_3' title='bbox 867 503 1116 584; x_wconf 88' lang='lat' dir='ltr'><strong>literae,</strong></span> <span class='ocrx_word' id='word_1_4' title='bbox 1138 506 1195 580; x_wconf 82' lang='lat'><strong>²)</strong></span> <span class='ocrx_word' id='word_1_5' title='bbox 1254 513 1323 570; x_wconf 89' lang='lat' dir='ltr'><strong>et</strong></span> <span class='ocrx_word' id='word_1_6' title='bbox 1376 501 1535 588; x_wconf 89' lang='lat' dir='ltr'><strong>quid</strong></span> <span class='ocrx_word' id='word_1_7' title='bbox 1588 503 2015 569; x_wconf 76' lang='lat' dir='ltr'><strong>continerent.</strong></span> <span class='ocrx_word' id='word_1_8' title='bbox 2104 502 2184 570; x_wconf 79' lang='lat' dir='ltr'><strong>Si</strong></span> <span class='ocrx_word' id='word_1_9' title='bbox 2223 504 2377 570; x_wconf 92' lang='lat' dir='ltr'><strong>licet</strong></span> 
     </span>
     <span class='ocr_line' id='line_1_3' title="bbox 522 588 2375 668; baseline 0 -13"><span class='ocrx_word' id='word_1_10' title='bbox 522 611 559 655; x_wconf 91' lang='lat' dir='ltr'><strong>r</strong></span> <span class='ocrx_word' id='word_1_11' title='bbox 597 590 834 668; x_wconf 86' lang='lat' dir='ltr'><strong>otium,</strong></span> <span class='ocrx_word' id='word_1_12' title='bbox 892 590 1101 656; x_wconf 89' lang='lat' dir='ltr'><strong>scribe</strong></span> <span class='ocrx_word' id='word_1_13' title='bbox 1239 589 1349 653; x_wconf 92' lang='lat' dir='ltr'><strong>ulo</strong></span> <span class='ocrx_word' id='word_1_14' title='bbox 1406 589 1614 655; x_wconf 86' lang='lat' dir='ltr'><strong>fusius</strong></span> <span class='ocrx_word' id='word_1_15' title='bbox 1672 588 1753 654; x_wconf 86' lang='lat' dir='ltr'><strong>de</strong></span> <span class='ocrx_word' id='word_1_16' title='bbox 1808 588 2003 656; x_wconf 90' lang='lat' dir='ltr'><strong>rebus</strong></span> <span class='ocrx_word' id='word_1_17' title='bbox 2058 588 2375 655; x_wconf 91' lang='lat' dir='ltr'><strong>omnibus.</strong></span> 
     </span>
     <span class='ocr_line' id='line_1_4' title="bbox 507 672 2377 759; baseline 0.001 -19"><span class='ocrx_word' id='word_1_18' title='bbox 507 673 620 740; x_wconf 87' lang='lat' dir='ltr'><strong>ihil</strong></span> <span class='ocrx_word' id='word_1_19' title='bbox 661 673 871 741; x_wconf 87' lang='lat' dir='ltr'><strong>scribo</strong></span> <span class='ocrx_word' id='word_1_20' title='bbox 905 673 987 739; x_wconf 86' lang='lat' dir='ltr'><strong>ad</strong></span> <span class='ocrx_word' id='word_1_21' title='bbox 1021 683 1089 741; x_wconf 88' lang='lat' dir='ltr'><strong>te</strong></span> <span class='ocrx_word' id='word_1_22' title='bbox 1175 695 1213 739; x_wconf 91' lang='lat' dir='ltr'><strong>e</strong></span> <span class='ocrx_word' id='word_1_23' title='bbox 1242 672 1351 740; x_wconf 86' lang='lat' dir='ltr'><strong>his</strong></span> <span class='ocrx_word' id='word_1_24' title='bbox 1387 693 1555 759; x_wconf 84' lang='lat' dir='ltr'><strong>quae</strong></span> <span class='ocrx_word' id='word_1_25' title='bbox 1586 673 1695 741; x_wconf 88' lang='lat' dir='ltr'><strong>hic</strong></span> <span class='ocrx_word' id='word_1_26' title='bbox 1737 679 2026 759; x_wconf 79' lang='lat' dir='ltr'><strong>aguntur</strong></span> <span class='ocrx_word' id='word_1_27' title='bbox 2066 682 2182 741; x_wconf 92' lang='lat' dir='ltr'><strong>aut</strong></span> <span class='ocrx_word' id='word_1_28' title='bbox 2213 695 2377 758; x_wconf 91' lang='lat' dir='ltr'><strong>quae</strong></span> 
     </span>
    </p>

    <p class='ocr_par' dir='ltr' id='par_1_3' title="bbox 443 759 2378 845">
     <span class='ocr_line' id='line_1_5' title="bbox 443 759 2378 845; baseline -0.001 -18"><span class='ocrx_word' id='word_1_29' title='bbox 443 762 698 828; x_wconf 87' lang='lat' dir='ltr'><strong>Bernae</strong></span> <span class='ocrx_word' id='word_1_30' title='bbox 750 759 918 838; x_wconf 80' lang='lat' dir='ltr'><strong>vidi,</strong></span> <span class='ocrx_word' id='word_1_31' title='bbox 976 761 1284 843; x_wconf 90' lang='lat' dir='ltr'><strong>quoniam</strong></span> <span class='ocrx_word' id='word_1_32' title='bbox 1337 761 1479 826; x_wconf 89' lang='lat' dir='ltr'><strong>eius</strong></span> <span class='ocrx_word' id='word_1_33' title='bbox 1530 761 1664 826; x_wconf 85' lang='lat' dir='ltr'><strong>sint</strong></span> <span class='ocrx_word' id='word_1_34' title='bbox 1714 761 1973 845; x_wconf 85' lang='lat' dir='ltr'><strong>generis</strong></span> <span class='ocrx_word' id='word_1_35' title='bbox 2021 768 2098 825; x_wconf 92' lang='lat' dir='ltr'><strong>ut</strong></span> <span class='ocrx_word' id='word_1_36' title='bbox 2148 760 2378 838; x_wconf 74' lang='lat' dir='ltr'><strong>malim</strong></span> 
     </span>
    </p>

    <p class='ocr_par' dir='ltr' id='par_1_4' title="bbox 443 845 2378 928">
     <span class='ocr_line' id='line_1_6' title="bbox 443 845 2378 928; baseline -0.002 -15"><span class='ocrx_word' id='word_1_37' title='bbox 443 865 655 913; x_wconf 88' lang='lat' dir='ltr'><strong>eoram</strong></span> <span class='ocrx_word' id='word_1_38' title='bbox 695 866 969 912; x_wconf 84' lang='lat' dir='ltr'><strong>narrare</strong></span> <span class='ocrx_word' id='word_1_39' title='bbox 1010 865 1207 928; x_wconf 89' lang='lat' dir='ltr'><strong>quam</strong></span> <span class='ocrx_word' id='word_1_40' title='bbox 1249 845 1459 911; x_wconf 85' lang='lat' dir='ltr'><strong>literis</strong></span> <span class='ocrx_word' id='word_1_41' title='bbox 1502 847 1928 912; x_wconf 88' lang='lat' dir='ltr'><strong>committere.</strong></span> <span class='ocrx_word' id='word_1_42' title='bbox 1994 846 2143 911; x_wconf 90' lang='lat' dir='ltr'><strong>Hac</strong></span> <span class='ocrx_word' id='word_1_43' title='bbox 2186 854 2378 912; x_wconf 91' lang='lat' dir='ltr'><strong>nocte</strong></span> 
     </span>
    </p>

    <p class='ocr_par' dir='ltr' id='par_1_5' title="bbox 439 930 2380 1530">
     <span class='ocr_line' id='line_1_7' title="bbox 442 930 2378 1015; baseline -0.001 -18"><span class='ocrx_word' id='word_1_44' title='bbox 442 953 607 997; x_wconf 84' lang='lat' dir='ltr'><strong>uxor</strong></span> <span class='ocrx_word' id='word_1_45' title='bbox 660 930 922 998; x_wconf 65' lang='lat' dir='ltr'><strong>canitis</strong></span> <span class='ocrx_word' id='word_1_46' title='bbox 982 930 1160 997; x_wconf 85' lang='lat' dir='ltr'><strong>obiit.</strong></span> <span class='ocrx_word' id='word_1_47' title='bbox 1187 935 1245 1008; x_wconf 80' lang='lat'><strong>⁸)</strong></span> <span class='ocrx_word' id='word_1_48' title='bbox 1346 930 1582 997; x_wconf 80' lang='lat' dir='ltr'><strong>Saluta</strong></span> <span class='ocrx_word' id='word_1_49' title='bbox 1650 932 1923 1009; x_wconf 81' lang='lat' dir='ltr'><strong>amicos,</strong></span> <span class='ocrx_word' id='word_1_50' title='bbox 1988 932 2378 1015; x_wconf 85' lang='lat' dir='ltr'><strong>praesertim</strong></span> 
     </span>
     <span class='ocr_line' id='line_1_8' title="bbox 444 1015 2377 1084; baseline -0.001 -1"><span class='ocrx_word' id='word_1_51' title='bbox 444 1016 845 1084; x_wconf 86' lang='lat' dir='ltr'><strong>domesticos.</strong></span> <span class='ocrx_word' id='word_1_52' title='bbox 942 1017 1165 1082; x_wconf 88' lang='lat' dir='ltr'><strong>Nostri</strong></span> <span class='ocrx_word' id='word_1_53' title='bbox 1230 1025 1296 1083; x_wconf 90' lang='lat' dir='ltr'><strong>te</strong></span> <span class='ocrx_word' id='word_1_54' title='bbox 1361 1017 1653 1083; x_wconf 87' lang='lat' dir='ltr'><strong>salutant</strong></span> <span class='ocrx_word' id='word_1_55' title='bbox 1711 1037 1955 1082; x_wconf 89' lang='lat' dir='ltr'><strong>omnes.</strong></span> <span class='ocrx_word' id='word_1_56' title='bbox 2058 1015 2377 1082; x_wconf 83' lang='lat' dir='ltr'><strong>Redditae</strong></span> 
     </span>
     <span class='ocr_line' id='line_1_9' title="bbox 443 1100 2379 1185; baseline 0.001 -18"><span class='ocrx_word' id='word_1_57' title='bbox 443 1111 595 1168; x_wconf 89' lang='lat' dir='ltr'><strong>sunt</strong></span> <span class='ocrx_word' id='word_1_58' title='bbox 633 1103 801 1167; x_wconf 91' lang='lat' dir='ltr'><strong>mihi</strong></span> <span class='ocrx_word' id='word_1_59' title='bbox 847 1101 1090 1168; x_wconf 74' lang='lat' dir='ltr'><strong>Farelli</strong></span> <span class='ocrx_word' id='word_1_60' title='bbox 1143 1103 1370 1168; x_wconf 89' lang='lat' dir='ltr'><strong>literae</strong></span> <span class='ocrx_word' id='word_1_61' title='bbox 1414 1100 1650 1185; x_wconf 90' lang='lat' dir='ltr'><strong>quibus</strong></span> <span class='ocrx_word' id='word_1_62' title='bbox 1693 1103 1991 1167; x_wconf 85' lang='lat' dir='ltr'><strong>meminit</strong></span> <span class='ocrx_word' id='word_1_63' title='bbox 2034 1100 2114 1167; x_wconf 90' lang='lat' dir='ltr'><strong>de</strong></span> <span class='ocrx_word' id='word_1_64' title='bbox 2162 1101 2379 1168; x_wconf 81' lang='lat' dir='ltr'><strong>Sebas-</strong></span> 
     </span>
     <span class='ocr_line' id='line_1_10' title="bbox 439 1187 2378 1270; baseline -0.001 -16"><span class='ocrx_word' id='word_1_65' title='bbox 439 1188 638 1267; x_wconf 61' lang='lat' dir='ltr'><strong>tiano,</strong></span> <span class='ocrx_word' id='word_1_66' title='bbox 745 1189 816 1253; x_wconf 89' lang='lat' dir='ltr'><strong>ui</strong></span> <span class='ocrx_word' id='word_1_67' title='bbox 876 1188 1003 1252; x_wconf 82' lang='lat' dir='ltr'><strong>fuit</strong></span> <span class='ocrx_word' id='word_1_68' title='bbox 1051 1187 1355 1253; x_wconf 90' lang='lat' dir='ltr'><strong>Neocomi</strong></span> <span class='ocrx_word' id='word_1_69' title='bbox 1423 1197 1491 1252; x_wconf 91' lang='lat' dir='ltr'><strong>et</strong></span> <span class='ocrx_word' id='word_1_70' title='bbox 1544 1189 1651 1270; x_wconf 90' lang='lat' dir='ltr'><strong>qui</strong></span> <span class='ocrx_word' id='word_1_71' title='bbox 1716 1188 1924 1251; x_wconf 87' lang='lat' dir='ltr'><strong>multa</strong></span> <span class='ocrx_word' id='word_1_72' title='bbox 1986 1195 2378 1270; x_wconf 85' lang='lat' dir='ltr'><strong>conquestus</strong></span> 
     </span>
     <span class='ocr_line' id='line_1_11' title="bbox 442 1272 2378 1357; baseline -0.002 -18"><span class='ocrx_word' id='word_1_73' title='bbox 442 1281 558 1339; x_wconf 87' lang='lat' dir='ltr'><strong>est.</strong></span> <span class='ocrx_word' id='word_1_74' title='bbox 576 1274 637 1357; x_wconf 84' lang='lat'><strong>⁴)</strong></span> <span class='ocrx_word' id='word_1_75' title='bbox 789 1273 897 1338; x_wconf 90' lang='lat' dir='ltr'><strong>ide</strong></span> <span class='ocrx_word' id='word_1_76' title='bbox 951 1293 1035 1339; x_wconf 93' lang='lat' dir='ltr'><strong>ne</strong></span> <span class='ocrx_word' id='word_1_77' title='bbox 1088 1275 1233 1357; x_wconf 92' lang='lat' dir='ltr'><strong>quis</strong></span> <span class='ocrx_word' id='word_1_78' title='bbox 1332 1272 1641 1356; x_wconf 91' lang='lat' dir='ltr'><strong>uidquam</strong></span> <span class='ocrx_word' id='word_1_79' title='bbox 1682 1272 1990 1338; x_wconf 88' lang='lat' dir='ltr'><strong>moliatur</strong></span> <span class='ocrx_word' id='word_1_80' title='bbox 2031 1272 2378 1339; x_wconf 84' lang='lat' dir='ltr'><strong>adversum</strong></span> 
     </span>
     <span class='ocr_line' id='line_1_12' title="bbox 441 1357 2380 1426; baseline -0.001 -1"><span class='ocrx_word' id='word_1_81' title='bbox 441 1365 521 1425; x_wconf 82' lang='lat' dir='ltr'><strong>te.</strong></span> <span class='ocrx_word' id='word_1_82' title='bbox 608 1357 745 1426; x_wconf 78' lang='lat' dir='ltr'><strong>Sed</strong></span> <span class='ocrx_word' id='word_1_83' title='bbox 785 1360 1111 1426; x_wconf 83' lang='lat' dir='ltr'><strong>Dominus</strong></span> <span class='ocrx_word' id='word_1_84' title='bbox 1165 1380 1285 1425; x_wconf 90' lang='lat' dir='ltr'><strong>con</strong></span> <span class='ocrx_word' id='word_1_85' title='bbox 1336 1359 1464 1426; x_wconf 86' lang='lat' dir='ltr'><strong>ciet</strong></span> <span class='ocrx_word' id='word_1_86' title='bbox 1515 1359 1826 1425; x_wconf 64' lang='lat' dir='ltr'><strong>aemulos</strong></span> <span class='ocrx_word' id='word_1_87' title='bbox 1913 1357 2101 1424; x_wconf 86' lang='lat' dir='ltr'><strong>Vale.</strong></span> <span class='ocrx_word' id='word_1_88' title='bbox 2201 1359 2380 1425; x_wconf 86' lang='lat' dir='ltr'><strong>Lau-</strong></span> 
     </span>
     <span class='ocr_line' id='line_1_13' title="bbox 440 1446 1349 1530; baseline 0 -20"><span class='ocrx_word' id='word_1_89' title='bbox 440 1464 684 1511; x_wconf 89' lang='lat' dir='ltr'><strong>sannae</strong></span> <span class='ocrx_word' id='word_1_90' title='bbox 727 1449 786 1510; x_wconf 90' lang='lat'><strong>4.</strong></span> <span class='ocrx_word' id='word_1_91' title='bbox 832 1446 1116 1530; x_wconf 79' lang='lat' dir='ltr'><strong>Augusti</strong></span> <span class='ocrx_word' id='word_1_92' title='bbox 1168 1450 1349 1510; x_wconf 82' lang='lat'><strong>1544.</strong></span> 
     </span>
    </p>
   </div>
   <div class='ocr_carea' id='block_1_3' title="bbox 1230 1755 1617 1762">
    <p class='ocr_par' dir='ltr' id='par_1_6' title="bbox 1230 1755 1617 1762">
     <span class='ocr_line' id='line_1_14' title="bbox 1230 1755 1617 1762; baseline -0.005 0"><span class='ocrx_word' id='word_1_93' title='bbox 1230 1757 1273 1762; x_wconf 86' lang='grc'><strong>--</strong></span> <span class='ocrx_word' id='word_1_94' title='bbox 1310 1755 1435 1761; x_wconf 69' lang='grc'><strong>---</strong></span> <span class='ocrx_word' id='word_1_95' title='bbox 1462 1756 1479 1762; x_wconf 82' lang='grc'><strong>.-</strong></span> <span class='ocrx_word' id='word_1_96' title='bbox 1568 1755 1617 1762; x_wconf 69' lang='lat'><em>...-</em></span> 
     </span>
    </p>
   </div>
   <div class='ocr_carea' id='block_1_4' title="bbox 968 1987 1854 2212">
    <p class='ocr_par' dir='ltr' id='par_1_7' title="bbox 968 1987 1854 2212">
     <span class='ocr_line' id='line_1_15' title="bbox 1332 1987 1481 2058; baseline 0.007 -1"><span class='ocrx_word' id='word_1_97' title='bbox 1332 1987 1481 2058; x_wconf 76' lang='lat'><strong>567.</strong></span> 
     </span>
     <span class='ocr_line' id='line_1_16' title="bbox 968 2139 1854 2212; baseline 0.001 -5"><span class='ocrx_word' id='word_1_98' title='bbox 968 2141 1373 2212; x_wconf 75' lang='lat' dir='ltr'>VIRETUS</span> <span class='ocrx_word' id='word_1_99' title='bbox 1419 2139 1854 2210; x_wconf 85' lang='lat' dir='ltr'><strong>CALVINO.</strong></span> 
     </span>
    </p>
   </div>
   <div class='ocr_carea' id='block_1_5' title="bbox 434 2312 2391 2654">
    <p class='ocr_par' dir='ltr' id='par_1_8' title="bbox 434 2312 2391 2654">
     <span class='ocr_line' id='line_1_17' title="bbox 614 2312 2388 2396; baseline 0 -17"><span class='ocrx_word' id='word_1_100' title='bbox 614 2312 717 2380; x_wconf 80' lang='lat' dir='ltr'><strong>De</strong></span> <span class='ocrx_word' id='word_1_101' title='bbox 792 2313 1158 2381; x_wconf 80' lang='lat' dir='ltr'><strong>Castellione</strong></span> <span class='ocrx_word' id='word_1_102' title='bbox 1222 2320 1276 2380; x_wconf 78' lang='lat' dir='ltr'><strong>et</strong></span> <span class='ocrx_word' id='word_1_103' title='bbox 1346 2313 1655 2381; x_wconf 79' lang='lat' dir='ltr'><strong>Zebedaeo</strong></span> <span class='ocrx_word' id='word_1_104' title='bbox 1705 2314 2044 2396; x_wconf 77' lang='lat' dir='ltr'><strong>praefatus</strong></span> <span class='ocrx_word' id='word_1_105' title='bbox 2105 2313 2388 2379; x_wconf 77' lang='lat' dir='ltr'><strong>ministri</strong></span> 
     </span>
     <span class='ocr_line' id='line_1_18' title="bbox 434 2399 2388 2480; baseline -0.003 -10"><span class='ocrx_word' id='word_1_106' title='bbox 434 2399 773 2470; x_wconf 74' lang='lat' dir='ltr'><strong>cuiusdam</strong></span> <span class='ocrx_word' id='word_1_107' title='bbox 813 2401 1003 2466; x_wconf 77' lang='lat' dir='ltr'><strong>vicini</strong></span> <span class='ocrx_word' id='word_1_108' title='bbox 1046 2401 1361 2466; x_wconf 77' lang='lat' dir='ltr'><strong>desideria</strong></span> <span class='ocrx_word' id='word_1_109' title='bbox 1421 2420 1497 2464; x_wconf 77' lang='lat' dir='ltr'><strong>ex</strong></span> <span class='ocrx_word' id='word_1_110' title='bbox 1616 2401 1669 2465; x_wconf 74' lang='lat' dir='ltr'><strong>it</strong></span> <span class='ocrx_word' id='word_1_111' title='bbox 1763 2400 1953 2464; x_wconf 74' lang='lat' dir='ltr'><strong>uibus</strong></span> <span class='ocrx_word' id='word_1_112' title='bbox 2004 2401 2139 2480; x_wconf 79' lang='lat' dir='ltr'><strong>ipse</strong></span> <span class='ocrx_word' id='word_1_113' title='bbox 2174 2399 2388 2464; x_wconf 78' lang='lat' dir='ltr'><strong>minus</strong></span> 
     </span>
     <span class='ocr_line' id='line_1_19' title="bbox 434 2484 2391 2570; baseline 0.001 -19"><span class='ocrx_word' id='word_1_114' title='bbox 434 2487 625 2570; x_wconf 80' lang='lat' dir='ltr'><strong>favet.</strong></span> <span class='ocrx_word' id='word_1_115' title='bbox 712 2486 981 2551; x_wconf 77' lang='lat' dir='ltr'><strong>Tossani</strong></span> <span class='ocrx_word' id='word_1_116' title='bbox 1020 2488 1433 2568; x_wconf 56' lang='lat' dir='ltr'><strong>quaestionem</strong></span> <span class='ocrx_word' id='word_1_117' title='bbox 1513 2506 1545 2550; x_wconf 83' lang='lat' dir='ltr'><strong>e</strong></span> <span class='ocrx_word' id='word_1_118' title='bbox 1585 2486 1846 2551; x_wconf 60' lang='lat' dir='ltr'><strong>madvere</strong></span> <span class='ocrx_word' id='word_1_119' title='bbox 1886 2485 1957 2549; x_wconf 78' lang='lat' dir='ltr'><strong>in</strong></span> <span class='ocrx_word' id='word_1_120' title='bbox 1999 2484 2251 2550; x_wconf 78' lang='lat' dir='ltr'><strong>ecclesia</strong></span> <span class='ocrx_word' id='word_1_121' title='bbox 2286 2485 2391 2552; x_wconf 77' lang='lat' dir='ltr'><strong>do-</strong></span> 
     </span>
     <span class='ocr_line' id='line_1_20' title="bbox 437 2572 900 2654; baseline -0.004 -16"><span class='ocrx_word' id='word_1_122' title='bbox 437 2578 610 2638; x_wconf 80' lang='lat' dir='ltr'><strong>cente</strong></span> <span class='ocrx_word' id='word_1_123' title='bbox 643 2572 900 2654; x_wconf 78' lang='lat' dir='ltr'><strong>profert.</strong></span> 
     </span>
    </p>
   </div>
   <div class='ocr_carea' id='block_1_6' title="bbox 723 2739 2112 2810">
    <p class='ocr_par' dir='ltr' id='par_1_9' title="bbox 723 2739 2112 2810">
     <span class='ocr_line' id='line_1_21' title="bbox 723 2739 2112 2810; baseline -0.001 -15"><span class='ocrx_word' id='word_1_124' title='bbox 723 2742 834 2808; x_wconf 80' lang='lat' dir='ltr'><strong>(Ex</strong></span> <span class='ocrx_word' id='word_1_125' title='bbox 869 2741 1204 2810; x_wconf 80' lang='lat' dir='ltr'><strong>autographo</strong></span> <span class='ocrx_word' id='word_1_126' title='bbox 1239 2740 1373 2795; x_wconf 83' lang='lat' dir='ltr'><strong>Ood.</strong></span> <span class='ocrx_word' id='word_1_127' title='bbox 1410 2741 1613 2796; x_wconf 78' lang='lat' dir='ltr'><strong>Genev.</strong></span> <span class='ocrx_word' id='word_1_128' title='bbox 1649 2739 1788 2792; x_wconf 75' lang='lat'>111⁸,</span> <span class='ocrx_word' id='word_1_129' title='bbox 1840 2740 1931 2793; x_wconf 78' lang='lat' dir='ltr'><strong>fol.</strong></span> <span class='ocrx_word' id='word_1_130' title='bbox 1972 2739 2112 2805; x_wconf 75' lang='lat'><strong>136.)</strong></span> 
     </span>
    </p>
   </div>
   <div class='ocr_carea' id='block_1_7' title="bbox 442 2927 2394 3165">
    <p class='ocr_par' dir='ltr' id='par_1_10' title="bbox 442 2927 2394 3165">
     <span class='ocr_line' id='line_1_22' title="bbox 616 2927 2394 3012; baseline -0.003 -16"><span class='ocrx_word' id='word_1_131' title='bbox 616 2931 849 2996; x_wconf 90' lang='lat' dir='ltr'><strong>Ioanni</strong></span> <span class='ocrx_word' id='word_1_132' title='bbox 922 2928 1201 2997; x_wconf 81' lang='lat' dir='ltr'><strong>Oalvino</strong></span> <span class='ocrx_word' id='word_1_133' title='bbox 1273 2928 1686 2995; x_wconf 86' lang='lat' dir='ltr'><strong>Genevensis</strong></span> <span class='ocrx_word' id='word_1_134' title='bbox 1766 2928 2074 2994; x_wconf 88' lang='lat' dir='ltr'><strong>ecclesiae</strong></span> <span class='ocrx_word' id='word_1_135' title='bbox 2147 2927 2394 3012; x_wconf 85' lang='lat' dir='ltr'><strong>pastori</strong></span> 
     </span>
     <span class='ocr_line' id='line_1_23' title="bbox 442 3015 1802 3102; baseline -0.003 -21"><span class='ocrx_word' id='word_1_136' title='bbox 442 3016 951 3102; x_wconf 83' lang='lat' dir='ltr'><strong>vigilantissimo</strong></span> <span class='ocrx_word' id='word_1_137' title='bbox 993 3015 1185 3080; x_wconf 87' lang='lat' dir='ltr'><strong>fratri</strong></span> <span class='ocrx_word' id='word_1_138' title='bbox 1226 3036 1423 3098; x_wconf 90' lang='lat' dir='ltr'><strong>quam</strong></span> <span class='ocrx_word' id='word_1_139' title='bbox 1466 3015 1802 3081; x_wconf 89' lang='lat' dir='ltr'><strong>carissimo</strong></span> 
     </span>
     <span class='ocr_line' id='line_1_24' title="bbox 1889 3097 2222 3165; baseline -0.003 0"><span class='ocrx_word' id='word_1_140' title='bbox 1889 3097 2222 3165; x_wconf 80' lang='lat' dir='ltr'><strong>Genevae.</strong></span> 
     </span>
    </p>
   </div>
   <div class='ocr_carea' id='block_1_8' title="bbox 439 3235 2400 3921">
    <p class='ocr_par' dir='ltr' id='par_1_11' title="bbox 439 3235 2400 3921">
     <span class='ocr_line' id='line_1_25' title="bbox 621 3235 2394 3316; baseline -0.002 -13"><span class='ocrx_word' id='word_1_141' title='bbox 621 3236 691 3303; x_wconf 81' lang='grc' dir='ltr'><strong>Β.</strong></span> <span class='ocrx_word' id='word_1_142' title='bbox 771 3237 957 3303; x_wconf 88' lang='lat' dir='ltr'><strong>Nihil</strong></span> <span class='ocrx_word' id='word_1_143' title='bbox 1015 3237 1099 3302; x_wconf 90' lang='lat' dir='ltr'><strong>ad</strong></span> <span class='ocrx_word' id='word_1_144' title='bbox 1152 3245 1218 3301; x_wconf 87' lang='lat' dir='ltr'><strong>te</strong></span> <span class='ocrx_word' id='word_1_145' title='bbox 1276 3235 1557 3302; x_wconf 88' lang='lat' dir='ltr'><strong>scribere</strong></span> <span class='ocrx_word' id='word_1_146' title='bbox 1615 3235 2062 3312; x_wconf 75' lang='lat' dir='ltr'><strong>decreveram,</strong></span> <span class='ocrx_word' id='word_1_147' title='bbox 2123 3254 2394 3316; x_wconf 90' lang='lat' dir='ltr'><strong>sperans</strong></span> 
     </span>
     <span class='ocr_line' id='line_1_26' title="bbox 439 3319 2399 3406; baseline -0.004 -15"><span class='ocrx_word' id='word_1_148' title='bbox 439 3324 589 3391; x_wconf 75' lang='lat' dir='ltr'><strong>fore</strong></span> <span class='ocrx_word' id='word_1_149' title='bbox 632 3338 709 3387; x_wconf 82' lang='lat' dir='ltr'><strong>ut</strong></span> <span class='ocrx_word' id='word_1_150' title='bbox 751 3321 1100 3406; x_wconf 89' lang='lat' dir='ltr'><strong>aliquando</strong></span> <span class='ocrx_word' id='word_1_151' title='bbox 1154 3322 1556 3387; x_wconf 75' lang='lat' dir='ltr'><strong>occasionem</strong></span> <span class='ocrx_word' id='word_1_152' title='bbox 1611 3330 1905 3405; x_wconf 88' lang='lat' dir='ltr'><strong>captares</strong></span> <span class='ocrx_word' id='word_1_153' title='bbox 1947 3319 2285 3402; x_wconf 89' lang='lat' dir='ltr'><strong>hucusque</strong></span> <span class='ocrx_word' id='word_1_154' title='bbox 2328 3319 2399 3384; x_wconf 81' lang='lat' dir='ltr'><strong>et&#39;</strong></span> 
     </span>
     <span class='ocr_line' id='line_1_27' title="bbox 444 3405 2396 3492; baseline -0.003 -15"><span class='ocrx_word' id='word_1_155' title='bbox 444 3411 852 3477; x_wconf 84' lang='lat' dir='ltr'><strong>Neocomum</strong></span> <span class='ocrx_word' id='word_1_156' title='bbox 924 3407 1353 3492; x_wconf 85' lang='lat' dir='ltr'><strong>exspatiandi.</strong></span> <span class='ocrx_word' id='word_1_157' title='bbox 1380 3408 1429 3491; x_wconf 84' lang='lat'><strong>¹)</strong></span> <span class='ocrx_word' id='word_1_158' title='bbox 1538 3406 1710 3470; x_wconf 91' lang='lat' dir='ltr'><strong>Nam</strong></span> <span class='ocrx_word' id='word_1_159' title='bbox 1784 3406 1910 3471; x_wconf 90' lang='lat' dir='ltr'><strong>nisi</strong></span> <span class='ocrx_word' id='word_1_160' title='bbox 1988 3417 2057 3470; x_wconf 90' lang='lat' dir='ltr'><strong>te</strong></span> <span class='ocrx_word' id='word_1_161' title='bbox 2120 3405 2396 3488; x_wconf 88' lang='lat' dir='ltr'><strong>negotiis</strong></span> 
     </span>
     <span class='ocr_line' id='line_1_28' title="bbox 445 3489 2398 3579; baseline -0.004 -18"><span class='ocrx_word' id='word_1_162' title='bbox 445 3497 703 3563; x_wconf 82' lang='lat' dir='ltr'><strong>eximas</strong></span> <span class='ocrx_word' id='word_1_163' title='bbox 747 3496 865 3560; x_wconf 81' lang='lat' dir='ltr'><strong>vix</strong></span> <span class='ocrx_word' id='word_1_164' title='bbox 920 3515 1211 3579; x_wconf 88' lang='lat' dir='ltr'><strong>unquam</strong></span> <span class='ocrx_word' id='word_1_165' title='bbox 1267 3494 1590 3578; x_wconf 87' lang='lat' dir='ltr'><strong>respirare</strong></span> <span class='ocrx_word' id='word_1_166' title='bbox 1644 3489 1882 3557; x_wconf 84' lang='lat' dir='ltr'><strong>licebit.</strong></span> <span class='ocrx_word' id='word_1_167' title='bbox 1972 3489 2198 3570; x_wconf 81' lang='lat' dir='ltr'><strong>Quum</strong></span> <span class='ocrx_word' id='word_1_168' title='bbox 2241 3509 2398 3573; x_wconf 86' lang='lat' dir='ltr'><strong>ergo</strong></span> 
     </span>
     <span class='ocr_line' id='line_1_29' title="bbox 440 3575 2400 3662; baseline -0.005 -14"><span class='ocrx_word' id='word_1_169' title='bbox 440 3580 743 3648; x_wconf 82' lang='lat' dir='ltr'><strong>nondum</strong></span> <span class='ocrx_word' id='word_1_170' title='bbox 790 3579 962 3645; x_wconf 89' lang='lat' dir='ltr'><strong>hanc</strong></span> <span class='ocrx_word' id='word_1_171' title='bbox 1003 3580 1167 3644; x_wconf 86' lang='lat' dir='ltr'><strong>mihi</strong></span> <span class='ocrx_word' id='word_1_172' title='bbox 1208 3599 1393 3662; x_wconf 84' lang='lat' dir='ltr'><strong>spem</strong></span> <span class='ocrx_word' id='word_1_173' title='bbox 1435 3576 1857 3662; x_wconf 88' lang='lat' dir='ltr'><strong>praecideris,</strong></span> <span class='ocrx_word' id='word_1_174' title='bbox 1917 3575 2146 3640; x_wconf 87' lang='lat' dir='ltr'><strong>differo</strong></span> <span class='ocrx_word' id='word_1_175' title='bbox 2188 3575 2400 3640; x_wconf 86' lang='lat' dir='ltr'><strong>multa</strong></span> 
     </span>
     <span class='ocr_line' id='line_1_30' title="bbox 444 3659 2398 3747; baseline -0.004 -15"><span class='ocrx_word' id='word_1_176' title='bbox 444 3665 656 3733; x_wconf 88' lang='lat' dir='ltr'><strong>donec</strong></span> <span class='ocrx_word' id='word_1_177' title='bbox 696 3687 915 3731; x_wconf 91' lang='lat' dir='ltr'><strong>coram</strong></span> <span class='ocrx_word' id='word_1_178' title='bbox 961 3665 1232 3747; x_wconf 90' lang='lat' dir='ltr'><strong>colloqui</strong></span> <span class='ocrx_word' id='word_1_179' title='bbox 1268 3665 1477 3729; x_wconf 88' lang='lat' dir='ltr'><strong>liceat.</strong></span> <span class='ocrx_word' id='word_1_180' title='bbox 1564 3662 1981 3738; x_wconf 77' lang='lat' dir='ltr'><strong>Intellexisti,</strong></span> <span class='ocrx_word' id='word_1_181' title='bbox 2026 3682 2063 3726; x_wconf 95' lang='lat' dir='ltr'><strong>o</strong></span> <span class='ocrx_word' id='word_1_182' title='bbox 2111 3662 2273 3736; x_wconf 88' lang='lat' dir='ltr'><strong>inor,</strong></span> <span class='ocrx_word' id='word_1_183' title='bbox 2317 3659 2398 3725; x_wconf 87' lang='lat' dir='ltr'><strong>de</strong></span> 
     </span>
     <span class='ocr_line' id='line_1_31' title="bbox 449 3745 2399 3834; baseline -0.005 -16"><span class='ocrx_word' id='word_1_184' title='bbox 449 3752 820 3819; x_wconf 71' lang='lat' dir='ltr'><strong>Sebastiano</strong></span> <span class='ocrx_word' id='word_1_185' title='bbox 837 3802 851 3829; x_wconf 89' lang='lat'>‚</span> <span class='ocrx_word' id='word_1_186' title='bbox 911 3771 1106 3834; x_wconf 90' lang='lat' dir='ltr'><strong>quem</strong></span> <span class='ocrx_word' id='word_1_187' title='bbox 1163 3748 1358 3814; x_wconf 87' lang='lat' dir='ltr'><strong>audio</strong></span> <span class='ocrx_word' id='word_1_188' title='bbox 1402 3748 1732 3814; x_wconf 88' lang='lat' dir='ltr'><strong>Basileam</strong></span> <span class='ocrx_word' id='word_1_189' title='bbox 1791 3769 1860 3813; x_wconf 90' lang='lat' dir='ltr'><strong>se</strong></span> <span class='ocrx_word' id='word_1_190' title='bbox 1918 3745 2002 3811; x_wconf 88' lang='lat' dir='ltr'><strong>ad</strong></span> <span class='ocrx_word' id='word_1_191' title='bbox 2149 3746 2399 3811; x_wconf 76' lang='lat' dir='ltr'><strong>orinum</strong></span> 
     </span>
     <span class='ocr_line' id='line_1_32' title="bbox 443 3830 2399 3921; baseline -0.004 -17"><span class='ocrx_word' id='word_1_192' title='bbox 443 3838 756 3921; x_wconf 87' lang='lat' dir='ltr'><strong>recipere.</strong></span> <span class='ocrx_word' id='word_1_193' title='bbox 775 3840 832 3918; x_wconf 74' lang='grc'><strong>2)</strong></span> <span class='ocrx_word' id='word_1_194' title='bbox 899 3836 1112 3902; x_wconf 88' lang='lat' dir='ltr'><strong>Miror</strong></span> <span class='ocrx_word' id='word_1_195' title='bbox 1153 3843 1375 3900; x_wconf 89' lang='lat' dir='ltr'><strong>autem</strong></span> <span class='ocrx_word' id='word_1_196' title='bbox 1420 3833 1590 3917; x_wconf 91' lang='lat' dir='ltr'><strong>quod</strong></span> <span class='ocrx_word' id='word_1_197' title='bbox 1624 3852 1747 3897; x_wconf 89' lang='lat' dir='ltr'><strong>nec</strong></span> <span class='ocrx_word' id='word_1_198' title='bbox 1788 3833 1933 3898; x_wconf 91' lang='lat' dir='ltr'><strong>iens</strong></span> <span class='ocrx_word' id='word_1_199' title='bbox 1975 3853 2097 3897; x_wconf 90' lang='lat' dir='ltr'><strong>nec</strong></span> <span class='ocrx_word' id='word_1_200' title='bbox 2141 3830 2399 3896; x_wconf 87' lang='lat' dir='ltr'><strong>rediens</strong></span> 
     </span>
    </p>
   </div>
   <div class='ocr_carea' id='block_1_9' title="bbox 444 4012 861 4023">
    <p class='ocr_par' dir='ltr' id='par_1_12' title="bbox 444 4012 861 4023">
     <span class='ocr_line' id='line_1_33' title="bbox 444 4012 861 4023; baseline 0 2144"><span class='ocrx_word' id='word_1_201' title='bbox 444 4012 861 4023; x_wconf 95' lang='lat' dir='ltr'><strong> </strong></span> 
     </span>
    </p>
   </div>
   <div class='ocr_carea' id='block_1_10' title="bbox 453 4119 2407 4689">
    <p class='ocr_par' dir='ltr' id='par_1_13' title="bbox 453 4119 2405 4332">
     <span class='ocr_line' id='line_1_34' title="bbox 656 4119 2402 4196; baseline -0.004 -16"><span class='ocrx_word' id='word_1_202' title='bbox 656 4126 821 4196; x_wconf 58' lang='lat' dir='ltr'><strong>2)ae</strong></span> <span class='ocrx_word' id='word_1_203' title='bbox 869 4124 1069 4195; x_wconf 57' lang='lat' dir='ltr'><strong>quibus</strong></span> <span class='ocrx_word' id='word_1_204' title='bbox 1122 4123 1187 4177; x_wconf 71' lang='lat' dir='ltr'><strong>in</strong></span> <span class='ocrx_word' id='word_1_205' title='bbox 1233 4122 1634 4178; x_wconf 70' lang='lat' dir='ltr'><strong>commentariis</strong></span> <span class='ocrx_word' id='word_1_206' title='bbox 1689 4127 1914 4178; x_wconf 72' lang='lat' dir='ltr'><strong>senatus</strong></span> <span class='ocrx_word' id='word_1_207' title='bbox 1965 4119 2109 4174; x_wconf 61' lang='lat' dir='ltr'><strong>nona</strong></span> <span class='ocrx_word' id='word_1_208' title='bbox 2155 4120 2402 4190; x_wconf 61' lang='lat' dir='ltr'><strong>legimns.</strong></span> 
     </span>
     <span class='ocr_line' id='line_1_35' title="bbox 453 4187 2405 4260; baseline -0.006 -6"><span class='ocrx_word' id='word_1_209' title='bbox 453 4195 740 4255; x_wconf 68' lang='lat' dir='ltr'><strong>Videntur</strong></span> <span class='ocrx_word' id='word_1_210' title='bbox 781 4201 967 4250; x_wconf 69' lang='lat' dir='ltr'><strong>tamen</strong></span> <span class='ocrx_word' id='word_1_211' title='bbox 1014 4193 1267 4249; x_wconf 67' lang='lat' dir='ltr'><strong>Virmn·</strong></span> <span class='ocrx_word' id='word_1_212' title='bbox 1314 4191 1723 4247; x_wconf 67' lang='lat' dir='ltr'><strong>Genevensibwa</strong></span> <span class='ocrx_word' id='word_1_213' title='bbox 1766 4204 2026 4260; x_wconf 64' lang='lat' dir='ltr'><strong>nequeat,</strong></span> <span class='ocrx_word' id='word_1_214' title='bbox 2069 4190 2155 4243; x_wconf 74' lang='lat' dir='ltr'><strong>ita</strong></span> <span class='ocrx_word' id='word_1_215' title='bbox 2196 4193 2261 4242; x_wconf 67' lang='lat' dir='ltr'><strong>ut</strong></span> <span class='ocrx_word' id='word_1_216' title='bbox 2304 4187 2405 4243; x_wconf 77' lang='lat' dir='ltr'><strong>hoc</strong></span> 
     </span>
     <span class='ocr_line' id='line_1_36' title="bbox 464 4259 2405 4332; baseline -0.005 -11"><span class='ocrx_word' id='word_1_217' title='bbox 464 4261 1373 4332; x_wconf 53' lang='lat' dir='ltr'><strong>’mdicssAuyum&#39;Galmoe</strong></span> <span class='ocrx_word' id='word_1_218' title='bbox 1417 4261 1559 4316; x_wconf 74' lang='lat' dir='ltr'><strong>duos</strong></span> <span class='ocrx_word' id='word_1_219' title='bbox 1600 4259 2405 4327; x_wconf 66' lang='lat' dir='ltr'><strong>azioavocandoepropomre</strong></span> 
     </span>
    </p>

    <p class='ocr_par' dir='ltr' id='par_1_14' title="bbox 672 4329 1957 4401">
     <span class='ocr_line' id='line_1_37' title="bbox 672 4329 1957 4401; baseline -0.005 -12"><span class='ocrx_word' id='word_1_220' title='bbox 672 4332 1076 4401; x_wconf 72' lang='lat' dir='ltr'><strong>&#39;,Gallasium</strong></span> <span class='ocrx_word' id='word_1_221' title='bbox 1273 4329 1957 4401; x_wconf 54' lang='lat' dir='ltr'><strong>aeethmNp-mat.</strong></span> 
     </span>
    </p>

    <p class='ocr_par' dir='ltr' id='par_1_15' title="bbox 665 4397 1591 4470">
     <span class='ocr_line' id='line_1_38' title="bbox 665 4397 1591 4470; baseline -0.006 -12"><span class='ocrx_word' id='word_1_222' title='bbox 665 4400 1159 4470; x_wconf 72' lang='lat' dir='ltr'><strong>3&gt;Dequavide</strong></span> <span class='ocrx_word' id='word_1_223' title='bbox 1248 4397 1591 4454; x_wconf 59' lang='lat' dir='ltr'><strong>iretumld.</strong></span> 
     </span>
    </p>

    <p class='ocr_par' dir='ltr' id='par_1_16' title="bbox 455 4461 2407 4689">
     <span class='ocr_line' id='line_1_39' title="bbox 664 4461 2403 4545; baseline -0.006 -20"><span class='ocrx_word' id='word_1_224' title='bbox 664 4470 726 4539; x_wconf 83' lang='lat'><strong>4)</strong></span> <span class='ocrx_word' id='word_1_225' title='bbox 766 4469 1020 4525; x_wconf 64' lang='lat' dir='ltr'><strong>Castalio</strong></span> <span class='ocrx_word' id='word_1_226' title='bbox 1053 4469 1274 4524; x_wconf 62' lang='lat' dir='ltr'><strong>mandem</strong></span> <span class='ocrx_word' id='word_1_227' title='bbox 1312 4466 1506 4538; x_wconf 76' lang='lat' dir='ltr'><strong>pridie</strong></span> <span class='ocrx_word' id='word_1_228' title='bbox 1539 4465 1683 4520; x_wconf 72' lang='lat' dir='ltr'><strong>Idus</strong></span> <span class='ocrx_word' id='word_1_229' title='bbox 1715 4465 1863 4545; x_wconf 56' lang='lat' dir='ltr'><strong>Indi(</strong></span> <span class='ocrx_word' id='word_1_230' title='bbox 1891 4482 1930 4519; x_wconf 82' lang='lat' dir='ltr'><strong>a</strong></span> <span class='ocrx_word' id='word_1_231' title='bbox 1964 4463 2179 4519; x_wconf 68' lang='lat' dir='ltr'><strong>Senatu</strong></span> <span class='ocrx_word' id='word_1_232' title='bbox 2211 4461 2403 4516; x_wconf 72' lang='lat' dir='ltr'><strong>dimis-</strong></span> 
     </span>
     <span class='ocr_line' id='line_1_40' title="bbox 455 4535 2407 4609; baseline -0.005 -14"><span class='ocrx_word' id='word_1_233' title='bbox 455 4540 1179 4609; x_wconf 70' lang='lat' dir='ltr'><strong>meutpostquamiam</strong></span> <span class='ocrx_word' id='word_1_234' title='bbox 1223 4535 1601 4592; x_wconf 69' lang='lat' dir='ltr'><strong>d.12.1¹mii</strong></span> <span class='ocrx_word' id='word_1_235' title='bbox 1645 4535 2029 4589; x_wconf 53' lang='lat' dir='ltr'><strong>ambustam</strong></span> <span class='ocrx_word' id='word_1_236' title='bbox 2070 4535 2407 4586; x_wconf 61' lang='lat' dir='ltr'><strong>remma</strong></span> 
     </span>
     <span class='ocr_line' id='line_1_41' title="bbox 456 4602 2406 4689; baseline -0.005 -24"><span class='ocrx_word' id='word_1_237' title='bbox 456 4602 2406 4689; x_wconf 61' lang='lat' dir='ltr'><strong>caepi-feeiqoabimetiaminmcrecdwlasfiooucccmr</strong></span> 
     </span>
    </p>
   </div>
   <div class='ocr_carea' id='block_1_11' title="bbox 459 4675 2409 5298">
    <p class='ocr_par' dir='ltr' id='par_1_17' title="bbox 459 4675 2409 5298">
     <span class='ocr_line' id='line_1_42' title="bbox 495 4675 2408 4826; baseline -0.006 -25"><span class='ocrx_word' id='word_1_238' title='bbox 495 4747 628 4810; x_wconf 75' lang='grc'><strong>567.</strong></span> <span class='ocrx_word' id='word_1_239' title='bbox 664 4747 723 4815; x_wconf 90' lang='grc'><strong>1)</strong></span> <span class='ocrx_word' id='word_1_240' title='bbox 756 4675 1007 4826; x_wconf 43' lang='grc' dir='ltr'><strong><em>Εῇέιίρεο</em></strong></span> <span class='ocrx_word' id='word_1_241' title='bbox 1056 4749 1297 4814; x_wconf 72' lang='lat' dir='ltr'><strong>tempore</strong></span> <span class='ocrx_word' id='word_1_242' title='bbox 1340 4759 1540 4826; x_wconf 56' lang='lat' dir='ltr'><strong>revera</strong></span> <span class='ocrx_word' id='word_1_243' title='bbox 1572 4740 1634 4797; x_wconf 81' lang='grc' dir='ltr'><strong>Ο.</strong></span> <span class='ocrx_word' id='word_1_244' title='bbox 1666 4742 1912 4797; x_wconf 74' lang='lat' dir='ltr'><strong>Romam</strong></span> <span class='ocrx_word' id='word_1_245' title='bbox 1957 4754 2015 4794; x_wconf 73' lang='lat' dir='ltr'><strong>ec</strong></span> <span class='ocrx_word' id='word_1_246' title='bbox 2048 4737 2279 4793; x_wconf 70' lang='lat' dir='ltr'><strong>contulit</strong></span> <span class='ocrx_word' id='word_1_247' title='bbox 2310 4735 2408 4791; x_wconf 77' lang='lat' dir='ltr'><strong>scd</strong></span> 
     </span>
     <span class='ocr_line' id='line_1_43' title="bbox 459 4804 2406 4950; baseline -0.005 1"><span class='ocrx_word' id='word_1_248' title='bbox 459 4832 502 4870; x_wconf 75' lang='lat'>⁶</span> <span class='ocrx_word' id='word_1_249' title='bbox 535 4813 750 4950; x_wconf 48' lang='grc' dir='ltr'><strong>Ἦ*</strong></span> <span class='ocrx_word' id='word_1_250' title='bbox 767 4804 2406 4950; x_wconf 46' lang='lat' dir='ltr'><strong>aewmmxxffffaffl</strong></span> 
     </span>
     <span class='ocr_line' id='line_1_44' title="bbox 461 4943 2409 5076; baseline -0.006 -68"><span class='ocrx_word' id='word_1_251' title='bbox 461 4950 581 5076; x_wconf 55' lang='lat' dir='ltr'><strong>m</strong></span> <span class='ocrx_word' id='word_1_252' title='bbox 626 4952 696 5006; x_wconf 67' lang='lat' dir='ltr'><strong>in</strong></span> <span class='ocrx_word' id='word_1_253' title='bbox 749 4952 1075 5075; x_wconf 58' lang='grc' dir='ltr'>Ἢ</span> <span class='ocrx_word' id='word_1_254' title='bbox 1123 4956 1462 5073; x_wconf 58' lang='lat' dir='ltr'><strong>PW</strong></span> <span class='ocrx_word' id='word_1_255' title='bbox 1517 4949 1784 5004; x_wconf 67' lang='lat' dir='ltr'><strong>cietwnoe.</strong></span> <span class='ocrx_word' id='word_1_256' title='bbox 1868 4943 2152 5067; x_wconf 59' lang='lat' dir='ltr'><strong>Caetegnn</strong></span> <span class='ocrx_word' id='word_1_257' title='bbox 2196 4959 2266 5025; x_wconf 58' lang='lat' dir='ltr'><strong>m?</strong></span> <span class='ocrx_word' id='word_1_258' title='bbox 2306 4944 2409 4998; x_wconf 75' lang='lat' dir='ltr'><strong>hoc</strong></span> 
     </span>
     <span class='ocr_line' id='line_1_45' title="bbox 463 5012 2408 5171; baseline -0.006 -24"><span class='ocrx_word' id='word_1_259' title='bbox 463 5026 943 5171; x_wconf 50' lang='grc' dir='ltr'><strong>ῳᾶῧιέ...</strong></span> <span class='ocrx_word' id='word_1_260' title='bbox 973 5035 1158 5155; x_wconf 56' lang='grc' dir='ltr'><strong>...Ἐξ</strong></span> <span class='ocrx_word' id='word_1_261' title='bbox 1204 5024 1811 5170; x_wconf 51' lang='lat' dir='ltr'><strong>2,qu</strong></span> <span class='ocrx_word' id='word_1_262' title='bbox 1996 5012 2408 5137; x_wconf 48' lang='lat' dir='ltr'><strong>mmm*</strong></span> 
     </span>
     <span class='ocr_line' id='line_1_46' title="bbox 462 5151 2405 5298; baseline -0.006 -81"><span class='ocrx_word' id='word_1_263' title='bbox 462 5156 1405 5298; x_wconf 40' lang='lat' dir='ltr'><strong>mmjcffim</strong></span> <span class='ocrx_word' id='word_1_264' title='bbox 1426 5155 1655 5224; x_wconf 60' lang='lat' dir='ltr'><strong>Darem</strong></span> <span class='ocrx_word' id='word_1_265' title='bbox 1681 5172 1742 5232; x_wconf 71' lang='lat' dir='ltr'><strong>p.</strong></span> <span class='ocrx_word' id='word_1_266' title='bbox 1776 5151 1897 5211; x_wconf 74' lang='lat'><strong>349.</strong></span> <span class='ocrx_word' id='word_1_267' title='bbox 1964 5151 2208 5222; x_wconf 65' lang='lat' dir='ltr'><strong>Bonna,</strong></span> <span class='ocrx_word' id='word_1_268' title='bbox 2306 5166 2405 5206; x_wconf 69' lang='lat' dir='ltr'><strong>ou-</strong></span> 
     </span>
    </p>
   </div>
   <div class='ocr_carea' id='block_1_12' title="bbox 2127 316 2730 390">
    <p class='ocr_par' dir='ltr' id='par_1_18' title="bbox 2127 316 2730 390">
     <span class='ocr_line' id='line_1_47' title="bbox 2127 316 2730 390; baseline 0.012 -9"><span class='ocrx_word' id='word_1_269' title='bbox 2127 321 2288 384; x_wconf 76' lang='lat'>1544</span> <span class='ocrx_word' id='word_1_270' title='bbox 2333 316 2730 390; x_wconf 66' lang='lat' dir='ltr'><strong>AUGUSOE.</strong></span> 
     </span>
    </p>
   </div>
   <div class='ocr_carea' id='block_1_13' title="bbox 2425 524 2465 5271">
    <p class='ocr_par' dir='ltr' id='par_1_19' title="bbox 2425 524 2465 5271">
     <span class='ocr_line' id='line_1_48' title="bbox 2425 524 2465 5271; baseline 0 0"><span class='ocrx_word' id='word_1_271' title='bbox 2425 524 2465 5271; x_wconf 95' lang='lat' dir='ltr'><strong> </strong></span> 
     </span>
    </p>
   </div>
   <div class='ocr_carea' id='block_1_14' title="bbox 4297 322 4424 388">
    <p class='ocr_par' dir='ltr' id='par_1_20' title="bbox 4297 322 4424 388">
     <span class='ocr_line' id='line_1_49' title="bbox 4297 322 4424 388; baseline 0.055 -7"><span class='ocrx_word' id='word_1_272' title='bbox 4297 322 4424 388; x_wconf 80' lang='lat'><strong>&#39;742</strong></span> 
     </span>
    </p>
   </div>
   <div class='ocr_carea' id='block_1_15' title="bbox 2478 503 4475 3403">
    <p class='ocr_par' dir='ltr' id='par_1_21' title="bbox 2478 503 4429 1084">
     <span class='ocr_line' id='line_1_50' title="bbox 2478 503 4428 590; baseline 0.001 -19"><span class='ocrx_word' id='word_1_273' title='bbox 2478 525 2820 590; x_wconf 87' lang='lat' dir='ltr'><strong>nunquam</strong></span> <span class='ocrx_word' id='word_1_274' title='bbox 2874 503 2998 570; x_wconf 89' lang='lat' dir='ltr'><strong>hac</strong></span> <span class='ocrx_word' id='word_1_275' title='bbox 3063 504 3191 569; x_wconf 90' lang='lat' dir='ltr'><strong>iter</strong></span> <span class='ocrx_word' id='word_1_276' title='bbox 3243 503 3489 572; x_wconf 83' lang='lat' dir='ltr'><strong>fecerit.</strong></span> <span class='ocrx_word' id='word_1_277' title='bbox 3590 505 3806 570; x_wconf 80' lang='lat' dir='ltr'><strong>Multa</strong></span> <span class='ocrx_word' id='word_1_278' title='bbox 3867 512 4261 588; x_wconf 86' lang='lat' dir='ltr'><strong>conquestus</strong></span> <span class='ocrx_word' id='word_1_279' title='bbox 4323 517 4428 572; x_wconf 89' lang='lat' dir='ltr'><strong>est</strong></span> 
     </span>
     <span class='ocr_line' id='line_1_51' title="bbox 2480 588 4426 675; baseline -0.001 -19"><span class='ocrx_word' id='word_1_280' title='bbox 2480 591 2684 656; x_wconf 88' lang='lat' dir='ltr'><strong>etiam</strong></span> <span class='ocrx_word' id='word_1_281' title='bbox 2735 589 2911 675; x_wconf 86' lang='lat' dir='ltr'><strong>apud</strong></span> <span class='ocrx_word' id='word_1_282' title='bbox 2969 588 3352 655; x_wconf 78' lang='lat' dir='ltr'><strong>Zebedaeum</strong></span> <span class='ocrx_word' id='word_1_283' title='bbox 3415 610 3534 656; x_wconf 92' lang='lat' dir='ltr'><strong>suo</strong></span> <span class='ocrx_word' id='word_1_284' title='bbox 3598 612 3795 656; x_wconf 91' lang='lat' dir='ltr'><strong>more.</strong></span> <span class='ocrx_word' id='word_1_285' title='bbox 3906 590 4255 658; x_wconf 74' lang='lat' dir='ltr'><strong>Zebedaeus</strong></span> <span class='ocrx_word' id='word_1_286' title='bbox 4317 591 4426 656; x_wconf 90' lang='lat' dir='ltr'><strong>hic</strong></span> 
     </span>
     <span class='ocr_line' id='line_1_52' title="bbox 2479 674 4424 760; baseline -0.001 -18"><span class='ocrx_word' id='word_1_287' title='bbox 2479 685 2599 755; x_wconf 89' lang='lat' dir='ltr'><strong>est,</strong></span> <span class='ocrx_word' id='word_1_288' title='bbox 2641 676 2744 741; x_wconf 90' lang='lat' dir='ltr'><strong>cui</strong></span> <span class='ocrx_word' id='word_1_289' title='bbox 2786 695 3021 759; x_wconf 85' lang='lat' dir='ltr'><strong>parum</strong></span> <span class='ocrx_word' id='word_1_290' title='bbox 3077 675 3245 741; x_wconf 87' lang='lat' dir='ltr'><strong>bene</strong></span> <span class='ocrx_word' id='word_1_291' title='bbox 3298 696 3450 741; x_wconf 88' lang='lat' dir='ltr'><strong>cum</strong></span> <span class='ocrx_word' id='word_1_292' title='bbox 3506 676 3646 742; x_wconf 89' lang='lat' dir='ltr'><strong>suis</strong></span> <span class='ocrx_word' id='word_1_293' title='bbox 3683 674 3970 742; x_wconf 86' lang='lat' dir='ltr'><strong>Orbanis</strong></span> <span class='ocrx_word' id='word_1_294' title='bbox 4022 678 4342 743; x_wconf 85' lang='lat' dir='ltr'><strong>convenit.</strong></span> <span class='ocrx_word' id='word_1_295' title='bbox 4367 680 4424 760; x_wconf 80' lang='lat'><strong>⁸)</strong></span> 
     </span>
     <span class='ocr_line' id='line_1_53' title="bbox 2482 758 4426 843; baseline 0 -16"><span class='ocrx_word' id='word_1_296' title='bbox 2482 758 2710 843; x_wconf 76' lang='lat' dir='ltr'><strong>Quum</strong></span> <span class='ocrx_word' id='word_1_297' title='bbox 2753 760 2977 827; x_wconf 85' lang='lat' dir='ltr'><strong>Berua</strong></span> <span class='ocrx_word' id='word_1_298' title='bbox 3032 760 3293 827; x_wconf 89' lang='lat' dir='ltr'><strong>rediens</strong></span> <span class='ocrx_word' id='word_1_299' title='bbox 3337 759 3518 827; x_wconf 87' lang='lat' dir='ltr'><strong>Orba</strong></span> <span class='ocrx_word' id='word_1_300' title='bbox 3567 762 3695 826; x_wconf 90' lang='lat' dir='ltr'><strong>iter</strong></span> <span class='ocrx_word' id='word_1_301' title='bbox 3749 761 4030 828; x_wconf 85' lang='lat' dir='ltr'><strong>facerem</strong></span> <span class='ocrx_word' id='word_1_302' title='bbox 4048 813 4064 842; x_wconf 92' lang='lat'><strong>,</strong></span> <span class='ocrx_word' id='word_1_303' title='bbox 4124 761 4426 827; x_wconf 88' lang='lat' dir='ltr'><strong>nonnihil</strong></span> 
     </span>
     <span class='ocr_line' id='line_1_54' title="bbox 2480 844 4423 930; baseline 0.001 -19"><span class='ocrx_word' id='word_1_304' title='bbox 2480 867 2678 930; x_wconf 82' lang='lat' dir='ltr'><strong>aegre</strong></span> <span class='ocrx_word' id='word_1_305' title='bbox 2719 847 2876 912; x_wconf 89' lang='lat' dir='ltr'><strong>tulit</strong></span> <span class='ocrx_word' id='word_1_306' title='bbox 2928 846 3100 929; x_wconf 86' lang='lat' dir='ltr'><strong>quod</strong></span> <span class='ocrx_word' id='word_1_307' title='bbox 3141 853 3396 913; x_wconf 83' lang='lat' dir='ltr'><strong>veteres</strong></span> <span class='ocrx_word' id='word_1_308' title='bbox 3449 847 3746 929; x_wconf 74' lang='lat' dir='ltr'><strong>querelas</strong></span> <span class='ocrx_word' id='word_1_309' title='bbox 3803 844 4029 913; x_wconf 85' lang='lat' dir='ltr'><strong>audire</strong></span> <span class='ocrx_word' id='word_1_310' title='bbox 4084 847 4423 914; x_wconf 86' lang='lat' dir='ltr'><strong>noluerim.</strong></span> 
     </span>
     <span class='ocr_line' id='line_1_55' title="bbox 2481 931 4429 1017; baseline 0.001 -20"><span class='ocrx_word' id='word_1_311' title='bbox 2481 931 2673 998; x_wconf 91' lang='lat' dir='ltr'><strong>Dabo</strong></span> <span class='ocrx_word' id='word_1_312' title='bbox 2715 940 2939 998; x_wconf 89' lang='lat' dir='ltr'><strong>tamen</strong></span> <span class='ocrx_word' id='word_1_313' title='bbox 2980 952 3247 1016; x_wconf 90' lang='lat' dir='ltr'><strong>operam</strong></span> <span class='ocrx_word' id='word_1_314' title='bbox 3289 943 3381 1010; x_wconf 90' lang='lat' dir='ltr'><strong>ut,</strong></span> <span class='ocrx_word' id='word_1_315' title='bbox 3426 932 3636 1016; x_wconf 86' lang='lat' dir='ltr'><strong>quoad</strong></span> <span class='ocrx_word' id='word_1_316' title='bbox 3688 932 3829 998; x_wconf 88' lang='lat' dir='ltr'><strong>eius</strong></span> <span class='ocrx_word' id='word_1_317' title='bbox 3870 933 4013 998; x_wconf 90' lang='lat' dir='ltr'><strong>fieri</strong></span> <span class='ocrx_word' id='word_1_318' title='bbox 4056 934 4311 1017; x_wconf 88' lang='lat' dir='ltr'><strong>poterit,</strong></span> <span class='ocrx_word' id='word_1_319' title='bbox 4355 934 4429 998; x_wconf 89' lang='lat' dir='ltr'><strong>in</strong></span> 
     </span>
     <span class='ocr_line' id='line_1_56' title="bbox 2480 1017 3166 1084; baseline -0.001 -1"><span class='ocrx_word' id='word_1_320' title='bbox 2480 1017 2697 1084; x_wconf 88' lang='lat' dir='ltr'><strong>officio</strong></span> <span class='ocrx_word' id='word_1_321' title='bbox 2739 1018 3166 1084; x_wconf 88' lang='lat' dir='ltr'><strong>contineatur.</strong></span> 
     </span>
    </p>

    <p class='ocr_par' dir='ltr' id='par_1_22' title="bbox 2482 1102 4475 3046">
     <span class='ocr_line' id='line_1_57' title="bbox 2655 1102 4429 1185; baseline 0.002 -18"><span class='ocrx_word' id='word_1_322' title='bbox 2655 1103 2963 1168; x_wconf 86' lang='lat' dir='ltr'><strong>Minister</strong></span> <span class='ocrx_word' id='word_1_323' title='bbox 3004 1103 3439 1176; x_wconf 84' lang='lat' dir='ltr'><strong>Linirolius⁴)</strong></span> <span class='ocrx_word' id='word_1_324' title='bbox 3500 1102 3893 1185; x_wconf 76' lang='lat' dir='ltr'><strong>(Manilerus</strong></span> <span class='ocrx_word' id='word_1_325' title='bbox 3948 1104 4017 1169; x_wconf 91' lang='lat' dir='ltr'><strong>ni</strong></span> <span class='ocrx_word' id='word_1_326' title='bbox 4073 1103 4265 1170; x_wconf 84' lang='lat' dir='ltr'><strong>fallor</strong></span> <span class='ocrx_word' id='word_1_327' title='bbox 4318 1124 4429 1170; x_wconf 85' lang='lat' dir='ltr'><strong>vo-</strong></span> 
     </span>
     <span class='ocr_line' id='line_1_58' title="bbox 2483 1187 4431 1273; baseline 0.001 -21"><span class='ocrx_word' id='word_1_328' title='bbox 2483 1189 2716 1272; x_wconf 87' lang='lat' dir='ltr'><strong>catur),</strong></span> <span class='ocrx_word' id='word_1_329' title='bbox 2759 1190 2874 1271; x_wconf 91' lang='lat' dir='ltr'><strong>qui</strong></span> <span class='ocrx_word' id='word_1_330' title='bbox 2917 1210 3064 1255; x_wconf 91' lang='lat' dir='ltr'><strong>cum</strong></span> <span class='ocrx_word' id='word_1_331' title='bbox 3101 1189 3371 1253; x_wconf 86' lang='lat' dir='ltr'><strong>Puliaco</strong></span> <span class='ocrx_word' id='word_1_332' title='bbox 3410 1188 3630 1254; x_wconf 89' lang='lat' dir='ltr'><strong>locum</strong></span> <span class='ocrx_word' id='word_1_333' title='bbox 3674 1201 4070 1255; x_wconf 89' lang='lat' dir='ltr'><strong>commutare</strong></span> <span class='ocrx_word' id='word_1_334' title='bbox 4113 1188 4309 1273; x_wconf 91' lang='lat' dir='ltr'><strong>cupit,</strong></span> <span class='ocrx_word' id='word_1_335' title='bbox 4347 1187 4431 1254; x_wconf 89' lang='lat' dir='ltr'><strong>ad</strong></span> 
     </span>
     <span class='ocr_line' id='line_1_59' title="bbox 2482 1273 4430 1342; baseline 0 -4"><span class='ocrx_word' id='word_1_336' title='bbox 2482 1294 2592 1338; x_wconf 91' lang='lat' dir='ltr'><strong>me</strong></span> <span class='ocrx_word' id='word_1_337' title='bbox 2633 1273 2828 1340; x_wconf 88' lang='lat' dir='ltr'><strong>rediit</strong></span> <span class='ocrx_word' id='word_1_338' title='bbox 2881 1294 2957 1338; x_wconf 92' lang='lat' dir='ltr'><strong>ac</strong></span> <span class='ocrx_word' id='word_1_339' title='bbox 3000 1273 3192 1339; x_wconf 83' lang='lat' dir='ltr'><strong>valde</strong></span> <span class='ocrx_word' id='word_1_340' title='bbox 3230 1274 3471 1339; x_wconf 86' lang='lat' dir='ltr'><strong>institit</strong></span> <span class='ocrx_word' id='word_1_341' title='bbox 3511 1283 3588 1338; x_wconf 90' lang='lat' dir='ltr'><strong>ut</strong></span> <span class='ocrx_word' id='word_1_342' title='bbox 3626 1274 3698 1337; x_wconf 88' lang='lat' dir='ltr'><strong>in</strong></span> <span class='ocrx_word' id='word_1_343' title='bbox 3741 1274 3866 1342; x_wconf 89' lang='lat' dir='ltr'><strong>hac</strong></span> <span class='ocrx_word' id='word_1_344' title='bbox 3910 1278 3969 1339; x_wconf 89' lang='lat' dir='ltr'><strong>ei</strong></span> <span class='ocrx_word' id='word_1_345' title='bbox 4013 1295 4210 1341; x_wconf 81' lang='lat' dir='ltr'><strong>causa</strong></span> <span class='ocrx_word' id='word_1_346' title='bbox 4247 1275 4430 1341; x_wconf 80' lang='lat' dir='ltr'><strong>fave-</strong></span> 
     </span>
     <span class='ocr_line' id='line_1_60' title="bbox 2485 1358 4432 1438; baseline 0.001 -15"><span class='ocrx_word' id='word_1_347' title='bbox 2485 1379 2622 1424; x_wconf 88' lang='lat' dir='ltr'><strong>rem</strong></span> <span class='ocrx_word' id='word_1_348' title='bbox 2641 1410 2657 1438; x_wconf 94' lang='lat'><strong>,</strong></span> <span class='ocrx_word' id='word_1_349' title='bbox 2717 1368 2784 1425; x_wconf 87' lang='lat' dir='ltr'><strong>et</strong></span> <span class='ocrx_word' id='word_1_350' title='bbox 2825 1359 3050 1424; x_wconf 88' lang='lat' dir='ltr'><strong>multis</strong></span> <span class='ocrx_word' id='word_1_351' title='bbox 3091 1367 3363 1425; x_wconf 87' lang='lat' dir='ltr'><strong>conatus</strong></span> <span class='ocrx_word' id='word_1_352' title='bbox 3414 1368 3515 1425; x_wconf 89' lang='lat' dir='ltr'><strong>est</strong></span> <span class='ocrx_word' id='word_1_353' title='bbox 3565 1379 3779 1424; x_wconf 89' lang='lat' dir='ltr'><strong>meam</strong></span> <span class='ocrx_word' id='word_1_354' title='bbox 3832 1361 4224 1426; x_wconf 89' lang='lat' dir='ltr'><strong>sententiam</strong></span> <span class='ocrx_word' id='word_1_355' title='bbox 4266 1358 4432 1425; x_wconf 86' lang='lat' dir='ltr'><strong>mihi</strong></span> 
     </span>
     <span class='ocr_line' id='line_1_61' title="bbox 2485 1443 4432 1528; baseline 0.001 -19"><span class='ocrx_word' id='word_1_356' title='bbox 2485 1452 2891 1528; x_wconf 85' lang='lat' dir='ltr'><strong>extorquere,</strong></span> <span class='ocrx_word' id='word_1_357' title='bbox 2936 1452 3012 1508; x_wconf 90' lang='lat' dir='ltr'><strong>ut</strong></span> <span class='ocrx_word' id='word_1_358' title='bbox 3050 1443 3209 1528; x_wconf 90' lang='lat' dir='ltr'><strong>quid</strong></span> <span class='ocrx_word' id='word_1_359' title='bbox 3251 1445 3451 1509; x_wconf 89' lang='lat' dir='ltr'><strong>animi</strong></span> <span class='ocrx_word' id='word_1_360' title='bbox 3499 1445 3804 1510; x_wconf 87' lang='lat' dir='ltr'><strong>haberem</strong></span> <span class='ocrx_word' id='word_1_361' title='bbox 3846 1445 4231 1528; x_wconf 77' lang='lat' dir='ltr'><strong>exploraret.</strong></span> <span class='ocrx_word' id='word_1_362' title='bbox 4296 1445 4432 1510; x_wconf 86' lang='lat' dir='ltr'><strong>Re-</strong></span> 
     </span>
     <span class='ocr_line' id='line_1_62' title="bbox 2484 1529 4432 1614; baseline 0.001 -20"><span class='ocrx_word' id='word_1_363' title='bbox 2484 1530 2634 1594; x_wconf 88' lang='lat' dir='ltr'><strong>misi</strong></span> <span class='ocrx_word' id='word_1_364' title='bbox 2681 1529 2763 1594; x_wconf 89' lang='lat' dir='ltr'><strong>ad</strong></span> <span class='ocrx_word' id='word_1_365' title='bbox 2808 1530 3065 1608; x_wconf 78' lang='lat' dir='ltr'><strong>classes,</strong></span> <span class='ocrx_word' id='word_1_366' title='bbox 3110 1529 3409 1613; x_wconf 81' lang='lat' dir='ltr'><strong>quamvis</strong></span> <span class='ocrx_word' id='word_1_367' title='bbox 3452 1550 3637 1613; x_wconf 91' lang='lat' dir='ltr'><strong>spem</strong></span> <span class='ocrx_word' id='word_1_368' title='bbox 3684 1529 3971 1596; x_wconf 79' lang='lat' dir='ltr'><strong>adimere</strong></span> <span class='ocrx_word' id='word_1_369' title='bbox 4009 1530 4273 1614; x_wconf 85' lang='lat' dir='ltr'><strong>penitus</strong></span> <span class='ocrx_word' id='word_1_370' title='bbox 4317 1552 4432 1595; x_wconf 91' lang='lat' dir='ltr'><strong>no-</strong></span> 
     </span>
     <span class='ocr_line' id='line_1_63' title="bbox 2485 1614 4432 1692; baseline 0.001 -12"><span class='ocrx_word' id='word_1_371' title='bbox 2485 1614 2756 1692; x_wconf 89' lang='lat' dir='ltr'><strong>luerim,</strong></span> <span class='ocrx_word' id='word_1_372' title='bbox 2815 1635 2900 1679; x_wconf 89' lang='lat' dir='ltr'><strong>ne</strong></span> <span class='ocrx_word' id='word_1_373' title='bbox 2958 1615 3217 1680; x_wconf 85' lang='lat' dir='ltr'><strong>viderer</strong></span> <span class='ocrx_word' id='word_1_374' title='bbox 3272 1614 3586 1681; x_wconf 89' lang='lat' dir='ltr'><strong>classibus</strong></span> <span class='ocrx_word' id='word_1_375' title='bbox 3640 1627 3706 1679; x_wconf 91' lang='lat' dir='ltr'><strong>et</strong></span> <span class='ocrx_word' id='word_1_376' title='bbox 3763 1617 4072 1681; x_wconf 87' lang='lat' dir='ltr'><strong>fratribus</strong></span> <span class='ocrx_word' id='word_1_377' title='bbox 4128 1616 4432 1681; x_wconf 89' lang='lat' dir='ltr'><strong>omnibus</strong></span> 
     </span>
     <span class='ocr_line' id='line_1_64' title="bbox 2487 1698 4435 1783; baseline 0 -17"><span class='ocrx_word' id='word_1_378' title='bbox 2487 1698 2936 1783; x_wconf 87' lang='lat' dir='ltr'><strong>praeiudicare</strong></span> <span class='ocrx_word' id='word_1_379' title='bbox 2976 1721 3053 1766; x_wconf 92' lang='lat' dir='ltr'><strong>ac</strong></span> <span class='ocrx_word' id='word_1_380' title='bbox 3108 1721 3254 1766; x_wconf 87' lang='lat' dir='ltr'><strong>meo</strong></span> <span class='ocrx_word' id='word_1_381' title='bbox 3297 1700 3520 1766; x_wconf 91' lang='lat' dir='ltr'><strong>omnia</strong></span> <span class='ocrx_word' id='word_1_382' title='bbox 3563 1701 3833 1766; x_wconf 84' lang='lat' dir='ltr'><strong>arbitrio</strong></span> <span class='ocrx_word' id='word_1_383' title='bbox 3877 1700 4216 1766; x_wconf 89' lang='lat' dir='ltr'><strong>moderari.</strong></span> <span class='ocrx_word' id='word_1_384' title='bbox 4303 1700 4435 1766; x_wconf 89' lang='lat' dir='ltr'><strong>Ne-</strong></span> 
     </span>
     <span class='ocr_line' id='line_1_65' title="bbox 2488 1784 4434 1870; baseline 0.001 -20"><span class='ocrx_word' id='word_1_385' title='bbox 2488 1785 2643 1870; x_wconf 83' lang='lat' dir='ltr'><strong>gavi</strong></span> <span class='ocrx_word' id='word_1_386' title='bbox 2685 1791 2907 1850; x_wconf 86' lang='lat' dir='ltr'><strong>tamen</strong></span> <span class='ocrx_word' id='word_1_387' title='bbox 2951 1806 3071 1852; x_wconf 91' lang='lat' dir='ltr'><strong>nos</strong></span> <span class='ocrx_word' id='word_1_388' title='bbox 3112 1787 3464 1869; x_wconf 87' lang='lat' dir='ltr'><strong>scripturos</strong></span> <span class='ocrx_word' id='word_1_389' title='bbox 3512 1786 3635 1851; x_wconf 86' lang='lat' dir='ltr'><strong>hac</strong></span> <span class='ocrx_word' id='word_1_390' title='bbox 3678 1784 3757 1850; x_wconf 90' lang='lat' dir='ltr'><strong>de</strong></span> <span class='ocrx_word' id='word_1_391' title='bbox 3793 1807 3882 1864; x_wconf 91' lang='lat' dir='ltr'><strong>re,</strong></span> <span class='ocrx_word' id='word_1_392' title='bbox 3927 1786 4203 1852; x_wconf 88' lang='lat' dir='ltr'><strong>honesto</strong></span> <span class='ocrx_word' id='word_1_393' title='bbox 4245 1807 4434 1868; x_wconf 88' lang='lat' dir='ltr'><strong>prae-</strong></span> 
     </span>
     <span class='ocr_line' id='line_1_66' title="bbox 2488 1869 4436 1956; baseline 0.001 -20"><span class='ocrx_word' id='word_1_394' title='bbox 2488 1879 2714 1950; x_wconf 82' lang='lat' dir='ltr'><strong>textu,</strong></span> <span class='ocrx_word' id='word_1_395' title='bbox 2774 1869 2942 1954; x_wconf 88' lang='lat' dir='ltr'><strong>quod</strong></span> <span class='ocrx_word' id='word_1_396' title='bbox 3000 1870 3249 1936; x_wconf 89' lang='lat' dir='ltr'><strong>scilicet</strong></span> <span class='ocrx_word' id='word_1_397' title='bbox 3294 1892 3415 1956; x_wconf 86' lang='lat' dir='ltr'><strong>ego</strong></span> <span class='ocrx_word' id='word_1_398' title='bbox 3469 1881 3535 1935; x_wconf 89' lang='lat' dir='ltr'><strong>et</strong></span> <span class='ocrx_word' id='word_1_399' title='bbox 3578 1881 3651 1935; x_wconf 90' lang='lat' dir='ltr'><strong>tu</strong></span> <span class='ocrx_word' id='word_1_400' title='bbox 3707 1870 4080 1937; x_wconf 84' lang='lat' dir='ltr'><strong>videremur</strong></span> <span class='ocrx_word' id='word_1_401' title='bbox 4121 1872 4436 1937; x_wconf 87' lang='lat' dir='ltr'><strong>classibus</strong></span> 
     </span>
     <span class='ocr_line' id='line_1_67' title="bbox 2488 1954 4438 2040; baseline 0 -19"><span class='ocrx_word' id='word_1_402' title='bbox 2488 1957 2747 2040; x_wconf 86' lang='lat' dir='ltr'><strong>praeire</strong></span> <span class='ocrx_word' id='word_1_403' title='bbox 2811 1964 2877 2022; x_wconf 89' lang='lat' dir='ltr'><strong>et</strong></span> <span class='ocrx_word' id='word_1_404' title='bbox 2951 1959 3340 2023; x_wconf 87' lang='lat' dir='ltr'><strong>confirmare</strong></span> <span class='ocrx_word' id='word_1_405' title='bbox 3404 1955 3777 2039; x_wconf 83' lang='lat' dir='ltr'><strong>opinionem</strong></span> <span class='ocrx_word' id='word_1_406' title='bbox 3841 1977 4036 2039; x_wconf 90' lang='lat' dir='ltr'><strong>quam</strong></span> <span class='ocrx_word' id='word_1_407' title='bbox 4099 1956 4289 2021; x_wconf 92' lang='lat' dir='ltr'><strong>multi</strong></span> <span class='ocrx_word' id='word_1_408' title='bbox 4355 1954 4438 2021; x_wconf 92' lang='lat' dir='ltr'><strong>de</strong></span> 
     </span>
     <span class='ocr_line' id='line_1_68' title="bbox 2489 2041 4438 2124; baseline 0.001 -18"><span class='ocrx_word' id='word_1_409' title='bbox 2489 2042 2678 2109; x_wconf 91' lang='lat' dir='ltr'><strong>nobis</strong></span> <span class='ocrx_word' id='word_1_410' title='bbox 2720 2050 3171 2124; x_wconf 90' lang='lat' dir='ltr'><strong>conceperunt,</strong></span> <span class='ocrx_word' id='word_1_411' title='bbox 3218 2053 3347 2120; x_wconf 89' lang='lat' dir='ltr'><strong>aut,</strong></span> <span class='ocrx_word' id='word_1_412' title='bbox 3395 2050 3472 2106; x_wconf 89' lang='grc' dir='ltr'><strong>ιιι</strong></span> <span class='ocrx_word' id='word_1_413' title='bbox 3515 2042 3736 2108; x_wconf 86' lang='lat' dir='ltr'><strong>verius</strong></span> <span class='ocrx_word' id='word_1_414' title='bbox 3779 2041 4009 2121; x_wconf 86' lang='lat' dir='ltr'><strong>dicam,</strong></span> <span class='ocrx_word' id='word_1_415' title='bbox 4054 2042 4438 2120; x_wconf 86' lang='lat' dir='ltr'><strong>calumnias,</strong></span> 
     </span>
     <span class='ocr_line' id='line_1_69' title="bbox 2490 2126 4438 2211; baseline -0.001 -19"><span class='ocrx_word' id='word_1_416' title='bbox 2490 2126 2663 2210; x_wconf 89' lang='lat' dir='ltr'><strong>quod</strong></span> <span class='ocrx_word' id='word_1_417' title='bbox 2721 2126 2905 2192; x_wconf 85' lang='lat' dir='ltr'><strong>velut</strong></span> <span class='ocrx_word' id='word_1_418' title='bbox 2969 2128 3308 2211; x_wconf 88' lang='lat' dir='ltr'><strong>pontifices</strong></span> <span class='ocrx_word' id='word_1_419' title='bbox 3364 2126 3644 2193; x_wconf 83' lang='lat' dir='ltr'><strong>velimus</strong></span> <span class='ocrx_word' id='word_1_420' title='bbox 3702 2130 3919 2193; x_wconf 85' lang='lat' dir='ltr'><strong>omnia</strong></span> <span class='ocrx_word' id='word_1_421' title='bbox 3983 2149 4294 2211; x_wconf 83' lang='lat' dir='ltr'><strong>peragere</strong></span> <span class='ocrx_word' id='word_1_422' title='bbox 4356 2148 4438 2191; x_wconf 86' lang='lat' dir='ltr'><strong>ex</strong></span> 
     </span>
     <span class='ocr_line' id='line_1_70' title="bbox 2491 2212 4439 2295; baseline -0.002 -17"><span class='ocrx_word' id='word_1_423' title='bbox 2491 2213 2697 2278; x_wconf 89' lang='lat' dir='ltr'><strong>animi</strong></span> <span class='ocrx_word' id='word_1_424' title='bbox 2741 2212 2947 2278; x_wconf 89' lang='lat' dir='ltr'><strong>nostri</strong></span> <span class='ocrx_word' id='word_1_425' title='bbox 2992 2213 3349 2290; x_wconf 86' lang='lat' dir='ltr'><strong>sententia,</strong></span> <span class='ocrx_word' id='word_1_426' title='bbox 3403 2220 3470 2278; x_wconf 88' lang='lat' dir='ltr'><strong>et</strong></span> <span class='ocrx_word' id='word_1_427' title='bbox 3512 2213 3577 2277; x_wconf 90' lang='lat' dir='ltr'><strong>in</strong></span> <span class='ocrx_word' id='word_1_428' title='bbox 3628 2213 3908 2295; x_wconf 91' lang='lat' dir='ltr'><strong>reliquos</strong></span> <span class='ocrx_word' id='word_1_429' title='bbox 3952 2213 4189 2279; x_wconf 85' lang='lat' dir='ltr'><strong>fratres</strong></span> <span class='ocrx_word' id='word_1_430' title='bbox 4230 2213 4439 2295; x_wconf 89' lang='lat' dir='ltr'><strong>impe-</strong></span> 
     </span>
     <span class='ocr_line' id='line_1_71' title="bbox 2491 2296 4442 2364; baseline -0.002 0"><span class='ocrx_word' id='word_1_431' title='bbox 2491 2298 2665 2364; x_wconf 90' lang='lat' dir='ltr'><strong>rium</strong></span> <span class='ocrx_word' id='word_1_432' title='bbox 2724 2318 3077 2364; x_wconf 90' lang='lat' dir='ltr'><strong>assumere.</strong></span> <span class='ocrx_word' id='word_1_433' title='bbox 3179 2297 3449 2363; x_wconf 86' lang='lat' dir='ltr'><strong>Nullam</strong></span> <span class='ocrx_word' id='word_1_434' title='bbox 3496 2319 3638 2363; x_wconf 88' lang='lat' dir='ltr'><strong>esse</strong></span> <span class='ocrx_word' id='word_1_435' title='bbox 3702 2298 3878 2363; x_wconf 84' lang='lat' dir='ltr'><strong>viam</strong></span> <span class='ocrx_word' id='word_1_436' title='bbox 3935 2296 4442 2364; x_wconf 85' lang='lat' dir='ltr'><strong>commodiorem</strong></span> 
     </span>
     <span class='ocr_line' id='line_1_72' title="bbox 2492 2382 4439 2467; baseline 0 -19"><span class='ocrx_word' id='word_1_437' title='bbox 2492 2404 2690 2467; x_wconf 91' lang='lat' dir='ltr'><strong>quam</strong></span> <span class='ocrx_word' id='word_1_438' title='bbox 2733 2391 2812 2447; x_wconf 90' lang='lat' dir='ltr'><strong>ut</strong></span> <span class='ocrx_word' id='word_1_439' title='bbox 2853 2383 3165 2449; x_wconf 86' lang='lat' dir='ltr'><strong>fratribus</strong></span> <span class='ocrx_word' id='word_1_440' title='bbox 3221 2382 3524 2448; x_wconf 91' lang='lat' dir='ltr'><strong>omnibus</strong></span> <span class='ocrx_word' id='word_1_441' title='bbox 3567 2385 3902 2466; x_wconf 87' lang='lat' dir='ltr'><strong>negotium</strong></span> <span class='ocrx_word' id='word_1_442' title='bbox 3947 2390 4439 2466; x_wconf 86' lang='lat' dir='ltr'><strong>proponeretur.</strong></span> 
     </span>
     <span class='ocr_line' id='line_1_73' title="bbox 2493 2467 4438 2552; baseline 0.001 -20"><span class='ocrx_word' id='word_1_443' title='bbox 2493 2469 2684 2534; x_wconf 79' lang='lat' dir='ltr'><strong>Tunc</strong></span> <span class='ocrx_word' id='word_1_444' title='bbox 2728 2468 3056 2534; x_wconf 89' lang='lat' dir='ltr'><strong>Dominus</strong></span> <span class='ocrx_word' id='word_1_445' title='bbox 3117 2488 3195 2533; x_wconf 87' lang='lat' dir='ltr'><strong>su</strong></span> <span class='ocrx_word' id='word_1_446' title='bbox 3242 2478 3428 2552; x_wconf 86' lang='lat' dir='ltr'><strong>geret</strong></span> <span class='ocrx_word' id='word_1_447' title='bbox 3480 2469 3709 2551; x_wconf 88' lang='lat' dir='ltr'><strong>cuique</strong></span> <span class='ocrx_word' id='word_1_448' title='bbox 3752 2467 3922 2551; x_wconf 87' lang='lat' dir='ltr'><strong>quod</strong></span> <span class='ocrx_word' id='word_1_449' title='bbox 3966 2470 4180 2534; x_wconf 86' lang='lat' dir='ltr'><strong>visum</strong></span> <span class='ocrx_word' id='word_1_450' title='bbox 4223 2468 4438 2533; x_wconf 80' lang='lat' dir='ltr'><strong>fuerit.</strong></span> 
     </span>
     <span class='ocr_line' id='line_1_74' title="bbox 2491 2552 4442 2630; baseline -0.001 -11"><span class='ocrx_word' id='word_1_451' title='bbox 2491 2554 2753 2619; x_wconf 89' lang='lat' dir='ltr'><strong>Horum</strong></span> <span class='ocrx_word' id='word_1_452' title='bbox 2798 2562 2865 2618; x_wconf 88' lang='lat' dir='ltr'><strong>te</strong></span> <span class='ocrx_word' id='word_1_453' title='bbox 2910 2555 3112 2620; x_wconf 87' lang='lat' dir='ltr'><strong>velim</strong></span> <span class='ocrx_word' id='word_1_454' title='bbox 3233 2554 3554 2618; x_wconf 89' lang='lat' dir='ltr'><strong>monitum</strong></span> <span class='ocrx_word' id='word_1_455' title='bbox 3601 2563 3692 2630; x_wconf 90' lang='lat' dir='ltr'><strong>ut,</strong></span> <span class='ocrx_word' id='word_1_456' title='bbox 3736 2553 3792 2619; x_wconf 90' lang='lat' dir='ltr'><strong>si</strong></span> <span class='ocrx_word' id='word_1_457' title='bbox 3837 2552 3920 2617; x_wconf 91' lang='lat' dir='ltr'><strong>ad</strong></span> <span class='ocrx_word' id='word_1_458' title='bbox 3964 2562 4027 2619; x_wconf 92' lang='lat' dir='ltr'><strong>te</strong></span> <span class='ocrx_word' id='word_1_459' title='bbox 4060 2552 4442 2619; x_wconf 83' lang='lat' dir='ltr'><strong>concederet</strong></span> 
     </span>
     <span class='ocr_line' id='line_1_75' title="bbox 2495 2637 4443 2722; baseline -0.001 -18"><span class='ocrx_word' id='word_1_460' title='bbox 2495 2648 2610 2704; x_wconf 86' lang='lat' dir='ltr'><strong>aut</strong></span> <span class='ocrx_word' id='word_1_461' title='bbox 2668 2640 2910 2722; x_wconf 88' lang='lat' dir='ltr'><strong>scripto</strong></span> <span class='ocrx_word' id='word_1_462' title='bbox 2968 2647 3183 2705; x_wconf 88' lang='lat' dir='ltr'><strong>tecum</strong></span> <span class='ocrx_word' id='word_1_463' title='bbox 3242 2660 3280 2704; x_wconf 89' lang='lat' dir='ltr'><strong>a</strong></span> <span class='ocrx_word' id='word_1_464' title='bbox 3365 2645 3498 2716; x_wconf 88' lang='lat' dir='ltr'><strong>ret,</strong></span> <span class='ocrx_word' id='word_1_465' title='bbox 3558 2637 3983 2721; x_wconf 90' lang='lat' dir='ltr'><strong>responderes</strong></span> <span class='ocrx_word' id='word_1_466' title='bbox 4045 2639 4140 2703; x_wconf 90' lang='lat' dir='ltr'><strong>ita</strong></span> <span class='ocrx_word' id='word_1_467' title='bbox 4195 2646 4270 2704; x_wconf 88' lang='lat' dir='ltr'><strong>ut</strong></span> <span class='ocrx_word' id='word_1_468' title='bbox 4328 2648 4443 2703; x_wconf 88' lang='lat' dir='ltr'><strong>tua</strong></span> 
     </span>
     <span class='ocr_line' id='line_1_76' title="bbox 2496 2724 4442 2808; baseline -0.001 -20"><span class='ocrx_word' id='word_1_469' title='bbox 2496 2724 2703 2789; x_wconf 86' lang='lat' dir='ltr'><strong>oratio</strong></span> <span class='ocrx_word' id='word_1_470' title='bbox 2770 2744 2809 2788; x_wconf 91' lang='lat' dir='ltr'><strong>a</strong></span> <span class='ocrx_word' id='word_1_471' title='bbox 2875 2745 3022 2789; x_wconf 90' lang='lat' dir='ltr'><strong>mea</strong></span> <span class='ocrx_word' id='word_1_472' title='bbox 3086 2746 3221 2789; x_wconf 90' lang='lat' dir='ltr'><strong>non</strong></span> <span class='ocrx_word' id='word_1_473' title='bbox 3324 2725 3695 2806; x_wconf 89' lang='lat' dir='ltr'><strong>iscreparct.</strong></span> <span class='ocrx_word' id='word_1_474' title='bbox 3799 2724 3996 2789; x_wconf 91' lang='lat' dir='ltr'><strong>Nolui</strong></span> <span class='ocrx_word' id='word_1_475' title='bbox 4061 2725 4119 2790; x_wconf 91' lang='lat' dir='ltr'><strong>ei</strong></span> <span class='ocrx_word' id='word_1_476' title='bbox 4185 2724 4442 2808; x_wconf 88' lang='lat' dir='ltr'><strong>aperire</strong></span> 
     </span>
     <span class='ocr_line' id='line_1_77' title="bbox 2495 2807 4475 2892; baseline 0.001 -18"><span class='ocrx_word' id='word_1_477' title='bbox 2495 2809 2668 2892; x_wconf 90' lang='lat' dir='ltr'><strong>quod</strong></span> <span class='ocrx_word' id='word_1_478' title='bbox 2713 2809 3071 2875; x_wconf 86' lang='lat' dir='ltr'><strong>sentiebam</strong></span> <span class='ocrx_word' id='word_1_479' title='bbox 3126 2809 3279 2892; x_wconf 87' lang='lat' dir='ltr'><strong>quia</strong></span> <span class='ocrx_word' id='word_1_480' title='bbox 3334 2830 3464 2874; x_wconf 92' lang='lat' dir='ltr'><strong>non</strong></span> <span class='ocrx_word' id='word_1_481' title='bbox 3525 2808 3862 2874; x_wconf 86' lang='lat' dir='ltr'><strong>videbatur</strong></span> <span class='ocrx_word' id='word_1_482' title='bbox 3905 2808 4229 2892; x_wconf 82' lang='lat' dir='ltr'><strong>expedire.</strong></span> <span class='ocrx_word' id='word_1_483' title='bbox 4320 2807 4475 2876; x_wconf 80' lang='lat' dir='ltr'><strong>Se·.</strong></span> 
     </span>
     <span class='ocr_line' id='line_1_78' title="bbox 2495 2892 4443 2978; baseline -0.001 -18"><span class='ocrx_word' id='word_1_484' title='bbox 2495 2904 2691 2960; x_wconf 89' lang='lat' dir='ltr'><strong>nator</strong></span> <span class='ocrx_word' id='word_1_485' title='bbox 2730 2914 2867 2959; x_wconf 92' lang='lat' dir='ltr'><strong>non</strong></span> <span class='ocrx_word' id='word_1_486' title='bbox 2911 2892 3100 2959; x_wconf 90' lang='lat' dir='ltr'><strong>debet</strong></span> <span class='ocrx_word' id='word_1_487' title='bbox 3142 2902 3295 2959; x_wconf 87' lang='lat' dir='ltr'><strong>ante</strong></span> <span class='ocrx_word' id='word_1_488' title='bbox 3330 2894 3869 2960; x_wconf 87' lang='lat' dir='ltr'><strong>consultationem</strong></span> <span class='ocrx_word' id='word_1_489' title='bbox 3912 2895 4235 2978; x_wconf 84' lang='lat' dir='ltr'><strong>privatam</strong></span> <span class='ocrx_word' id='word_1_490' title='bbox 4271 2895 4443 2960; x_wconf 89' lang='lat' dir='ltr'><strong>ferre</strong></span> 
     </span>
     <span class='ocr_line' id='line_1_79' title="bbox 2496 2981 2906 3046; baseline -0.005 0"><span class='ocrx_word' id='word_1_491' title='bbox 2496 2981 2906 3046; x_wconf 88' lang='lat' dir='ltr'><strong>sententiam.</strong></span> 
     </span>
    </p>

    <p class='ocr_par' dir='ltr' id='par_1_23' title="bbox 2497 3061 4445 3403">
     <span class='ocr_line' id='line_1_80' title="bbox 2668 3061 4445 3131; baseline 0 0"><span class='ocrx_word' id='word_1_492' title='bbox 2668 3064 2903 3131; x_wconf 81' lang='lat' dir='ltr'><strong>Saluta</strong></span> <span class='ocrx_word' id='word_1_493' title='bbox 2946 3063 3207 3130; x_wconf 89' lang='lat' dir='ltr'><strong>amicos.</strong></span> <span class='ocrx_word' id='word_1_494' title='bbox 3294 3063 3521 3129; x_wconf 90' lang='lat' dir='ltr'><strong>Nostri</strong></span> <span class='ocrx_word' id='word_1_495' title='bbox 3565 3072 3631 3128; x_wconf 90' lang='lat' dir='ltr'><strong>te</strong></span> <span class='ocrx_word' id='word_1_496' title='bbox 3673 3084 3897 3130; x_wconf 90' lang='lat' dir='ltr'><strong>omnes</strong></span> <span class='ocrx_word' id='word_1_497' title='bbox 3940 3063 4249 3130; x_wconf 88' lang='lat' dir='ltr'><strong>salutant.</strong></span> <span class='ocrx_word' id='word_1_498' title='bbox 4337 3061 4445 3131; x_wconf 86' lang='lat' dir='ltr'><strong>De</strong></span> 
     </span>
     <span class='ocr_line' id='line_1_81' title="bbox 2497 3147 4444 3234; baseline 0 -18"><span class='ocrx_word' id='word_1_499' title='bbox 2497 3150 2693 3216; x_wconf 91' lang='lat' dir='ltr'><strong>rebus</strong></span> <span class='ocrx_word' id='word_1_500' title='bbox 2726 3151 2972 3215; x_wconf 87' lang='lat' dir='ltr'><strong>nostris</strong></span> <span class='ocrx_word' id='word_1_501' title='bbox 3022 3149 3302 3215; x_wconf 89' lang='lat' dir='ltr'><strong>nuncius</strong></span> <span class='ocrx_word' id='word_1_502' title='bbox 3353 3148 3542 3231; x_wconf 89' lang='lat' dir='ltr'><strong>plura</strong></span> <span class='ocrx_word' id='word_1_503' title='bbox 3576 3150 3830 3214; x_wconf 85' lang='lat' dir='ltr'><strong>referet.</strong></span> <span class='ocrx_word' id='word_1_504' title='bbox 3889 3149 4109 3234; x_wconf 85' lang='lat' dir='ltr'><strong>Migro</strong></span> <span class='ocrx_word' id='word_1_505' title='bbox 4142 3151 4216 3214; x_wconf 87' lang='lat' dir='ltr'><strong>iu</strong></span> <span class='ocrx_word' id='word_1_506' title='bbox 4252 3147 4444 3216; x_wconf 81' lang='lat' dir='ltr'><strong>aedes</strong></span> 
     </span>
     <span class='ocr_line' id='line_1_82' title="bbox 2498 3232 4444 3320; baseline 0.001 -20"><span class='ocrx_word' id='word_1_507' title='bbox 2498 3234 2581 3301; x_wconf 90' lang='lat' dir='ltr'><strong>de</strong></span> <span class='ocrx_word' id='word_1_508' title='bbox 2654 3234 2888 3320; x_wconf 89' lang='lat' dir='ltr'><strong>quibus</strong></span> <span class='ocrx_word' id='word_1_509' title='bbox 2953 3235 3271 3300; x_wconf 90' lang='lat' dir='ltr'><strong>hactenus</strong></span> <span class='ocrx_word' id='word_1_510' title='bbox 3337 3232 3588 3300; x_wconf 90' lang='lat' dir='ltr'><strong>tamdiu</strong></span> <span class='ocrx_word' id='word_1_511' title='bbox 3654 3241 3974 3302; x_wconf 88' lang='lat' dir='ltr'><strong>certatum</strong></span> <span class='ocrx_word' id='word_1_512' title='bbox 4041 3243 4156 3301; x_wconf 92' lang='lat' dir='ltr'><strong>est.</strong></span> <span class='ocrx_word' id='word_1_513' title='bbox 4258 3235 4444 3302; x_wconf 88' lang='lat' dir='ltr'><strong>Vale.</strong></span> 
     </span>
     <span class='ocr_line' id='line_1_83' title="bbox 2497 3319 3566 3403; baseline -0.002 -17"><span class='ocrx_word' id='word_1_514' title='bbox 2497 3321 2896 3387; x_wconf 88' lang='lat' dir='ltr'><strong>Lausannae</strong></span> <span class='ocrx_word' id='word_1_515' title='bbox 2941 3324 2999 3385; x_wconf 88' lang='lat'><strong>9.</strong></span> <span class='ocrx_word' id='word_1_516' title='bbox 3045 3319 3338 3403; x_wconf 85' lang='lat' dir='ltr'><strong>Augusti</strong></span> <span class='ocrx_word' id='word_1_517' title='bbox 3385 3324 3566 3384; x_wconf 84' lang='lat'><strong>1544.</strong></span> 
     </span>
    </p>
   </div>
   <div class='ocr_carea' id='block_1_16' title="bbox 3637 3455 4270 3522">
    <p class='ocr_par' dir='ltr' id='par_1_24' title="bbox 3637 3455 4270 3522">
     <span class='ocr_line' id='line_1_84' title="bbox 3637 3455 4270 3522; baseline 0.005 -3"><span class='ocrx_word' id='word_1_518' title='bbox 3637 3455 3819 3522; x_wconf 72' lang='lat' dir='ltr'><strong>Tuus</strong></span> <span class='ocrx_word' id='word_1_519' title='bbox 3861 3457 3936 3521; x_wconf 92' lang='lat' dir='ltr'><strong>P.</strong></span> <span class='ocrx_word' id='word_1_520' title='bbox 3982 3456 4270 3522; x_wconf 85' lang='lat' dir='ltr'><strong>Viretus.</strong></span> 
     </span>
    </p>
   </div>
   <div class='ocr_carea' id='block_1_17' title="bbox 2502 3660 4452 4508">
    <p class='ocr_par' dir='ltr' id='par_1_25' title="bbox 2502 3660 4452 4508">
     <span class='ocr_line' id='line_1_85' title="bbox 2680 3660 4448 3745; baseline 0 -20"><span class='ocrx_word' id='word_1_521' title='bbox 2680 3660 3006 3726; x_wconf 72' lang='lat' dir='ltr'><strong>Pes-sanus</strong></span> <span class='ocrx_word' id='word_1_522' title='bbox 3047 3680 3088 3724; x_wconf 93' lang='lat' dir='ltr'><strong>a</strong></span> <span class='ocrx_word' id='word_1_523' title='bbox 3130 3680 3235 3725; x_wconf 96' lang='lat' dir='ltr'><strong>me</strong></span> <span class='ocrx_word' id='word_1_524' title='bbox 3293 3660 3457 3741; x_wconf 89' lang='lat' dir='ltr'><strong>petit</strong></span> <span class='ocrx_word' id='word_1_525' title='bbox 3498 3666 3574 3723; x_wconf 92' lang='grc' dir='ltr'><strong>ιιι</strong></span> <span class='ocrx_word' id='word_1_526' title='bbox 3627 3660 4054 3745; x_wconf 90' lang='lat' dir='ltr'><strong>respondeam</strong></span> <span class='ocrx_word' id='word_1_527' title='bbox 4097 3680 4259 3725; x_wconf 91' lang='lat' dir='ltr'><strong>num</strong></span> <span class='ocrx_word' id='word_1_528' title='bbox 4301 3679 4448 3725; x_wconf 90' lang='lat' dir='ltr'><strong>mu-</strong></span> 
     </span>
     <span class='ocr_line' id='line_1_86' title="bbox 2502 3745 4448 3828; baseline 0 -17"><span class='ocrx_word' id='word_1_529' title='bbox 2502 3746 2624 3811; x_wconf 91' lang='lat' dir='ltr'><strong>lier</strong></span> <span class='ocrx_word' id='word_1_530' title='bbox 2689 3745 2894 3828; x_wconf 88' lang='lat' dir='ltr'><strong>possit</strong></span> <span class='ocrx_word' id='word_1_531' title='bbox 2950 3745 3335 3810; x_wconf 87' lang='lat' dir='ltr'><strong>necessitate</strong></span> <span class='ocrx_word' id='word_1_532' title='bbox 3390 3752 3668 3828; x_wconf 89' lang='lat' dir='ltr'><strong>urgente</strong></span> <span class='ocrx_word' id='word_1_533' title='bbox 3728 3747 3993 3811; x_wconf 87' lang='lat' dir='ltr'><strong>verbum</strong></span> <span class='ocrx_word' id='word_1_534' title='bbox 4049 3745 4448 3824; x_wconf 85' lang='lat' dir='ltr'><strong>ministrare,</strong></span> 
     </span>
     <span class='ocr_line' id='line_1_87' title="bbox 2502 3829 4452 3911; baseline -0.001 -16"><span class='ocrx_word' id='word_1_535' title='bbox 2502 3833 2821 3897; x_wconf 89' lang='lat' dir='ltr'><strong>nunciare</strong></span> <span class='ocrx_word' id='word_1_536' title='bbox 2877 3830 3322 3896; x_wconf 89' lang='lat' dir='ltr'><strong>remissionem</strong></span> <span class='ocrx_word' id='word_1_537' title='bbox 3378 3839 3788 3911; x_wconf 91' lang='lat' dir='ltr'><strong>peccatorum</strong></span> <span class='ocrx_word' id='word_1_538' title='bbox 3843 3838 3909 3895; x_wconf 90' lang='lat' dir='ltr'><strong>et</strong></span> <span class='ocrx_word' id='word_1_539' title='bbox 3951 3829 4317 3908; x_wconf 80' lang='lat' dir='ltr'><strong>absolvere,</strong></span> <span class='ocrx_word' id='word_1_540' title='bbox 4377 3836 4452 3895; x_wconf 88' lang='lat' dir='ltr'><strong>ut</strong></span> 
     </span>
     <span class='ocr_line' id='line_1_88' title="bbox 2504 3914 4451 3998; baseline -0.001 -18"><span class='ocrx_word' id='word_1_541' title='bbox 2504 3916 2751 3981; x_wconf 89' lang='lat' dir='ltr'><strong>scilicet</strong></span> <span class='ocrx_word' id='word_1_542' title='bbox 2793 3916 3034 3980; x_wconf 86' lang='lat' dir='ltr'><strong>inferat</strong></span> <span class='ocrx_word' id='word_1_543' title='bbox 3087 3914 3294 3998; x_wconf 91' lang='lat' dir='ltr'><strong>quod,</strong></span> <span class='ocrx_word' id='word_1_544' title='bbox 3352 3914 3410 3980; x_wconf 92' lang='lat' dir='ltr'><strong>si</strong></span> <span class='ocrx_word' id='word_1_545' title='bbox 3451 3914 3578 3980; x_wconf 90' lang='lat' dir='ltr'><strong>hoc</strong></span> <span class='ocrx_word' id='word_1_546' title='bbox 3635 3914 3803 3998; x_wconf 91' lang='lat' dir='ltr'><strong>quod</strong></span> <span class='ocrx_word' id='word_1_547' title='bbox 3860 3917 4071 3981; x_wconf 90' lang='lat' dir='ltr'><strong>maius</strong></span> <span class='ocrx_word' id='word_1_548' title='bbox 4128 3924 4229 3981; x_wconf 89' lang='lat' dir='ltr'><strong>est</strong></span> <span class='ocrx_word' id='word_1_549' title='bbox 4279 3915 4451 3993; x_wconf 87' lang='lat' dir='ltr'><strong>licet,</strong></span> 
     </span>
     <span class='ocr_line' id='line_1_89' title="bbox 2504 3999 4446 4084; baseline -0.001 -18"><span class='ocrx_word' id='word_1_550' title='bbox 2504 4020 2622 4066; x_wconf 88' lang='lat' dir='ltr'><strong>cur</strong></span> <span class='ocrx_word' id='word_1_551' title='bbox 2685 3999 2859 4084; x_wconf 91' lang='lat' dir='ltr'><strong>quod</strong></span> <span class='ocrx_word' id='word_1_552' title='bbox 2924 4001 3176 4079; x_wconf 92' lang='lat' dir='ltr'><strong>minus,</strong></span> <span class='ocrx_word' id='word_1_553' title='bbox 3244 4000 3493 4066; x_wconf 86' lang='lat' dir='ltr'><strong>scilicet</strong></span> <span class='ocrx_word' id='word_1_554' title='bbox 3561 4001 3837 4084; x_wconf 88' lang='lat' dir='ltr'><strong>tingere,</strong></span> <span class='ocrx_word' id='word_1_555' title='bbox 3856 4001 3914 4077; x_wconf 74' lang='lat'><strong>⁶)</strong></span> <span class='ocrx_word' id='word_1_556' title='bbox 3978 4022 4109 4065; x_wconf 90' lang='lat' dir='ltr'><strong>non</strong></span> <span class='ocrx_word' id='word_1_557' title='bbox 4175 3999 4446 4065; x_wconf 79' lang='lat' dir='ltr'><strong>licebit?</strong></span> 
     </span>
     <span class='ocr_line' id='line_1_90' title="bbox 2506 4084 4450 4169; baseline 0.001 -20"><span class='ocrx_word' id='word_1_558' title='bbox 2506 4085 2759 4164; x_wconf 88' lang='lat' dir='ltr'><strong>Velim,</strong></span> <span class='ocrx_word' id='word_1_559' title='bbox 2819 4086 2876 4151; x_wconf 91' lang='lat' dir='ltr'><strong>si</strong></span> <span class='ocrx_word' id='word_1_560' title='bbox 2931 4106 3182 4169; x_wconf 87' lang='lat' dir='ltr'><strong>posses,</strong></span> <span class='ocrx_word' id='word_1_561' title='bbox 3250 4093 3435 4152; x_wconf 85' lang='lat' dir='ltr'><strong>tuam</strong></span> <span class='ocrx_word' id='word_1_562' title='bbox 3490 4106 3687 4169; x_wconf 88' lang='lat' dir='ltr'><strong>super</strong></span> <span class='ocrx_word' id='word_1_563' title='bbox 3756 4084 3878 4149; x_wconf 88' lang='lat' dir='ltr'><strong>hac</strong></span> <span class='ocrx_word' id='word_1_564' title='bbox 3933 4107 4003 4150; x_wconf 91' lang='lat' dir='ltr'><strong>re</strong></span> <span class='ocrx_word' id='word_1_565' title='bbox 4057 4087 4450 4152; x_wconf 88' lang='lat' dir='ltr'><strong>sententiam</strong></span> 
     </span>
     <span class='ocr_line' id='line_1_91' title="bbox 2506 4169 4446 4253; baseline 0.001 -18"><span class='ocrx_word' id='word_1_566' title='bbox 2506 4170 2753 4237; x_wconf 90' lang='lat' dir='ltr'><strong>audire.</strong></span> <span class='ocrx_word' id='word_1_567' title='bbox 2828 4171 3003 4236; x_wconf 91' lang='lat' dir='ltr'><strong>Nam</strong></span> <span class='ocrx_word' id='word_1_568' title='bbox 3046 4171 3167 4238; x_wconf 91' lang='lat' dir='ltr'><strong>hoc</strong></span> <span class='ocrx_word' id='word_1_569' title='bbox 3212 4193 3253 4237; x_wconf 92' lang='lat' dir='ltr'><strong>a</strong></span> <span class='ocrx_word' id='word_1_570' title='bbox 3287 4193 3392 4237; x_wconf 92' lang='lat' dir='ltr'><strong>me</strong></span> <span class='ocrx_word' id='word_1_571' title='bbox 3426 4173 3567 4238; x_wconf 92' lang='lat' dir='ltr'><strong>eius</strong></span> <span class='ocrx_word' id='word_1_572' title='bbox 3609 4170 3875 4236; x_wconf 89' lang='lat' dir='ltr'><strong>nomine</strong></span> <span class='ocrx_word' id='word_1_573' title='bbox 3917 4179 4106 4253; x_wconf 91' lang='lat' dir='ltr'><strong>rogat</strong></span> <span class='ocrx_word' id='word_1_574' title='bbox 4135 4169 4446 4238; x_wconf 65' lang='lat' dir='ltr'><strong>Fau-ellus.</strong></span> 
     </span>
     <span class='ocr_line' id='line_1_92' title="bbox 2506 4255 4449 4341; baseline 0.001 -21"><span class='ocrx_word' id='word_1_575' title='bbox 2506 4255 2851 4322; x_wconf 89' lang='lat' dir='ltr'><strong>Nihildum</strong></span> <span class='ocrx_word' id='word_1_576' title='bbox 2895 4256 3219 4340; x_wconf 86' lang='lat' dir='ltr'><strong>respondi,</strong></span> <span class='ocrx_word' id='word_1_577' title='bbox 3277 4258 3432 4341; x_wconf 90' lang='lat' dir='ltr'><strong>quia</strong></span> <span class='ocrx_word' id='word_1_578' title='bbox 3473 4278 3607 4323; x_wconf 92' lang='lat' dir='ltr'><strong>non</strong></span> <span class='ocrx_word' id='word_1_579' title='bbox 3653 4257 3781 4321; x_wconf 89' lang='lat' dir='ltr'><strong>fuit</strong></span> <span class='ocrx_word' id='word_1_580' title='bbox 3822 4257 3889 4320; x_wconf 91' lang='lat' dir='ltr'><strong>in</strong></span> <span class='ocrx_word' id='word_1_581' title='bbox 3934 4274 4136 4319; x_wconf 86' lang='lat' dir='ltr'><strong>manu</strong></span> <span class='ocrx_word' id='word_1_582' title='bbox 4179 4255 4449 4322; x_wconf 84' lang='lat' dir='ltr'><strong>tabella-</strong></span> 
     </span>
     <span class='ocr_line' id='line_1_93' title="bbox 2506 4341 4451 4426; baseline 0.001 -20"><span class='ocrx_word' id='word_1_583' title='bbox 2506 4341 2664 4408; x_wconf 91' lang='lat' dir='ltr'><strong>rius.</strong></span> <span class='ocrx_word' id='word_1_584' title='bbox 2752 4341 2951 4408; x_wconf 90' lang='lat' dir='ltr'><strong>Prius</strong></span> <span class='ocrx_word' id='word_1_585' title='bbox 2994 4363 3146 4407; x_wconf 88' lang='lat' dir='ltr'><strong>uam</strong></span> <span class='ocrx_word' id='word_1_586' title='bbox 3190 4341 3619 4426; x_wconf 87' lang='lat' dir='ltr'><strong>respondeam</strong></span> <span class='ocrx_word' id='word_1_587' title='bbox 3663 4342 3958 4423; x_wconf 87' lang='lat' dir='ltr'><strong>optarim,</strong></span> <span class='ocrx_word' id='word_1_588' title='bbox 4018 4341 4072 4405; x_wconf 91' lang='lat' dir='ltr'><strong>si</strong></span> <span class='ocrx_word' id='word_1_589' title='bbox 4117 4341 4259 4405; x_wconf 91' lang='lat' dir='ltr'><strong>fieri</strong></span> <span class='ocrx_word' id='word_1_590' title='bbox 4301 4362 4451 4423; x_wconf 88' lang='lat' dir='ltr'><strong>pos-</strong></span> 
     </span>
     <span class='ocr_line' id='line_1_94' title="bbox 2506 4363 3442 4508; baseline 0.002 -15"><span class='ocrx_word' id='word_1_591' title='bbox 2506 4435 2627 4508; x_wconf 88' lang='lat' dir='ltr'><strong>set,</strong></span> <span class='ocrx_word' id='word_1_592' title='bbox 2673 4433 2822 4494; x_wconf 79' lang='lat' dir='ltr'><strong>tuas</strong></span> <span class='ocrx_word' id='word_1_593' title='bbox 2868 4363 3093 4492; x_wconf 54' lang='lat' dir='ltr'><strong>audire</strong></span> <span class='ocrx_word' id='word_1_594' title='bbox 3137 4428 3442 4495; x_wconf 90' lang='lat' dir='ltr'><strong>rationes.</strong></span> 
     </span>
    </p>
   </div>
   <div class='ocr_carea' id='block_1_18' title="bbox 2508 4566 2921 4578">
    <p class='ocr_par' dir='ltr' id='par_1_26' title="bbox 2508 4566 2921 4578">
     <span class='ocr_line' id='line_1_95' title="bbox 2508 4566 2921 4578; baseline 0 1589"><span class='ocrx_word' id='word_1_595' title='bbox 2508 4566 2921 4578; x_wconf 95' lang='lat' dir='ltr'><strong> </strong></span> 
     </span>
    </p>
   </div>
   <div class='ocr_carea' id='block_1_19' title="bbox 2507 4645 4140 4924">
    <p class='ocr_par' dir='ltr' id='par_1_27' title="bbox 2507 4645 4140 4924">
     <span class='ocr_line' id='line_1_96' title="bbox 2711 4645 3483 4714; baseline 0 -13"><span class='ocrx_word' id='word_1_596' title='bbox 2711 4647 2773 4712; x_wconf 79' lang='grc'><strong>3)</strong></span> <span class='ocrx_word' id='word_1_597' title='bbox 2813 4646 2899 4714; x_wconf 75' lang='lat' dir='ltr'><strong>or.</strong></span> <span class='ocrx_word' id='word_1_598' title='bbox 2936 4647 3015 4703; x_wconf 82' lang='lat' dir='ltr'><strong>N.</strong></span> <span class='ocrx_word' id='word_1_599' title='bbox 3050 4645 3171 4703; x_wconf 78' lang='lat'><strong>499.</strong></span> <span class='ocrx_word' id='word_1_600' title='bbox 3208 4647 3328 4702; x_wconf 80' lang='lat'><strong>501.</strong></span> <span class='ocrx_word' id='word_1_601' title='bbox 3363 4646 3483 4702; x_wconf 80' lang='lat'><strong>502.</strong></span> 
     </span>
     <span class='ocr_line' id='line_1_97' title="bbox 2507 4714 4140 4924; baseline -0.001 -84"><span class='ocrx_word' id='word_1_602' title='bbox 2507 4784 2574 4866; x_wconf 57' lang='grc' dir='ltr'><strong>ὡς</strong></span> <span class='ocrx_word' id='word_1_603' title='bbox 2605 4715 3318 4924; x_wconf 45' lang='grc' dir='ltr'>οεωᾞῧξῖιζωὶἶῗ</span> <span class='ocrx_word' id='word_1_604' title='bbox 3343 4714 4140 4907; x_wconf 44' lang='lat' dir='ltr'><strong>ffiffoemwmffss</strong></span> 
     </span>
    </p>
   </div>
   <div class='ocr_carea' id='block_1_20' title="bbox 3281 5166 3680 5178">
    <p class='ocr_par' dir='ltr' id='par_1_28' title="bbox 3281 5166 3680 5178">
     <span class='ocr_line' id='line_1_98' title="bbox 3281 5166 3680 5178; baseline 0 0"><span class='ocrx_word' id='word_1_605' title='bbox 3281 5166 3680 5178; x_wconf 95' lang='lat' dir='ltr'><strong> </strong></span> 
     </span>
    </p>
   </div>
   <div class='ocr_carea' id='block_1_21' title="bbox 3942 5297 4041 5352">
    <p class='ocr_par' dir='ltr' id='par_1_29' title="bbox 3942 5297 4041 5352">
     <span class='ocr_line' id='line_1_99' title="bbox 3942 5297 4041 5352; baseline 0 0"><span class='ocrx_word' id='word_1_606' title='bbox 3942 5297 4041 5352; x_wconf 80' lang='lat'><strong>47·</strong></span> 
     </span>
    </p>
   </div>
  </div>
 </body>
</html>
