5050 6167
491 404 611 466 281

1386 590 1542 660 π.

975 744 1447 813 CALVINUS
1490 745 1953 814 FARELLO.

666 916 839 1000 Quae
877 918 1092 983 statim
1124 922 1268 999 post
1303 917 1631 983 adventum
1672 919 1861 1001 eyerit
1900 937 2040 983 cum
2079 918 2318 985 Senatu
2359 921 2437 986 de

485 1003 784 1087 reyimine
858 1005 1261 1070 ecclesiastico
1329 1003 1765 1070 constituendo.
1886 1004 2132 1071 Turbes
2212 1006 2439 1072 Neoco-

485 1109 726 1156 menses
778 1091 1178 1172 ooonpositum
1233 1089 1325 1154 iri
1376 1093 1590 1170 sperat
1603 1138 1619 1168 ‚
1677 1089 1786 1156 sed
1839 1091 2112 1156 amicum
2152 1090 2439 1157 hortatur

412 1175 1864 1257 ·utipsequoquesibicaveatettemperet.

514 1364 796 1417 Bonnetns
844 1362 903 1415 in
949 1362 1034 1415 ed.
1080 1363 1222 1433 angl.
1270 1363 1311 1416 1.
1355 1361 1462 1416 260
1516 1363 1892 1433 autographon
1938 1372 2154 1419 exstare
2201 1366 2335 1419 dicit
2375 1368 2433 1419 in

668 1430 872 1486 Genev.
923 1430 1040 1484 106.
1122 1431 1185 1484 In
1226 1448 1332 1500 quo
1367 1431 1605 1493 fallitur;
1652 1449 1829 1501 neque
1874 1432 1985 1485 illic
2032 1440 2212 1487 exstat
2258 1452 2435 1504 neque

485 1500 631 1553 alibi.
702 1500 931 1552 Servata
976 1505 1061 1553 est
1114 1501 1345 1568 epistola
1390 1517 1423 1552 a
1467 1501 1609 1553 Besa
1653 1501 1735 1553 ed.
1781 1500 1982 1555 Genev.
2031 1519 2083 1570 p.
2130 1501 2227 1564 44;
2274 1504 2433 1557 Laus.

485 1585 540 1638 p.
574 1567 660 1633 97,
697 1569 909 1622 Hsnov.
945 1585 997 1638 p.
1039 1567 1156 1633 109,
1193 1568 1405 1622 Obouet
1479 1607 1492 1620 .
1528 1567 1612 1635 57,
1649 1572 1825 1623 Amet.
1856 1586 1911 1639 p.
1946 1568 2032 1624 26.
2102 1571 2210 1625 Sed
2243 1574 2298 1626 in
2333 1573 2437 1626 hac

792 1638 909 1690 sola
942 1648 1091 1690 recte
1128 1638 1198 1691 ad
1232 1656 1282 1690 a.
1320 1586 1476 1691 154?
1505 1640 1681 1692 relata
1727 1646 1837 1701 est,
1883 1640 1939 1692 in
1983 1640 2257 1708 prioribus
2291 1643 2433 1695 male

690 1706 760 1760 ad
798 1704 948 1759 1543.
1019 1705 1222 1760 Gallice
1260 1724 1419 1759 versa
1451 1707 1652 1776 legitur
1684 1707 1769 1761 ed.
1806 1708 1985 1762 Berol.
2023 1724 2076 1777 p.
2110 1707 2224 1774 48.)

654 1892 850 1975 Quod
904 1894 1068 1959 bene
1126 1906 1340 1958 vertat
1386 1895 1599 1973 Deus,
1656 1894 1764 1962 hic
1820 1904 2114 1961 retentus
2167 1917 2313 1961 sum
2357 1907 2432 1963 ut

484 1978 764 2045 volebas.
854 1978 1170 2061 Superest
1222 1992 1297 2044 ut
1355 1979 1635 2045 Viretum
1679 2002 1931 2064 quoque
1974 2003 2233 2048 mecum
2276 1985 2430 2048 reti-

483 2085 694 2137 neam,
733 2087 925 2148 quem
971 2086 1012 2128 a
1055 2086 1161 2130 me
1203 2065 1397 2130 avelli
1434 2066 1615 2130 nullo
1651 2065 1840 2132 modo
1873 2069 2104 2151 patiar.
2135 2071 2152 2108 ¹
2250 2069 2431 2133 Tuae

484 2171 739 2234 quoque
773 2152 1190 2233 omniumque
1226 2153 1500 2216 fratrum
1536 2162 1774 2235 partes,
1811 2173 1918 2218 me
1954 2152 2062 2217 hic
2097 2174 2135 2218 a
2182 2154 2429 2231 iuvare,

480 2237 612 2302 nisi
655 2237 857 2302 vultis
898 2258 1007 2301 me
1048 2237 1293 2302 frustra
1349 2238 1710 2304 excruciari
1768 2258 1843 2303 ac
1900 2240 2043 2304 sine
2095 2239 2431 2304 commodo

481 2342 622 2387 esse
664 2323 1126 2389 miserrimum.
1215 2323 1348 2390 Ubi
1404 2343 1673 2406 operam
1730 2343 1944 2388 meam
2002 2327 2257 2390 senatui
2317 2324 2430 2391 de-

480 2407 619 2487 tuli,
638 2410 698 2485 ²)
742 2410 1011 2492 exposui
1055 2429 1187 2474 non
1232 2430 1419 2491 posse
1471 2409 1829 2475 consistere
1873 2408 2208 2475 ecclesiam
2231 2461 2245 2487 ‚
2300 2410 2431 2475 nisi

479 2502 730 2558 certum
772 2495 1061 2578 regimen
1110 2496 1613 2560 constitueretur
1669 2493 1862 2577 quale
1917 2516 2002 2560 ex
2058 2495 2257 2561 verbo
2301 2497 2429 2562 Dei

480 2577 665 2645 nobis
702 2582 1171 2663 praescriptum
1218 2591 1319 2645 est
1361 2591 1427 2645 et
1462 2581 1528 2644 in
1570 2581 1773 2645 veteri
1825 2581 2097 2647 ecclesia
2142 2582 2267 2645 fuit
2315 2582 2429 2647 ob-

478 2674 830 2730 servatum.
923 2664 1158 2749 Oapita
1199 2664 1434 2731 deinde
1487 2665 1806 2749 quaedam
1859 2666 2051 2750 attigi
2107 2667 2284 2733 unde
2326 2669 2429 2732 in-

477 2749 850 2835 telligerent
891 2750 1048 2834 quid
1093 2751 1346 2816 vellem.
1416 2750 1550 2818 Sed
1591 2753 1746 2834 quia
1788 2759 1926 2817 tota
1969 2774 2075 2818 res
2119 2752 2428 2835 explicari

477 2856 606 2901 non
652 2845 943 2921 poterat,
1003 2838 1163 2920 petii
1209 2850 1282 2901 ut
1324 2838 1512 2904 nobis
1557 2837 1873 2902 darentur
1928 2839 2041 2919 qui
2086 2838 2424 2905 nobiseum

477 2922 866 2987 conferrent.
956 2919 1093 2988 Sex
1148 2923 1336 2988 nobis
1392 2923 1526 2989 dati
1586 2936 1757 2987 sunt.
1777 2926 1836 2997 ⁸)
1916 2923 2429 2990 Oonscribentur

477 3006 558 3073 de
600 3015 739 3073 tota
781 3007 1089 3075 ecclesiae
1180 3008 1365 3074 olitia
1399 3009 1656 3074 articuli
1699 3029 1861 3091 quos
1897 3007 2132 3074 deinde
2167 3010 2427 3075 senatui

477 3092 947 3159 exhibebimus.
1035 3030 1343 3178 Collegae
1380 3094 1588 3180 tros⁴)
1634 3114 1704 3159 se
1747 3095 1933 3161 nobis
1975 3092 2227 3160 duobus
2270 3116 2426 3161 con-

477 3180 720 3244 sentire
760 3200 920 3263 prae
976 3202 1046 3245 se
1102 3181 1359 3244 ferunt:
1415 3180 1661 3264 aliquid
1718 3180 1950 3246 saltem
2001 3179 2423 3245 obtinebitur.

476 3262 778 3345 Qualiter
831 3286 983 3331 cum
1040 3275 1261 3330 vestra
1317 3266 1588 3331 ecclesia
1641 3273 1905 3350 agatur,
1963 3268 2201 3331 rescire
2240 3268 2425 3350 eupi-

476 3371 640 3416 mus.
728 3348 1122 3433 Quanquam
1179 3372 1518 3433 speramus
1560 3351 1953 3417 Bernatium
2011 3360 2079 3416 et
2132 3351 2424 3417 Biellen-

478 3437 647 3501 sium
691 3438 1043 3502 autoritate
1078 3443 1295 3501 motus
1328 3437 1475 3503 illos
1519 3436 1628 3502 vel
1663 3438 2054 3520 compositos
2096 3437 2167 3502 in
2210 3445 2425 3504 totum

507 3657 2196 3739 855‚1)SaepitoeetianoimBornensibusderm‘mendo
2237 3658 2425 3740 Vir-eto

474 3727 932 3919 Qssffi’
969 3725 1506 3851 φιαεωιᾶεῖωπιοωο
1522 3727 1671 3784 Iulio
1697 3726 1834 3783 1542
1849 3726 2223 3783 Lanam-nam
2238 3727 2422 3784 redut.

677 3864 740 3929 e)
862 3879 917 3933 9.
950 3864 1031 3919 aa
1067 3865 1297 3920 σοηωα.
1338 3836 1417 3918 is.
1454 3863 1606 3933 Sept.
1646 3863 1798 3919 1541.
1884 3864 2003 3919 νοτ.
2038 3864 2126 3933 35,
2158 3865 2253 3932 roz.
2288 3865 2422 3920 324:

473 3936 571 3989 1·-
598 3934 769 3989 Ichan
804 3935 995 3989 Oalvin
1038 3943 1226 3988 nostre
1270 3935 1671 4003 evangelioque.
1740 3934 1948 4004 Lequel
1982 3940 2069 3987 est
2102 3938 2282 3989 arrive
2318 3935 2422 3990 De·

473 4005 725 4058 strubon
845 4009 904 4057 et
948 4020 981 4056 a
1026 4003 1254 4085 delyvre
1298 4004 1394 4057 des
1443 4004 1635 4056 lettres
1669 4002 1827 4056 dudit
1860 4003 2229 4073 Estrasbourg
2262 4010 2320 4057 et
2353 4004 2423 4057 de

473 4074 619 4126 leurs
656 4089 753 4142 pre
798 4072 946 4125 ‘cans
979 4088 1125 4125 aussi
1160 4073 1229 4126 de
1266 4071 1422 4125 Basle
1459 4072 1749 4141 lesquelles
1784 4078 1882 4125 ont
1918 4080 2034 4125 este
2068 4071 2247 4125 lisues.
2312 4072 2421 4127 En·

474 4158 632 4211 apres
668 4156 702 4194 a
749 4147 871 4194 tout
904 4157 973 4193 au
1017 4141 1152 4211 long
1196 4140 1327 4193 saiot
1372 4156 1459 4192 ses
1510 4155 1733 4193 excuses
1768 4139 1837 4193 de
1883 4140 1939 4193 la
1972 4141 2168 4210 longue
2203 4139 2421 4195 demeu-

474 4226 635 4263 ranoe
721 4210 797 4263 nil
842 4227 876 4262 a
920 4209 1115 4275 faycte.
1186 4210 1261 4262 Et
1306 4225 1341 4262 a
1386 4224 1523 4289 prye
1558 4215 1761 4261 mestre
1807 4209 1968 4262 ordre
2015 4225 2106 4262 sus
2140 4209 2329 4279 legliee
2363 4216 2422 4264 et

474 4295 581 4348 que
612 4279 696 4331 ioe
739 4295 812 4349 ny
848 4278 960 4331 fust
994 4278 1263 4348 parescri
1304 4278 1575 4346 tredigie.
1627 4277 1801 4399 Bitu?¹

472 4348 702 4471 33:332.
727 4347 1041 4486 ’ἑῗὶοξέἔξ
1064 4366 1110 4471 .‘
1131 4362 1480 4484 3⁰53&
1509 4346 1915 4483 ffiffilzaessg‘*
1938 4347 2421 4470 ..ἳῗέιὶἇίξοῗέηέῗ

471 4486 620 4539 iours
654 4485 925 4538 serviteur
959 4484 1027 4537 de
1063 4483 1295 4538 Geneve.
1347 4484 1421 4537 Et
1450 4499 1595 4565 pour
1629 4483 1841 4535 sultant
1877 4499 1981 4552 que
2016 4483 2095 4537 les
2130 4483 2419 4553 Seigneurs

473 4554 845 4621 Destrabourg
890 4553 1155 4606 entendre
1204 4569 1308 4622 que
1357 4551 1492 4606 ledit
1537 4550 1727 4604 Oalvin
1784 4557 2038 4605 retourne
2085 4568 2209 4605 vers
2262 4554 2415 4607 eulx:

472 4621 672 4678 Resolu
709 4622 778 4675 de
814 4624 863 4675 le
899 4638 1067 4692 pryer
1116 4638 1221 4692 que
1270 4623 1632 4674 entierement
1673 4620 1713 4673 il
1761 4619 1975 4690 doybge
2010 4620 2295 4675 demeurer
2327 4623 2417 4692 ioy

472 4698 531 4745 et
562 4692 632 4746 de
667 4692 805 4745 oells
840 4691 957 4744 leur
990 4690 1126 4745 faire
1161 4706 1438 4760 responee.
1512 4692 1688 4757 Aussy
1724 4689 1904 4742 resolu
1939 4705 2044 4758 que
2079 4689 2171 4743 lon
2206 4705 2416 4760 envoye

509 4776 669 4815 uerre
703 4777 764 4813 sa
798 4760 995 4812 femme
1030 4768 1088 4812 et
1121 4775 1218 4812 son
1255 4775 1498 4828 mensge.
1567 4758 1745 4822 Quant
1778 4774 1884 4810 aux
1920 4758 2291 4811 ordonnances
2324 4775 2417 4811 sus

492 4830 659 4899 eglise
709 4835 767 4881 et
822 4827 1158 4898 consistoyre
1203 4845 1237 4880 a
1280 4833 1396 4881 este
1443 4828 1621 4880 resolu
1669 4841 1773 4894 que
1819 4825 1909 4879 lon
1959 4825 2172 4896 doybge
2215 4843 2415 4896 suyvre

473 4914 632 4968 apres
670 4897 856 4951 icelles
899 4896 1030 4950 sere.
1099 4896 1175 4950 Et
1219 4896 1358 4951 hont
1415 4904 1531 4949 este
1575 4895 1752 4949 esleua
1797 4910 1939 4963 pour
1980 4895 2190 4964 havoyr
2233 4895 2415 4949 confe-

470 4983 631 5021 renoe
677 4981 916 5035 avecque
952 4967 1032 5018 les
1067 4965 1270 5018 susdits
1304 4965 1590 5034 predicans
1637 4979 1899 5031 asssvoyr
1940 4962 2019 5016 les
2064 4963 2175 5016 Srs.
2210 4954 2415 5018 Claude

472 5035 786 5104 Pertemps‚
830 5039 1044 5104 Amyea
1089 5034 1300 5100 Perrin,
1349 5034 1552 5088 Glande
1600 5034 1796 5097 Boset,
1842 5032 2011 5086 Iehan
2049 5033 2324 5101 Lambert,
2357 5039 2416 5087 et

472 5122 541 5158 en
584 5105 760 5174 grand
806 5104 1025 5172 couseyl
1076 5103 1145 5155 M.
1203 5103 1254 5156 le
1302 5103 1604 5157 lientenant
1649 5100 1852 5154 Goulas
1900 5106 1959 5154 et
2003 5100 2257 5156 Pori-slis.
2340 5101 2415 5155 Et

472 5174 592 5227 dem
634 5189 735 5243 nys
777 5189 811 5224 a
858 5179 976 5225 este
1022 5172 1209 5225 advise
1255 5188 1362 5239 qne
1398 5188 1466 5224 an
1501 5172 1611 5224 lieu
1644 5171 1712 5223 de
1748 5170 1821 5223 M.
1869 5169 1921 5222 le
1956 5170 2261 5224 lientenant
2288 5176 2416 5241 soyt

470 5245 573 5295 nie
629 5258 660 5296 e
696 5242 772 5294 Sf·
810 5240 981 5294 lohan
1019 5240 1228 5294 Balard.

672 5309 730 5363 4³
765 5308 1016 5364 mindens·
1042 5313 1198 5378 puta.

1775 4294 1844 4330 ue
1878 4279 1969 4330 lon
2004 4278 2143 4331 elize
2176 4294 2311 4347 gens
2345 4279 2419 4332 du

2163 412 2319 472 1541
2370 405 2825 475 emm.

4364 425 4490 489 282

2546 614 2689 661 esse
2733 596 2840 662 vel
2884 598 3189 665 nonnihil
3241 599 3516 667 sedatos.
3537 606 3594 679 ὅ)
3680 602 3960 685 Quando
4013 607 4130 673 tibi
4184 628 4334 674 enm
4374 609 4492 677 Sa-

2544 688 2703 746 tana
2745 691 2848 748 est
2898 694 3262 764 certamen,
3322 696 3392 752 et
3443 687 3566 754 sub
3609 687 3865 756 Ohristi
3914 691 4173 759 vexillis
4223 694 4490 776 militas,

2543 764 2729 831 dabit
2789 769 3130 835 victoriam
3197 771 3257 837 is
3309 773 3416 855 qui
3474 783 3542 837 te
3594 778 3876 842 armavit
3925 787 4119 861 atque
4182 781 4251 844 in
4317 780 4492 848 hanc

2543 871 2834 935 pugnam
2870 856 3209 938 pertraxit.
3268 856 3520 923 Verum
3549 862 3854 942 quoniam
3889 863 4061 928 bona
4093 884 4290 930 causa
4321 867 4494 933 bono

2543 951 2761 1004 actore
2801 940 3071 1025 indiget,
3120 941 3265 1009 vide
3307 965 3395 1009 ne
3438 945 3531 1011 sic
3575 946 3694 1012 tibi
3737 946 4082 1033 indulgeas
4123 960 4200 1015 ut
4241 952 4330 1016 sit
4367 952 4488 1017 ali-

2541 1022 2698 1105 quid
2766 1025 2936 1107 quod
3010 1027 3165 1092 boni
3228 1049 3482 1113 quoque
3547 1033 3784 1097 merito
3852 1033 4223 1100 desiderare
4284 1038 4353 1101 in
4418 1050 4490 1105 te

2540 1119 2796 1191 queant.
2875 1111 3027 1178 Non
3069 1111 3411 1181 hortamur
3451 1126 3516 1181 te
3556 1126 3635 1181 ut
3675 1118 3908 1184 bonam
3953 1140 4030 1186 ac
4062 1140 4289 1202 puram
4336 1144 4489 1189 oon·

2540 1196 2879 1261 scientiam
2944 1196 3053 1264 hic
3118 1213 3439 1282 praestes,
3507 1200 3588 1266 de
3657 1224 3788 1286 quo
3843 1205 4014 1270 nihil
4079 1207 4488 1291 ambigimus.

2541 1280 2826 1352 Tantum
2872 1285 3174 1366 cupimus
3215 1299 3322 1361 ut,
3367 1286 3580 1370 quoad
3625 1311 3744 1372 per
3784 1292 4070 1356 officium
4127 1292 4373 1372 licebit,
4421 1306 4487 1363 te

2540 1366 2778 1450 populo
2828 1371 3039 1453 magis
3092 1372 3554 1439 accommodes.
3664 1374 3854 1441 Duae
3910 1388 4098 1454 sunt,
4164 1388 4240 1444 ut
4293 1383 4485 1461 nosti,

2539 1453 2786 1533 species
2828 1455 3319 1539 popularitatis:
3366 1457 3574 1524 altera
3606 1481 3808 1543 quum
3853 1461 4208 1530 ambitione
4250 1475 4319 1530 et
4344 1465 4486 1551 pla-

2538 1537 2727 1602 cendi
2771 1539 3130 1623 cupiditate
3185 1543 3477 1609 favorem
3522 1565 3955 1629 aucupamur,
4023 1548 4233 1615 altera
4281 1572 4487 1634 quum

2537 1622 2982 1691 moderatione
3036 1640 3104 1692 et
3158 1630 3488 1712 aequitate
3546 1633 3801 1698 animos
3855 1634 4213 1715 allicimus,
4281 1647 4358 1702 ut
4413 1660 4486 1705 se

2537 1709 2727 1774 nobis
2766 1709 3005 1777 dociles
3046 1713 3424 1795 praebeant.
3511 1715 3824 1800 Ignosces
3866 1721 3922 1785 si
3966 1720 4236 1787 liberius
4271 1733 4487 1790 tecum

2536 1795 2810 1878 agimus.
2873 1796 3023 1863 Hac
3055 1799 3125 1863 in
3160 1810 3350 1881 parte
3383 1800 3682 1867 videmus
3716 1816 3784 1869 te
3819 1805 4005 1871 bonis
4038 1827 4292 1891 quoque
4326 1808 4490 1893 ipsis

2536 1892 2669 1944 non
2707 1883 3098 1948 satisfacere.
3186 1884 3411 1950 Etiam
3453 1888 3509 1953 si
3553 1887 3718 1954 nihil
3763 1888 3939 1956 aliud
3984 1892 4101 1969 sit,
4153 1895 4222 1958 in
4267 1915 4344 1959 eo
4387 1904 4488 1960 ta-

2533 1986 2690 2030 men
2733 1986 2962 2049 peccas
3004 1969 3176 2051 quod
3213 1970 3320 2035 his
3363 1992 3494 2036 non
3538 1974 3859 2041 satisfacis
3892 1977 4128 2058 quibus
4169 1979 4487 2046 teDomi-

2534 2071 2662 2116 nus
2703 2053 3041 2119 constituit
3081 2052 3455 2121 debitorem.
3524 2056 3672 2124 Scis
3704 2070 4024 2142 quantum
4059 2072 4125 2129 te
4168 2085 4484 2147 amemus,

2536 2146 2853 2217 quantum
2911 2147 2977 2204 te
3028 2139 3337 2207 colamus.
3426 2142 3558 2209 Hic
3613 2145 3915 2226 affectus,
3969 2149 4102 2212 imo
4157 2149 4317 2215 haec
4369 2151 4485 2217 ob-

2535 2225 2869 2288 servantia
2913 2245 3029 2290 nos
3067 2227 3348 2309 impellit
3402 2226 3486 2293 ad
3529 2229 3722 2295 istam
3766 2233 4160 2299 exactiorem
4205 2257 4282 2301 ac
4322 2238 4381 2301 ri
4432 2238 4485 2289 ’-

2535 2305 2782 2373 diorem
2826 2330 3198 2377 censuram:
3246 2315 3398 2394 quia
3439 2315 3739 2396 cupimus
3780 2317 3849 2381 in
3895 2318 4026 2384 illis
4068 2321 4329 2387 eximiis
4412 2343 4485 2388 o-

2537 2393 2712 2459 tibus
2753 2414 2916 2476 quas
2959 2397 3030 2460 in
3073 2406 3141 2462 te
3185 2396 3512 2464 Dominus
3555 2401 3861 2479 contulit,
3920 2403 4178 2469 nullum
4221 2415 4484 2474 exstare

2534 2499 2817 2544 naevum
2867 2482 2980 2563 qni
3047 2484 3389 2550 malevolis
3445 2485 3755 2568 carpendi
3820 2491 4221 2556 occasionem
4287 2512 4484 2575 quam

2532 2574 3014 2749 ffil'ffiussff
3013 2567 3580 2721 ''13'3300139331250
3581 2592 3745 2722 3:2¹2?
3793 2574 4483 2745 ⁶¹vXZff⁰fflp⁰33⁸3¹³2t²

2533 2736 2922 2803 amicissime
2966 2737 3184 2804 stater.
3264 2738 3578 2807 Genevae
3628 2746 3722 2808 16.
3762 2742 4095 2828 Septemb.
4113 2749 4171 2827 ⁸)
4415 2748 4418 2755 '

3305 3018 3714 3028 ———--———

3428 3236 3583 3307 35⁶.

2996 3386 3533 3458 OORDERI‘US
3578 3392 4013 3462 OALVINO.

2704 3555 2956 3624 Roberti
3018 3561 3346 3627 cuiusdam
3420 3582 3522 3628 res
3585 3563 3644 3628 ei
3720 3565 4037 3632 curandas
4098 3568 4477 3634 wmmendat

2532 3640 2782 3794 {aegii
2823 3645 3132 3729 negotium
3173 3647 3338 3714 male
3378 3646 3572 3729 habet,
3617 3669 3696 3715 ex
3737 3669 3858 3731 quo
3902 3649 4250 3717 Beruenses
4291 3652 4479 3737 layna·

2755 3901 2861 3969 (Ex
2898 3903 3234 3972 autographo
3269 3902 3410 3957 Bibl.
3446 3903 3647 3958 Genev.
3684 3903 3813 3959 eod.
3850 3904 3966 3973 110,
4002 3906 4093 3959 sol.
4128 3905 4237 3974 91.)

2837 4088 2929 4155 Io.
2977 4089 3256 4157 Calvino
3299 4093 3490 4158 fratri
3532 4093 3870 4159 carissimo

3967 4179 4299 4246 Genevae.

2701 4310 2771 4377 S.
2818 4311 2892 4378 P.
2944 4311 3250 4379 Robertus
3276 4314 3327 4400 ¹)
3380 4322 3607 4379 noster
3649 4315 3730 4380 ad
3775 4324 3841 4379 te
3885 4316 4112 4382 scribit
4155 4316 4235 4382 de
4278 4318 4476 4384 rebus

2524 4400 2662 4464 suis
2702 4396 3234 4479 Genevensibus,
3292 4421 3457 4484 quae
3501 4421 3696 4485 quam
3741 4401 3976 4467 misere
4020 4401 4298 4468 afflictae
4341 4403 4477 4470 sint

2524 4482 2717 4549 credo
2775 4492 2840 4549 te
2899 4485 3060 4551 satis
3113 4484 3532 4551 intellexisse.
3624 4485 3773 4551 Non
3832 4488 4095 4572 ignoras
4152 4497 4475 4571 quantum

2522 4571 2627 4634 vir
2668 4568 2781 4634 ille
2806 4590 2926 4635 suo
2950 4570 3172 4636 labore
3203 4571 3520 4654 profuerit
3553 4569 3635 4636 ad
3680 4592 3820 4637 rem
3864 4594 3997 4639 non
4019 4572 4210 4640 modo
4253 4575 4473 4641 litera-

2520 4655 2691 4720 riam
2734 4653 2848 4720 sed
2893 4656 3093 4722 etiam
3148 4655 3576 4722 christianam
3620 4659 4152 4740 promovendam.
4237 4658 4473 4742 Itaque

2726 4961 2787 5111 33
2823 4960 4135 5112 mffffmmfflmffiffl
4156 4962 4470 5089 22⁰0&

2515 5104 2802 5233 ‘aaa‘
2816 5116 2898 5225 JV„
2928 5098 3633 5238 {gwilffiffime
3674 5169 3742 5225 de
3773 5169 4055 5238 Stephano
4090 5170 4327 5238 eogitari
4369 5186 4465 5226 ne·
