5050 6167
425 421 544 485 661

420 611 765 696 placuisse,
809 609 926 676 sed
967 610 1159 676 malis
1209 631 1340 676 non
1395 612 1616 678 minus
1659 610 2086 693 displicuisse.
2173 609 2378 677 Sena-

421 698 524 763 tui
564 718 701 762 non
743 696 871 761 fuit
917 696 1178 780 ingrata
1229 697 1464 776 oratic,
1523 708 1594 763 at
1648 697 1870 780 paucis
1925 697 2377 763 Thrasonibus

421 781 616 850 valde
683 783 976 847 molesta.
1065 781 1256 847 Inter
1319 803 1482 865 quos
1551 785 1798 866 primas
1863 790 2047 849 tenet
2100 782 2378 849 Iacobus

425 869 935 945 PratoromanuS,
979 869 1090 951 qui
1133 889 1282 933 eum
1317 869 1672 933 coniuratis
1705 868 1956 952 aliquot
1986 889 2094 933 me
2117 890 2158 933 a
2178 890 2378 953 pran-

423 956 533 1022 dio
568 978 606 1022 e
639 954 1032 1021 catechismo
1074 974 1411 1037 egressum
1448 975 1567 1038 pro
1599 955 1848 1021 foribus
1881 954 2107 1037 templi
2144 975 2377 1039 aggre-

420 1040 623 1107 ditur.
667 1040 1118 1124 Expostulant
1149 1060 1403 1105 mecum
1428 1040 1507 1105 de
1529 1042 1865 1106 concione:
1903 1040 2375 1119 conviciantur,

421 1137 728 1194 asserunt
796 1147 867 1191 se
936 1147 1065 1190 non
1133 1146 1274 1189 esse
1338 1125 1684 1205 Genevao,
1729 1147 1851 1191 nec
1906 1126 2293 1192 effecturum
2317 1127 2377 1209 ⁶)

421 1234 593 1297 quae
635 1212 835 1277 isthic
876 1212 1179 1278 solemus.
1230 1211 1652 1292 Exprobrant
1692 1210 1866 1293 quod
1909 1212 2217 1294 laqueum
2264 1234 2377 1278 ve-

419 1298 539 1364 lim
584 1299 751 1363 eollo
791 1299 1089 1381 ipsorum
1131 1296 1401 1361 iniicere
1435 1310 1500 1361 et
1536 1298 1790 1380 plebem
1813 1299 1881 1362 in
1905 1299 2079 1380 ipsos
2101 1319 2376 1377 armare,

420 1386 723 1470 quamvis
780 1381 1132 1449 admodum
1197 1380 1491 1447 modesta
1542 1384 1740 1448 fuerit
1788 1385 1996 1449 oratio
2051 1405 2201 1449 mea
2258 1405 2378 1469 pro

419 1471 793 1556 argumenti
850 1469 1262 1552 indignitate.
1351 1469 1646 1534 Tandem
1690 1489 1767 1533 eo
1810 1489 1917 1534 res
1960 1471 2264 1553 pervenit
2305 1480 2380 1536 ut

420 1557 692 1624 satelliti
715 1558 770 1640 ⁷)
831 1555 1143 1621 iusserint
1201 1554 1367 1618 mihi
1422 1553 1596 1618 diem
1645 1554 1858 1620 dicere
1901 1556 1975 1619 in
2018 1558 2375 1622 crastinum

419 1664 550 1727 quo
593 1664 701 1708 me
758 1643 885 1707 iuri
944 1642 1272 1716 sisterem,
1331 1640 1502 1722 quod
1561 1642 1956 1723 gravissima
2008 1643 2251 1707 iniuria
2308 1665 2378 1708 se

419 1729 803 1794 affecissem.
881 1726 1200 1794 Prohibet
1238 1736 1459 1790 tamen
1501 1734 1772 1792 senatus
1814 1728 1920 1791 ius
1961 1729 2221 1810 aperiri,
2267 1729 2380 1812 qui

417 1813 616 1880 valde
659 1813 907 1898 gaudet
947 1813 1117 1877 hanc
1152 1812 1274 1876 sibi
1309 1811 1593 1876 oblatam
1628 1813 2030 1878 occasionem
2067 1813 2377 1880 deiicien-

420 1899 543 1965 dae
594 1900 919 1977 abbatiae,
975 1907 1044 1964 et
1085 1899 1379 1981 graviter
1429 1896 1604 1963 dolet
1655 1910 1793 1963 tam
1836 1897 2124 1982 indignis
2168 1901 2376 1966 modis

417 2007 527 2051 me
576 1994 932 2052 tractatum
999 1984 1083 2050 ab
1125 1983 1276 2048 illis.
1322 1983 1610 2048 Eramus
1664 1983 1746 2047 de
1798 2005 2002 2050 coena
2061 1985 2375 2052 adminis-

418 2070 659 2138 tranda
713 2071 1010 2150 solliciti,
1067 2068 1182 2136 sed
1238 2069 1436 2134 rebus
1501 2068 1805 2134 omnibus
1869 2071 2255 2137 consistorio
2309 2082 2377 2136 et

417 2159 678 2224 senatui
723 2155 1221 2223 communicatis
1264 2163 1334 2219 ct
1375 2176 1454 2220 ex
1508 2155 1685 2219 ensis
1729 2174 1862 2219 non
1906 2156 2236 2238 potuimus
2279 2164 2373 2221 ta-

415 2265 573 2309 men
608 2242 1034 2326 supersedere
1067 2262 1107 2306 a
1140 2261 1378 2306 coenae
1411 2261 1451 2305 a
1497 2241 1991 2318 ministratione,
2028 2250 2376 2324 postquam

417 2339 682 2396 autores
739 2328 934 2394 huius
975 2325 1346 2411 tragoediae
1388 2348 1458 2391 so
1502 2336 1895 2409 receperunt
1934 2348 2064 2391 non
2110 2326 2373 2393 adfutu-

415 2435 558 2482 ros:
604 2435 759 2479 nam
805 2414 1048 2496 alioqui
1091 2413 1313 2478 reiecti
1359 2412 1653 2478 fuissent.

589 2500 930 2565 Hactenus
972 2521 1077 2564 res
1121 2498 1452 2581 processit.
1511 2498 1844 2579 Exspecto
1887 2497 2059 2563 diem
2104 2519 2230 2581 quo
2275 2500 2375 2566 ius

414 2588 775 2669 aperietur,
822 2605 978 2649 nam
1020 2585 1266 2666 aliquot
1308 2582 1535 2648 diebus
1577 2585 1704 2648 erit
1745 2584 2089 2649 iustitium.
2180 2584 2374 2665 Quod

413 2670 501 2737 ad
544 2693 652 2737 me
692 2671 944 2747 attinet,
991 2669 1154 2734 nihil
1198 2679 1299 2733 est
1340 2668 1512 2752 quod
1556 2688 1822 2752 carpere
1865 2670 2118 2751 possint
2140 2670 2214 2734 in
2238 2680 2376 2737 tota

413 2779 568 2824 mea
608 2757 923 2834 oratione,
968 2756 1100 2820 nisi
1135 2754 1304 2837 quod
1340 2775 1409 2819 se
1445 2754 1677 2820 volunt
1712 2756 1923 2839 magis
1958 2757 2373 2839 prostituere.

414 2843 640 2909 Facile
680 2842 841 2907 mihi
880 2841 1008 2905 erit
1047 2843 1336 2905 omnium
1375 2838 1646 2905 reddero
1685 2841 2029 2918 rationem,
2075 2845 2375 2925 quamvis

413 2951 550 2995 non
594 2927 853 2994 decrevi
897 2928 966 2991 in
1010 2927 1147 2991 foro
1191 2927 1361 2991 haue
1404 2947 1667 2991 eausam
1706 2947 1920 3009 agero.
1969 2927 2373 3011 Comparobo

413 3021 639 3081 tamen
693 3016 905 3097 primo
961 3012 1067 3077 die
1125 3022 1200 3077 ut
1241 3011 1507 3077 audiam
1561 3033 1787 3077 eorum
1845 3014 2370 3094 postulationem.

413 3100 642 3179 Nunc,
711 3101 766 3165 si
830 3099 1149 3164 haetenus
1213 3117 1534 3178 unquam,
1599 3098 1938 3163 commoda
2001 3119 2071 3164 se
2134 3100 2375 3165 obtulit

412 3188 667 3254 occasio
709 3184 1051 3268 redigendi
1093 3187 1161 3247 in
1199 3182 1493 3247 ordinem
1530 3183 1793 3266 exleges
1827 3184 1988 3249 istas
2029 3194 2093 3250 et
2127 3186 2371 3251 intrac-

412 3273 652 3339 tabiles
698 3273 900 3350 feras,
944 3268 1281 3335 asserendi
1320 3268 1670 3333 ministerii
1712 3270 1939 3346 nostri,
1984 3278 2053 3334 et
2095 3270 2202 3336 hic
2245 3274 2370 3337 eri-

413 3358 669 3444 gendae
704 3358 978 3422 alieuius
1013 3354 1413 3438 disciplinae,
1460 3356 1845 3436 praesertim
1881 3356 1953 3420 in
1986 3356 2373 3422 consistorio

411 3452 482 3511 ot
524 3443 805 3528 publicis
859 3440 1166 3507 moribus.
1254 3441 1426 3505 Nam
1484 3441 1610 3505 etsi
1653 3440 2016 3506 adversarii
2060 3441 2373 3507 desistere

413 3529 654 3607 velint,
703 3550 834 3594 non
881 3527 1092 3610 patiar
1135 3538 1354 3590 tamen
1399 3527 1494 3590 ita
1536 3526 1907 3591 conculcari
1952 3527 2372 3594 autoritatem

413 3615 796 3693 ministerii,
850 3635 1015 3696 quae
1067 3634 1326 3696 pessum
1387 3614 1439 3675 it
1481 3613 1604 3675 nisi
1663 3612 1793 3677 ista
1842 3612 2134 3677 insolens
2190 3634 2371 3677 arro—

415 3703 649 3789 gantia
707 3700 1104 3782 reprimatur
1169 3698 1338 3762 serio
1401 3718 1476 3762 ao
1538 3708 1807 3762 mature.
1901 3698 2209 3781 Alioquin
2267 3720 2373 3764 mo

411 3789 635 3873 potius
656 3786 1020 3851 ministerio
1043 3784 1461 3849 abdicaturus
1498 3804 1662 3861 sum,
1700 3784 1754 3848 si
1780 3803 2054 3864 quorum
2082 3785 2372 3861 interest,

411 3884 491 3940 ut
531 3882 806 3956 oportet,
854 3893 981 3936 non
1028 3869 1496 3952 prospexerint.
1567 3868 1890 3951 Cuperem
1938 3878 2122 3934 tuum
2166 3872 2375 3935 eonsi-

411 3959 596 4038 lium,
640 3961 694 4025 si
732 3957 1014 4023 scribere
1051 3956 1291 4030 liceret,
1337 3956 1639 4035 quamvis
1681 3973 1811 4017 non
1857 3974 2119 4035 possum
2167 3965 2374 4020 totam

414 4045 760 4113 historiam
807 4043 1144 4126 sigillatim
1187 4061 1486 4104 narrare:
1536 4039 1616 4102 de
1659 4061 1790 4119 qua
1831 4039 2028 4103 latius
2073 4039 2252 4105 alias.

592 4128 786 4210 Quod
861 4140 1080 4192 autem
1144 4127 1224 4191 ad
1294 4125 1888 4207 peregrinationem
1967 4125 2374 4190 Beruensem

416 4217 752 4297 attinet,⁸)
804 4215 861 4280 si
905 4212 1162 4296 quaudo
1206 4233 1324 4294 per
1366 4212 1573 4275 otium
1618 4211 1771 4275 licet
1813 4232 2030 4276 eoram
2075 4211 2372 4294 colloqui,

414 4323 747 4387 exponam
791 4302 986 4365 latius
1028 4299 1266 4363 omnia.
1311 4295 1592 4361 Summa
1626 4306 1759 4360 est:
1804 4305 2146 4379 postquam
2181 4296 2374 4361 intel-

413 4389 586 4456 lecta
631 4390 756 4452 suit
800 4409 904 4451 res
950 4397 1026 4450 ut
1063 4396 1247 4467 gesta
1291 4384 1535 4459 suerat,
1581 4381 1770 4447 facile
1815 4383 2173 4464 composita
2216 4389 2376 4446 sunt

414 4474 654 4541 omnia.
704 4471 1226 4554 Suspicabautur
1269 4467 1480 4537 multi,
1527 4488 1601 4531 ae
1647 4469 1844 4531 ctiam
1893 4466 2181 4553 (opinor)
2223 4488 2373 4549 per-

412 4561 598 4628 suasi
640 4556 988 4633 habebant,
1032 4577 1152 4620 nos
1196 4552 1694 4621 conciliabulum
1737 4575 1821 4618 ex
1855 4553 2210 4635 composito
2256 4554 2374 4618 ha-

413 4646 666 4723 buisse,
728 4666 804 4709 ac
848 4642 1213 4707 decrevisse
1257 4639 1496 4705 nostris
1540 4637 1829 4704 ecelesiis
1873 4638 2098 4704 eadem
2143 4639 2374 4704 obtru-

415 4732 593 4798 dere.
681 4731 1104 4811 Responsum
1169 4726 1293 4792 fuit
1355 4723 1621 4790 nomine
1686 4725 2023 4807 utriusque
2087 4736 2370 4803 senatus,

415 4838 636 4887 coram
682 4835 811 4898 quo
854 4834 1054 4880 eausa
1094 4822 1319 4877 nostra
1362 4824 1506 4876 aeta
1547 4817 1648 4874 est
1688 4830 1853 4892 quae
1893 4832 2044 4876 eum
2093 4811 2375 4876 Sulteero

414 4914 648 4988 coepta
689 4901 931 4966 fuerat:
980 4898 1321 4979 Principes
1366 4896 1519 4963 boni
1564 4894 1900 4962 consulere
1936 4903 2001 4962 et
2035 4897 2106 4961 in
2144 4895 2372 4962 melio-

627 5140 689 5203 6)
725 5139 822 5194 sic.

424 5348 480 5406 V
529 5209 687 5404 219ἔῖ
722 5223 1082 5400 &odio-500⁸
1116 5272 1339 5395 5³81}ss
1375 5272 1508 5327 Dec.
1544 5278 1800 5328 meatus
1833 5271 2039 5338 fuerat,
2077 5288 2128 5325 v.
2151 5271 2376 5327 Ruchat

479 5390 494 5404 ·
636 5389 649 5402 ·
899 5360 961 5397 es
1002 5384 1015 5397 .
1047 5361 1106 5412 p.
1252 5379 1265 5392 .

2119 427 2283 489 1543
2329 422 2737 491 DEOEMB.

4310 428 4443 497 662

2479 632 2625 677 rem
2667 620 2922 697 partem
2964 613 3385 697 interpretari
3424 613 3600 698 quod
3642 623 3861 683 actum
3904 617 4145 698 fuerat,
4199 617 4449 688 auditis

2479 718 2651 781 quae
2705 721 2828 765 nos
2882 701 3248 765 movissent
3303 700 3699 779 rationibus,
3753 703 4056 785 quamvis
4108 703 4294 787 prius
4347 706 4447 773 ita

2479 784 2714 850 offensi
2757 785 3052 863 fuissent,
3098 794 3173 850 ut
3214 786 3514 869 putarint
3553 784 3791 872 dignos
3832 788 3946 872 qui
3981 810 4023 855 a
4056 798 4282 855 nostro
4315 792 4443 857 mi·

2480 870 2753 935 nisterio
2796 869 3388 954 supersederemus.
3454 871 3628 937 Fere
3669 892 3900 939 sensus
3940 882 4085 941 erat
4126 877 4441 959 responsi,

2481 953 2723 1021 additis
2745 958 2945 1021 etiam
2966 956 3452 1023 conditionibus
3485 979 3571 1022 no
3610 957 3767 1040 quid
3802 958 4180 1026 huiusmodi
4215 973 4441 1029 nostro

2479 1041 2623 1105 iure
2666 1062 3058 1108 conaremur
3099 1041 3393 1108 eeclesiis
3435 1040 3818 1121 obtrudere,
3864 1044 3980 1111 sed
4024 1047 4079 1111 si
4123 1046 4281 1130 quid
4324 1046 4442 1113 de-

2481 1126 2921 1194 sideraremus
2966 1127 3495 1206 admoneremus:
3549 1129 3876 1213 principes
3918 1130 4207 1198 facturos
4249 1132 4440 1216 quid-

2481 1212 2640 1295 quid
2705 1213 2955 1278 iustum
3017 1215 3213 1278 foret:
3274 1213 3527 1279 interea
3590 1234 4013 1298 pergeremus
4076 1219 4147 1282 in
4213 1226 4439 1285 nostro

2481 1299 2852 1364 ministerio
2895 1320 3027 1383 quo
3069 1298 3401 1382 coepimus
3444 1298 3625 1383 pede.
3700 1299 4004 1366 Addebat
4038 1303 4237 1369 etiam
4280 1325 4440 1372 con-

2481 1384 2588 1449 sul
2632 1384 3012 1450 Diebascius
3027 1386 3084 1467 ⁹)
3129 1384 3315 1471 (nam
3359 1406 3568 1468 neque
3610 1385 4010 1453 Vattevillius
4048 1409 4264 1473 neque
4310 1388 4442 1456 Ne-

2472 1469 2721 1552 yelinus
2795 1472 3116 1536 interesse
3195 1471 3574 1547 voluerunt)
3651 1471 3839 1537 nobis
3901 1474 4144 1539 mirum
4227 1473 4437 1540 videri

2481 1576 2619 1620 non
2665 1554 2901 1622 debere
2957 1556 3013 1621 si
3057 1564 3357 1622 metuant
3407 1556 3738 1640 principes
3782 1558 4038 1637 turbas,
4097 1581 4295 1643 quum
4339 1562 4440 1627 vi·

2481 1640 2753 1707 deamus
2795 1642 3034 1725 quibus
3078 1641 3363 1706 motibus
3404 1641 3691 1725 quotidie
3727 1644 4076 1710 turbentur
4110 1646 4441 1712 ministro—

2481 1748 2631 1791 rum
2673 1747 2885 1793 causa
2965 1727 3118 1792 Non
3160 1727 3291 1794 visi
3335 1748 3564 1793 sumus
3606 1729 3793 1794 nobis
3837 1730 3998 1796 satis
4034 1732 4276 1796 iustam
4320 1731 4442 1797 ha-

2481 1813 2636 1878 bere
2678 1832 2946 1879 causam
2987 1833 3118 1897 qua
3172 1834 3292 1878 nos
3336 1833 3810 1897 opponeremus
3865 1836 4206 1898 responso,
4264 1815 4443 1900 quod

2478 1919 2614 1963 non
2688 1899 3026 1965 videretur
3089 1897 3512 1982 praecludere
3577 1900 3753 1965 viam
3811 1900 3895 1965 ad
3953 1901 4256 1979 meliora,
4325 1901 4443 1968 sed

2479 1997 2705 2049 tamen
2748 2004 2981 2051 cavere
3023 2006 3110 2050 ne
3153 1986 3297 2068 quis
3341 2006 3463 2051 sua
3514 1994 3743 2068 sponte
3786 2006 3862 2051 ac
3904 2008 4024 2052 suo
4066 1987 4212 2052 iure
4256 1986 4444 2070 quid-

2482 2090 2679 2151 quam
2722 2070 2791 2135 in
2836 2069 3108 2136 ecclesia
3148 2079 3456 2149 novaret,
3500 2070 3673 2154 quod
3718 2093 3877 2137 sane
3922 2093 4050 2137 non
4097 2094 4441 2140 censemus

2479 2155 2872 2221 faciendum.
2960 2156 3319 2239 Postquam
3364 2155 3755 2221 admonendi
3803 2158 3980 2223 loeus
4025 2158 4438 2242 relinquitur,

2479 2252 2547 2304 et
2589 2261 2737 2323 spes
2792 2242 2992 2306 etiam
3045 2241 3369 2307 nonnulla
3424 2241 3596 2306 faeta
3650 2243 3737 2307 sit
3790 2241 4127 2308 habendae
4182 2266 4214 2309 s
4262 2241 4438 2321 nodi,

2479 2347 2612 2391 non
2680 2326 2964 2392 multum
3030 2347 3260 2393 sumus
3324 2327 3494 2391 refra
3588 2327 3655 2391 ti.
3747 2326 4075 2407 Quamvis
4132 2350 4309 2394 emm
4367 2329 4438 2396 id

2478 2413 2705 2478 consul
2752 2434 2884 2477 non
2925 2410 3167 2476 dixerit
3202 2411 3284 2478 de
3318 2432 3485 2494 syno
3533 2432 3571 2476 o
3609 2434 3726 2478 nec
3762 2415 4033 2479 verbum
4070 2415 4437 2494 fecerimus,

2478 2517 2563 2562 ex
2605 2499 2862 2580 privato
2906 2511 3125 2562 tamen
3169 2495 3582 2581 quorundam
3636 2497 3985 2581 colloqui0,
4043 2502 4156 2583 qui
4200 2500 4323 2565 hac
4366 2501 4440 2566 in

2478 2604 2551 2647 re
2595 2583 2878 2648 multum
2923 2591 3223 2666 possunt,
3271 2583 3670 2665 deprehendi
3714 2604 3791 2648 eo
3831 2585 3961 2649 iam
3998 2586 4253 2650 animos
4295 2606 4439 2652 csse

2476 2670 2952 2753 propensiores.
3044 2667 3297 2734 Consul
3354 2668 3807 2735 Vanevillensis
3848 2668 4111 2735 Villarii
4137 2670 4218 2755 ¹⁰)
4273 2679 4436 2751 erat,

2478 2775 2674 2836 quem
2740 2753 3177 2820 salutavimus
3244 2764 3507 2818 euntes:
3589 2777 3753 2837 quos
3822 2776 4043 2822 seeum
4112 2755 4438 2838 prandere

2477 2840 2672 2903 iussit
2706 2849 2771 2903 et
2806 2840 3199 2905 amicissime
3233 2840 3508 2923 excepit,
3553 2842 3940 2924 rogavitque
3976 2848 4052 2905 ut
4085 2839 4439 2908 redeuntes

2476 2925 2628 2991 illae
2693 2929 2818 2989 iter
2882 2926 3260 2990 faceremus.
3345 2924 3578 2991 Voluit
3640 2936 3859 2990 autem
3905 2948 3945 2991 a
3988 2934 4127 2992 tota
4182 2927 4437 2994 actione

2477 3012 2722 3088 abesse,
2768 3010 2939 3095 quod
2983 3011 3277 3075 venisset
3310 3010 3378 3074 in
3412 3012 3848 3092 suspicionem
3894 3012 4247 3089 nonnullis,
4293 3033 4437 3078 rem

2478 3118 2609 3161 non
2652 3098 3006 3180 ignorasse,
3052 3094 3223 3180 quod
3268 3094 3672 3161 Columbarii
3716 3105 3873 3161 tunc
3915 3098 4158 3173 fuisset,
4205 3104 4275 3162 et
4316 3118 4439 3165 nos

2477 3203 2704 3248 omnes
2748 3203 2896 3248 eum
2943 3203 3020 3247 eo
3063 3181 3439 3264 colloquuti.
3531 3181 3875 3261 Neqelinus
3916 3183 4126 3264 primo
4171 3181 4275 3247 die
4321 3182 4437 3249 ad-

2476 3268 2630 3345 fuit,
2689 3276 3002 3350 sequente
3059 3267 3284 3333 abfuit.
3373 3267 3575 3331 Forte
3631 3266 3925 3332 licuisset
3979 3268 4166 3333 nobis
4221 3267 4438 3335 dicore

2475 3353 2669 3435 plura
2724 3354 2796 3417 in
2855 3360 3119 3433 senatu,
3188 3352 3247 3418 si
3310 3352 3512 3417 alium
3573 3352 4023 3417 habuissemus
4080 3355 4436 3422 consulem.

2478 3436 2614 3503 Sed
2668 3459 2787 3503 nos
2845 3440 3065 3503 statim
3122 3438 3316 3504 iussit
3368 3436 3541 3521 loqui
3587 3458 3704 3520 per
3746 3439 4204 3521 interpretem,
4259 3438 4439 3523 quod

2476 3533 2755 3607 negaret
2798 3545 2868 3589 se
2912 3544 3103 3606 posse
3147 3536 3391 3600 nostra,
3436 3534 3515 3587 ut
3556 3532 3828 3605 oportet,
3873 3525 4246 3607 germanice
4288 3524 4437 3591 rod-

2477 3608 2648 3674 dere.
2728 3610 2902 3674 Nam
2949 3609 3071 3675 hoe
3114 3609 3495 3691 impetravit
3536 3631 3577 3673 a
3620 3619 3879 3686 senatu,
3926 3631 4009 3673 no
4053 3611 4439 3692 cuiusquam

2476 3703 2650 3759 esset
2715 3696 3039 3777 interpres
3103 3694 3354 3773 consul,
3422 3695 3592 3760 sieut
3657 3715 3827 3759 anne
3882 3695 4215 3779 superiore
4270 3695 4438 3761 mihi

2475 3792 2780 3845 narrarat
2837 3780 3302 3845 Vattevillensis.

2650 3866 2882 3931 Nescio
2941 3886 3024 3929 an
3087 3864 3415 3930 audiveris
3476 3864 3554 3929 do
3604 3874 3782 3929 motu
3833 3864 4113 3929 excitato
4156 3865 4225 3928 in
4261 3863 4439 3930 Bea-

2474 3956 2608 4014 tum
2637 3952 2720 4034 ¹¹)
2765 3960 3033 4033 propter
3073 3949 3399 4033 quandam
3444 3950 3839 4026 concionem,
3888 3951 3952 4012 in
3990 3971 4118 4031 qua
4162 3951 4241 4016 do
4277 3970 4437 4015 exa-

2476 4036 2655 4099 mine
2699 4037 3108 4114 meminerat,
3153 4057 3319 4119 quae
3362 4035 3615 4100 animos
3651 4033 3842 4099 valdo
3880 4048 4322 4117 exasperarat,
4368 4046 4441 4102 et

2478 4141 2741 4187 eausam
2798 4132 3107 4187 nostram.
3198 4119 3345 4202 Sed,
3379 4120 3460 4187 de
3503 4119 3630 4186 hac
3680 4141 3753 4185 re
3808 4120 3999 4190 alias.
4057 4131 4124 4183 et
4167 4121 4439 4203 reliquis

2685 4375 2745 4435 9)
2782 4375 2958 4443 Leye:
3008 4377 3375 4428 Dia-sbaeliins.
3449 4375 3508 4428 E
3538 4382 3696 4443 yente
3737 4374 3833 4427 fila
3869 4374 4178 4428 clarissima
4213 4391 4272 4428 eo
4310 4390 4431 4430 sae-

2478 4445 2600 4497 culo
2646 4445 2830 4511 plures
2878 4445 3239 4497 innotuerunt
3284 4444 3522 4496 maxime
3566 4445 3627 4498 in
3662 4443 3812 4496 bellis
3850 4442 4135 4495 Gallorum
4179 4444 4435 4499 civssibue

2472 4529 2584 4582 pro
2620 4527 2794 4565 causa
2828 4513 3252 4579 reformatorum
3286 4513 3597 4565 militantes.
3659 4511 4001 4578 Apoyrapha
4036 4528 4233 4566 nomen
4267 4532 4305 4567 a
4332 4513 4432 4568 Vs·-

2476 4589 2591 4636 reto
2627 4582 2743 4635 iam
2778 4586 3098 4648 corruptum
3132 4580 3288 4634 varie
3322 4580 3715 4637 dem-avarunt.
3790 4578 3875 4631 De
3912 4580 3963 4632 Ι.
4002 4581 4054 4633 Ι.
4096 4580 4423 4637 Watteviuio

2478 4658 2529 4705 et
2565 4651 2689 4707 Seb.
2728 4650 3015 4772 Nleyeling,
3052 4649 3335 4770 praeside
3371 4648 3771 4703 Lausannensi
3816 4664 3866 4701 υ.
3906 4648 3984 4702 N.
4028 4648 4144 4715 193,
4182 4657 4293 4705 not.
4336 4652 4400 4704 18
4411 4669 4432 4717 ,-

2476 4722 2596 4784 424,
2631 4725 2745 4774 not.
2826 4722 2882 4786 1,-
2921 4723 2947 4771 4
2997 4723 3041 4785 l,
3079 4724 3192 4772 not.
3266 4757 3278 4770 .

2658 4790 2742 4851 10)
2783 4787 2963 4842 Plura
2995 4788 3167 4841 huius
3200 4783 3443 4841 nominis
3476 4784 3683 4848 ophida
3718 4789 3853 4837 sunt
3884 4784 3950 4838 de
3986 4786 4186 4853 quibus
4218 4787 4310 4841 hic
4342 4802 4432 4843 co-

2475 4857 2654 4926 yitare
2701 4858 2895 4926 possis.
2969 4856 3236 4911 Fortasse
3279 4854 3468 4908 innuit
3502 4852 3897 4907 Manchweiler
3938 4870 4109 4924 prope
4146 4855 4436 4912 Moratum

2475 4927 2576 4979 ubi
2609 4931 2691 4980 est
2722 4926 2999 4980 castellum
3035 4924 3360 4980 domniale.

2653 4995 2712 5048 11
2724 5000 2744 5059 )
2784 4994 3147 5063 Genmyimn,
3159 4994 3452 5047 diaconum
3462 4989 3589 5044 olim
3598 4991 4115 5058 Aryentoratensem
4125 4991 4432 5050 lutherani-

2476 5069 2712 5130 mntem,
2750 5064 2851 5131 qui
2884 5062 2939 5116 d.
2971 5066 3025 5115 11
3064 5061 3178 5117 Oct.
3203 5060 3691 5117 concionabundus
3723 5060 4010 5113 mendaces
4044 5064 4093 5112 et
4128 5061 4273 5127 filios
4306 5063 4431 5118 dia-

2478 5133 2589 5187 boli
2622 5133 2843 5187 dixerat
2875 5147 2966 5186 eos
3000 5133 3098 5201 qui
3129 5132 3412 5186 ministros
3446 5129 3781 5183 accusabant
3972 5129 3981 5140 ‘
4012 5144 4218 5183 novum
4250 5146 4329 5200 pa

2478 5207 2597 5256 tum
2702 5202 2713 5212 ‘
2746 5216 2835 5255 ere
2868 5208 3217 5256 conarentur.
3259 5198 3485 5255 Caetera
3519 5198 3643 5252 vide
3671 5213 3768 5278 ap.
3827 5266 3837 5277 ⁹
3868 5197 4220 5265 undeshayen
4238 5215 4292 5269 p.
4312 5147 4432 5271 iffi,

2478 5277 2529 5324 et
2565 5217 2878 5326 siffis-m
2922 5271 2998 5325 ad
3042 5289 3094 5325 a.
3137 5269 3288 5324 1543.
3354 5268 3577 5322 Viretus
3619 5268 3711 5321 huc
3757 5267 3927 5320 altam
3984 5280 4211 5347 causam
4255 5276 4440 5326 motus

2478 5341 2633 5395 illius
2666 5339 2919 5395 indicare
2952 5339 3189 5406 videm,
3227 5337 3338 5393 scil.
3374 5337 3441 5391 de
3472 5337 3726 5390 examine
3757 5338 4294 5394 communicantium.

3910 5419 4015 5473 42·
