5050 6167
261 1760 278 1769 “
397 1738 799 1805 sententiam
842 1735 923 1801 de
965 1736 1093 1804 hac
1133 1757 1207 1801 re
1248 1744 1545 1802 nostram
1587 1756 1932 1818 exponere.

417 425 541 496 585

415 628 638 691 autem
701 620 929 706 procui
993 617 1190 687 dubio
1253 626 1687 705 consequetur
1748 641 2033 707 magnus
2094 622 2365 702 fructus,

413 708 604 778 sicuti
645 728 961 805 magnum
1011 727 1194 807 nunc
1253 714 1353 773 est
1405 705 1949 807 impedimentum
2002 714 2072 772 et
2124 728 2368 793 magna

411 791 923 978 aem&
940 790 1467 977 ¹¹¹...0ffifmffis
1474 791 2367 962 ffmfflffi

411 965 699 1051 ablegari
741 965 850 1033 vel
890 964 1104 1030 iuberi
1145 971 1385 1045 tacere,
1428 984 1632 1047 quum
1671 964 1772 1029 illi
1807 964 2162 1048 disputatio
2204 966 2363 1031 offe·

408 1065 610 1120 ratur.
679 1051 880 1118 Esset
912 1050 1089 1116 enim
1123 1070 1372 1116 novum
1411 1049 1878 1115 offendiculum
1921 1052 1980 1116 si
2021 1059 2364 1134 cogeretur

407 1144 643 1217 tacere,
687 1157 903 1221 neque
937 1135 1396 1202 admitteretur
1437 1135 1522 1202 ad
1564 1156 1794 1202 eorum
1836 1156 2004 1219 quae
2039 1136 2210 1201 dixit
2249 1135 2362 1203 de-

405 1223 792 1290 fensionem.
875 1222 1006 1288 His
1060 1221 1429 1288 rationibus
1471 1220 1862 1287 adducimur
1903 1231 1981 1286 ut
2021 1224 2363 1305 cupiamus

405 1309 916 1392 disputationem
954 1307 1410 1373 vehementius
1451 1307 1754 1392 flagitari.

575 1394 893 1461 Dicemus
935 1414 1112 1460 nunc
1153 1391 1237 1459 de
1289 1393 1545 1458 ratione
1585 1413 1752 1477 quae
1804 1392 1994 1459 nobis
2036 1392 2121 1459 ad
2163 1413 2362 1478 agen·

405 1481 567 1548 dum
607 1487 764 1564 apta
803 1485 872 1545 et
910 1480 1176 1562 propria
1218 1478 1497 1559 videtur,
1539 1499 1675 1543 non
1718 1478 2203 1564 praescribendi
2247 1487 2365 1545 aut

402 1565 790 1634 consulendi
851 1565 1073 1630 animo
1135 1564 1232 1649 (id
1296 1565 1474 1631 enim
1539 1570 1711 1630 esset
1773 1565 2181 1648 superbum),
2247 1564 2363 1631 sed

403 1660 666 1718 tantum
709 1660 786 1717 ut
835 1650 992 1717 clar.
1027 1651 1290 1717 senatui
1342 1650 1794 1733 obsequamur,
1847 1652 1964 1733 qui
2007 1670 2140 1801 rigel
2172 1651 2364 1750 iussit

2142 1757 2250 1802 nm
2297 1757 2361 1802 ιο

396 1844 713 1908 rogamus
755 1828 833 1889 ut
874 1821 958 1887 ad
1002 1821 1336 1888 Metenses
1378 1822 1620 1904 legatio
1683 1821 1987 1886 mittatur
2029 1842 2197 1905 quae
2237 1758 2361 1888 ilios

395 1909 561 1974 illuc
616 1908 931 1987 deducat,
994 1915 1305 1991 petatque
1363 1907 1629 1972 nomine
1684 1907 1994 1985 foederis,
2058 1913 2135 1971 ut
2188 1906 2362 1990 quod

394 1994 662 2078 privato
703 1992 972 2060 cuilibet
1014 2001 1208 2076 atque
1257 1992 1487 2077 ignoto
1529 1992 1796 2058 daretur
1836 1993 2025 2059 nobis
2069 2012 2203 2058 non
2247 1992 2360 2057 de-

393 2087 676 2165 negent:
721 2099 962 2162 nempe
989 2079 1148 2162 quia
1180 2078 1396 2161 palam
1422 2099 1542 2145 nos
1575 2086 1644 2144 et
1663 2077 2030 2145 doctrinam
2065 2085 2361 2144 nostram

393 2165 729 2233 atrocibus
784 2166 1093 2231 conviciis
1143 2172 1211 2229 et
1251 2162 1613 2230 maledictis
1664 2163 1912 2230 lacerat
1957 2162 2237 2243 Cardu-9,
2294 2172 2362 2230 et

387 2251 582 2318 falsis
617 2250 1001 2317 criminibus
1034 2270 1157 2315 nos
1191 2259 1437 2327 onerat,
1481 2250 1669 2317 nobis
1703 2248 2100 2332 respondere
2135 2250 2357 2316 liceat:

387 2336 540 2420 ipse
582 2357 742 2403 vero
786 2344 1060 2436 cogatur
1103 2341 1218 2400 aut
1261 2336 1435 2436 tueri
1472 2356 1638 2435 quae
1683 2334 1879 2434 dixit,
1942 2343 2055 2401 aut
2097 2335 2359 2420 culpam

385 2442 828 2607 afim...
875 2420 2360 2607 ffloeffisssvfffflfflasffiffi

382 2595 590 2660 nobis
646 2594 949 2659 volumus
1002 2593 1274 2677 ignosci.
1375 2590 1453 2659 Si
1505 2600 1815 2658 recusent
1865 2599 1981 2658 aut
2036 2594 2356 2677 tergiver-

385 2687 632 2745 sentur
685 2677 1051 2758 Metenses,
1111 2687 1417 2762 prompta
1463 2678 1590 2745 erit
1644 2679 1963 2763 exceptio.
2053 2677 2246 2760 Quod
2300 2679 2359 2744 si

234 2793 245 2804 ·
381 2766 545 2849 quis
622 2765 1043 2832 concionator
1119 2763 1242 2830 sub
1314 2762 1469 2829 DD.
1536 2764 2055 2848 protestantibus
2132 2783 2357 2849 quem-

427 2851 575 2916 iam
623 2849 1002 2930 infamaret,
1060 2849 1174 2916 illo
1357 2849 1611 2915 tulante
1669 2857 2016 2935 cogeretur
2068 2850 2152 2917 ad
2205 2849 2355 2917 red·

380 2871 684 3037 391¹le
758 2935 1099 3002 rationem.
1207 2871 1356 3002 (ff
1423 2956 1581 3020 ergo
1643 2957 1780 3001 non
1848 2935 1975 3002 erit
2049 2937 2356 3020 utrinque

415 3192 433 3208 -
490 3192 506 3208 .
567 3020 801 3209 &33⁶2
811 3114 1030 3174 autem
1073 3114 1381 3207 causatur
1432 3106 1576 3205 ipse
1622 3105 1907 3188 Garoltoe,
1963 3128 2103 3173 non
2156 3107 2355 3175 licere

375 3191 1043 3359 &mmmmss‘t
1076 3190 2355 3364 finaimmisfiffioffffaeffpssbssffl

371 3363 566 3432 Nam
609 3384 869 3449 semper
919 3365 1048 3430 fuit
1103 3363 1515 3448 disputatum
1568 3386 1719 3431 cum
1773 3364 2151 3447 haereticis,
2205 3365 2352 3432 ubi-

374 3471 651 3552 cunque
714 3470 789 3551 se
848 3450 1030 3518 locus
1102 3449 1433 3551 offerebat:
1542 3448 1658 3516 Sic
1718 3451 2137 3552 :Augustinus
2200 3471 2353 3517 cum

373 3535 803 3706 maspuffl?
853 3544 947 3688 {it
980 3537 1394 3702 ῗὲἶῖῗοξῗι,
1411 3557 1790 3690 &mmm
1832 3537 2096 3689 ἔξω
2133 3557 2354 3690 ἔῖἓῗ

374 3708 610 3808 empia
648 3728 827 3808 quae·
860 3707 945 3774 ad
961 3708 1418 3807 ,imitationem
1457 3707 1640 3773 trahi
1672 3729 1810 3774 non
1852 3708 1933 3775 de
2103 3716 2150 3789 t,
2189 3711 2354 3810 pm-

371 3793 673 3964 23:05⁸.
688 3793 2355 3966 ⁰hmvtfflffisffi¹⁰fflssfflffffiffi

371 3986 671 4032 numero
712 3969 816 4045 32,
881 3967 997 4033 ubi
1061 3966 1287 4033 scribit
1338 3965 1422 4032 de
1477 3965 1609 4032 fide
1672 3966 1746 4031 in
1808 3966 2082 4034 ecclesia
2131 3986 2353 4033 coram

370 4051 631 4135 populo
674 4049 911 4119 debere
964 4051 1301 4135 disputari.
1388 4050 1650 4118 Deinde
1689 4053 1963 4118 minime
2004 4059 2352 4119 consenta-

372 4158 592 4204 neum
626 4144 753 4238 ’est
803 4145 880 4203 ut
933 4138 1007 4202 in
1061 4137 1334 4235 ecclesia
1388 4137 1677 4238 Metensi
1733 4137 1974 4205 clamet
2029 4159 2152 4205 nos
2208 4160 2354 4206 esse

370 4222 2355 4379 mfflzt’dfflfflfffflfflssffffiffiffi

369 4415 455 4462 ac
501 4393 824 4474 sistimus,
868 4415 990 4461 nos
1032 4394 1106 4459 in
1145 4393 1411 4460 ltaliam
1452 4394 1559 4461 vel
1593 4395 1988 4480 Hispaniam
2022 4417 2141 4480 per
2180 4396 2352 4463 ludi-

369 4480 609 4548 brium
652 4488 935 4549 revocet.
1005 4479 1194 4546 Nihil
1236 4500 1394 4565 ergo
1427 4481 1535 4547 vel
1571 4482 2009 4549 excusationis
2042 4483 2152 4549 vel
2194 4483 2350 4549 sub-

365 4567 656 4652 terfugii
701 4566 898 4633 habet
911 4617 928 4646 ,
984 4585 1189 4650 quum
1239 4566 1412 4632 hanc
1454 4565 1889 4633 conditionem
1932 4590 2131 4652 quam
2173 4569 2349 4636 defe-

367 4654 598 4719 rimus
640 4653 933 4736 recipiat.
1001 4652 1178 4718 Nam
1221 4658 1337 4718 aut
1377 4651 1645 4735 impune
1688 4653 1926 4736 cuique
1961 4654 2116 4720 licet
2149 4655 2350 4720 male-

369 4738 608 4840 dicere
677 4746 795 4804 aut
869 4737 1144 4823 cogendi
1201 4744 1357 4804 sunt
1433 4737 1937 4806 calumniatores
2006 4739 2091 4806 ad
2158 4741 2350 4808 satis-

365 4822 842 4976 ῂοιθῗξὲῗιέι·
918 4909 1428 4993 disputationem
1501 4910 1776 4995 rogandi
1843 4931 2098 4995 quoque
2158 4920 2353 4979 erunt

368 4997 728 5063 Metenses
770 5002 868 5076 ut,
907 4997 964 5060 si
1005 4995 1418 5061 innocentiae
1451 5005 1713 5062 nostrae
1754 4996 1952 5062 fidem
1987 4999 2351 5080 fecerimus,

366 5082 615 5150 locum
671 5082 858 5148 nobis
923 5080 1352 5148 concionandi
1412 5081 1570 5148 dare
1624 5082 1833 5149 velint
1895 5083 1979 5148 ad
2045 5083 2355 5152 diluenda

374 5168 616 5236 Caroli
644 5166 1001 5267 ’mendacia
1015 5218 1032 5247 ,
1088 5168 1260 5234 sicut
1313 5187 1434 5234 nos
1487 5189 1606 5253 pro
1661 5168 2077 5237 concionibus
2133 5172 2354 5256 palam

369 5254 766 5423 fflugffod
809 5337 894 5405 ad
947 5340 1472 5407 circumstantias
1525 5340 1829 5424 pertinet,
1893 5363 2029 5409 non
2093 5343 2357 5411 aliunde

2030 435 2195 500 1543
2237 431 2769 502 Ima—mm.

4298 443 4424 511 586

2469 620 2707 689 melius
2747 623 2991 706 poterit
3032 626 3180 708 capi
3223 625 3569 692 consilium
3606 646 3806 711 quam
3841 646 3926 693 ex
3967 648 4042 694 re
4074 628 4423 712 praesenti.

2468 707 2653 793 Ergo
2696 707 2854 793 quid
2898 709 3056 775 utile
3100 711 3187 776 sit
3228 718 3297 777 et
3339 731 3576 794 operae
3617 713 3926 796 pretium,
3984 714 4424 782 aestimabunt

2466 792 2672 878 legati
2713 815 2916 879 quum
2956 795 3112 862 illuc
3154 797 3474 863 venerint.
3501 796 3559 883 ²)

3242 1057 3648 1068 ———-———

3364 1240 3522 1311 488.

3004 1376 3474 1447 GALVINUS
3518 1378 3888 1448 VIRE'I'O.

2643 1548 2731 1615 In
2771 1571 2894 1634 quo
2949 1555 3119 1616 statu
3170 1570 3271 1617 res
3321 1551 3627 1617 invenerit
3679 1552 3887 1633 quoad
3930 1550 4206 1618 Metense
4245 1572 4420 1637 neqo-

2467 1636 2645 1717 tium‚
2690 1636 2783 1701 ita
2825 1637 3075 1718 quidem
3115 1641 3184 1701 ut
3214 1657 3342 1718 pro
3384 1643 3651 1718 tempore
3683 1636 3848 1703 nihil
3890 1639 3997 1721 aqi
4028 1659 4213 1720 posse
4245 1639 4417 1705 vide-

2468 1726 2635 1788 atur.
2716 1723 2856 1804 Qua
2898 1723 2973 1787 de
3014 1742 3082 1787 re
3123 1723 3312 1787 etiam
3353 1723 3790 1806 mayifftratmn
3839 1722 4251 1789 Genevensem
4291 1743 4417 1790 oer-

2466 1808 2685 1873 tiorem
2743 1809 2953 1889 facere
3016 1808 3347 1874 constituit.
3460 1806 3734 1873 Carolus
3807 1808 4169 1875 insolentior
4230 1830 4419 1893 qaam

2465 1913 2747 1975 unquam
2791 1893 3154 1959 adventante
3200 1891 3489 1959 Caesare.

2466 2064 2582 2131 (Ex
2638 2063 2976 2133 autographo
3024 2063 3156 2118 Ood.
3204 2062 3409 2118 Genev.
3462 2062 3579 2130 106,
3638 2063 3730 2118 fol.
3786 2062 3856 2117 90
3904 2064 4054 2117 cuius
4106 2064 4419 2186 apographa

2466 2138 2686 2187 exstant
2730 2133 2863 2187 ibid.
2899 2131 3027 2186 Ood.
3069 2131 3188 2197 111,
3239 2132 3331 2186 sol.
3381 2130 3450 2184 74
3496 2138 3554 2186 et
3588 2131 3717 2186 Ood.
3767 2131 3909 2185 111⁶,
3956 2133 4047 2187 fol.
4206 2139 4323 2188 tum
4356 2134 4415 2188 iu

2464 2200 2634 2255 Arch.
2683 2202 2845 2255 Bern.
2896 2201 3037 2270 Epp.
3072 2200 3134 2253 Τ.
3172 2200 3304 2267 VII,
3343 2198 3445 2254 483
3479 2208 3536 2254 et
3570 2217 3656 2323 alp.
3695 2200 3983 2255 Simlerum
4006 2202 4126 2258 Vol.
4166 2200 4250 2257 53.
4300 2202 4419 2257 An·

2996 2269 3135 2339 glice
3168 2269 3369 2339 legitur
3402 2269 3550 2324 Tem.
3619 2309 3633 2322 .
3669 2286 3721 2339 p.
3757 2268 3903 2335 363.)

2459 2457 2676 2523 Fideli
2721 2446 2973 2523 Christi
3016 2456 3338 2537 ministro,
3396 2457 3599 2522 Petro
3643 2456 3876 2522 Vireto
3917 2456 4416 2525 Lausannensis

2609 2543 2917 2609 ecclesiae
2959 2543 3204 2627 pastori
3248 2541 3440 2608 fratri
3485 2549 3553 2608 et
3595 2542 3802 2609 amico
3843 2542 4287 2626 integerrimo.

2634 2694 2705 2763 S.
2744 2696 3003 2763 Accidit
3042 2696 3218 2781 quod
3239 2696 3423 2776 solet,
3468 2704 3546 2761 ut
3575 2716 3683 2761 res
3716 2694 3939 2761 minus
3972 2695 4082 2762 hic
4124 2704 4418 2763 maturas

2458 2783 2830 2849 invenerim
2873 2802 3068 2866 quam
3110 2802 3545 2866 speraveram.
3634 2782 3924 2848 Tametsi
3968 2801 4103 2846 non
4144 2802 4419 2865 magno·-

2457 2890 2636 2954 pere,
2679 2879 2757 2934 ut
2799 2870 2993 2947 nosti,
3037 2868 3246 2934 falsus
3290 2889 3454 2934 sum.
3491 2869 3543 2945 ι)
3612 2867 3709 2933 Ut
3749 2867 3987 2932 Metim
4027 2888 4148 2933 nos
4191 2868 4415 2934 statim

2459 2954 2893 3035 conferamus,
2939 2953 3226 3022 Senatus
3269 2953 3379 3019 hic
3420 2973 3632 3036 neque
3675 2952 3975 3032 consulit,
4014 2974 4225 3037 neque
4268 2975 4418 3038 per·

2457 3042 2681 3107 mittit.
2770 3039 3075 3108 Scribere
3127 3040 3284 3106 illuc
3339 3038 3573 3105 inutile
3631 3060 3708 3105 ac
3763 3038 4211 3104 fiuetraneum
4271 3059 4416 3107 esse

2457 3126 2738 3194 iudicat:
2795 3126 3103 3210 quoniam
3157 3126 3389 3191 literae
3432 3145 3591 3190 suae
3631 3126 4033 3208 contemptui
4076 3145 4257 3191 nunc
4296 3125 4417 3190 ha-

2455 3213 2759 3292 beantur,
2826 3218 2941 3278 aut
3004 3211 3237 3279 saltem
3292 3232 3428 3277 non
3481 3211 3577 3276 ita
3628 3218 3947 3276 curentur
3997 3217 4073 3276 ut
4125 3209 4415 3278 decebat.

2454 3299 2632 3365 Nam
2688 3295 2983 3383 papisti's‚
3037 3299 3152 3382 qui
3206 3296 3378 3381 apud
3422 3297 3758 3363 Metenses
3802 3317 3978 3363 nunc
4036 3317 4259 3363 rerum
4300 3316 4417 3379 po-

2456 3376 2745 3463 tiuntur,
2802 3384 3060 3450 animos
3112 3384 3304 3449 inflat
3361 3381 3662 3450 Caesaris
3713 3380 4060 3449 adventus.
4088 3384 4148 3460 ²)
4233 3382 4419 3467 Ergo

2457 3469 2947 3551 Smalcaldiam,
2972 3471 3032 3547 ⁸)
3070 3470 3185 3536 ubi
3228 3488 3409 3535 nunc
3454 3473 3851 3535 conventum
3882 3467 4131 3535 habent
4162 3474 4420 3552 protes-

2457 3563 2694 3637 tantes,
2786 3555 3055 3623 missuri
3149 3561 3308 3620 sunt
3375 3561 3453 3621 ut
3529 3574 3944 3620 communem
4012 3552 4415 3653 legationem

2454 3642 2812 3726 postulent,
2857 3661 3026 3725 quae
3067 3641 3281 3724 magis
3322 3646 3561 3726 urgeat
3605 3639 3766 3706 istos
3809 3639 3925 3724 qui
3966 3637 4138 3705 nihil
4179 3637 4419 3706 facturi

2456 3736 2614 3796 sunt
2655 3728 2786 3794 nisi
2828 3726 3114 3793 stimulis
3153 3725 3387 3792 adacti.
3473 3726 3630 3792 Non
3669 3723 3897 3791 credas
3938 3745 4140 3809 quam
4181 3724 4418 3792 volun-

2453 3815 2659 3882 tarios
2723 3812 2968 3897 alioqui
3041 3833 3112 3879 se
3180 3811 3373 3878 nobis
3437 3811 3813 3878 exhibeant.
3839 3811 3918 3890 ⁴)‘
3988 3809 4176 3876 Nihil
4237 3810 4419 3876 enim

2454 3907 2767 3969 recusant
2799 3919 3087 3984 prorsus,
3125 3906 3450 3983 quatenus
3483 3902 3726 3980 putant
3746 3896 4076 3981 expedire.
4136 3894 4419 3963 Summa

2454 3987 2656 4053 etiam
2733 3984 3043 4054 comitate
3104 4004 3227 4050 nos
3291 3988 3712 4066 exceperunt.
3819 3982 3955 4049 Ubi
4024 4001 4417 4066 responsum

2453 4071 2675 4151 fuerit,
2761 4071 3068 4156 protinus
3147 4070 3584 4153 accingemur,
3661 4076 3857 4152 teque
3934 4067 4415 4135 advocabimus.

2454 4159 2603 4226 Hoc
2645 4158 2825 4224 enim
2868 4165 3005 4223 tam
3040 4156 3211 4222 amb'
3311 4177 3350 4220 o
3395 4161 3465 4219 et
3507 4173 3826 4238 suspenso
3870 4160 4051 4220 statu
4085 4153 4244 4238 quid
4286 4153 4414 4218 im-

2453 4242 2799 4329 petrares?
2886 4242 3158 4310 Interea
3258 4242 3371 4306 um
3429 4239 3900 4307 Smalcaldiam
3962 4239 4118 4318 itur,
4196 4239 4417 4306 visum

2659 4464 2720 4525 2)
2758 4464 3028 4535 Epistola
3065 4463 3275 4533 paucis
3320 4462 3514 4518 diebus
3553 4467 3687 4532 post
3732 4460 3819 4515 24.
3867 4460 4033 4515 Iunii
4075 4459 4290 4530 scripta
4333 4464 4415 4517 ed

2451 4535 2586 4605 ipsa
2616 4538 2767 4589 teste.
2837 4535 3049 4590 Bucen
3081 4550 3258 4616 m
3292 4532 3665 4602 subsc-eptem
3699 4535 3807 4586 est:
3845 4530 4100 4585 Calvinus
4137 4536 4194 4584 et
4227 4531 4413 4585 Fatel-

2455 4604 2647 4735 1ιῖΘὲ1
2660 4609 2965 4739 ssonlaffle
2997 4609 3444 4727 ΐοιιιιῗὶῃῗοῃιῖἓ·
3470 4671 3553 4723 sar
3580 4684 3731 4724 more
3747 4666 3988 4722 forward
4005 4667 4115 4721 and
4133 4666 4411 4723 advanced

2454 4742 2591 4795 than
2623 4742 2651 4795 I
2685 4742 2825 4796 have
2861 4741 3142 4811 expected.
3213 4742 3342 4801 But,
3378 4739 3590 4806 indeed,
3620 4738 3648 4792 I
3681 4755 3769 4791 am
3803 4742 3903 4790 not
3937 4752 4072 4808 very
4110 4736 4414 4806 effectively

2455 4811 2879 4959 supporgffoui
2909 4892 3094 4947 mapa·
3127 4892 3208 4958 ex·
3227 4876 3316 4931 H·
3385 4877 3525 4957 ania
3547 4888 3821 4956 ‘reversus
3862 4887 4065 4953 mense·
4091 4871 4243 4927 Iulio
4285 4886 4410 4926 ver-

2453 4952 2612 5017 qanta
2640 4948 2688 5004 S
2782 4965 2875 5003 am
2908 4963 2965 5003 se
2998 4946 3230 5003 contum
3374 4948 3596 5001 comam
3628 4942 3865 5012 ayenda.
3920 4941 4196 5012 (Sindon.
4224 4940 4411 4999 LXV.

2449 5034 2515 5087 P.
2551 5016 2729 5153 315.ae
2764 5087 3115 5141 Adventante
3149 5102 3217 5140 ex
3253 5085 3415 5139 Italia
3437 5082 3668 5137 Caesare
3702 5098 3821 5136 cum
3856 5082 4026 5151 copiis
4043 5084 4415 5159 protestantes

2498 5158 2555 5210 ui
2589 5157 2779 5210 literas
2815 5155 2930 5209 eius
2972 5154 3191 5209 Genuae
3238 5153 3395 5207 datas
3429 5168 3605 5222 nuper
3641 5157 3977 5220 acceperant,
4025 5149 4095 5201 ad
4137 5145 4224 5201 24.
4268 5146 4411 5202 Iunii

2502 5228 2605 5279 'em
2641 5224 2995 5279 Smalcaldiae
3031 5224 3360 5279 conveniunt
3395 5228 3496 5275 etc.
3568 5218 3765 5288 (Secia.
3799 5218 3836 5273 1.
3869 5218 3934 5282 Ζ.)

2663 5292 2726 5362 4)
2764 5294 2892 5348 You
2926 5300 3122 5348 cannot
3156 5292 3389 5372 imagine
3425 5291 3549 5345 how
3592 5292 3894 5371 important
3927 5305 4028 5343 our
4062 5286 4411 5356 magistrates

2460 5364 2714 5419 conceive
2748 5363 2860 5415 this
2894 5367 2953 5415 to
2988 5364 3058 5416 be
3094 5362 3372 5430 (proximo
3406 5363 3667 5416 comm
3698 5356 3939 5427 omaso).
