5050 6167
393 493 509 556 529

554 678 739 744 Bene
779 677 962 759 vale,
1019 679 1126 744 vir
1168 677 1336 745 mihi
1420 678 1736 747 lurimum
1776 680 1848 746 in
1889 680 2178 746 Domino
2219 701 2329 747 co·

389 762 591 831 leude.
682 761 916 830 Saluta
959 772 1339 831 reverenter
1479 772 1615 833 tres
1657 787 1903 845 omnes,
1938 766 2329 849 praesertim

389 848 848 934 Bullinyemm,
896 849 1300 932 mendorum,
1345 849 1780 938 Μεραηᾶηωη.
1839 850 2167 918 Dominus
2208 872 2331 918 vos

388 956 612 1003 omnes
666 943 981 1020 perpetuo
1046 935 1293 1022 dirigat
1342 937 1417 1002 in
1459 936 1765 1004 ecclesiae
1817 959 1975 1004 suae
2027 937 2329 1006 aedifica-

387 1022 648 1088 tionem.
738 1021 1053 1090 Genevae
1101 1028 1177 1087 14
1221 1022 1489 1090 Calend.
1534 1023 1749 1090 Maias
1796 1027 1979 1090 1543.

1206 1300 1508 1309 ———-

1278 1518 1431 1590 4⁶3.

855 1672 1354 1742 PARELLUS
1399 1673 1854 1741 MYCONIO.

558 1845 917 1912 Narratei
970 1844 2334 1931 quidMeusetGorzaeaoeideritetquo

378 1932 557 1999 modo
587 1952 711 2012 per
741 1932 1024 1997 maxim
1057 1930 1429 1998 discrimina
1459 1931 1643 1998 salva
1681 1933 1814 1998 vita
1846 1934 2335 2017 Aryentoratum

367 2018 736 2102 perum.
826 2015 1055 2083 Omnia
1084 2037 1210 2099 pro
1250 2037 1418 2084 more
1459 2022 1590 2083 tam
1644 2017 1787 2100 fuse
1826 2038 2020 2103 quam
2060 2019 2332 2102 confuse.

381 2187 782 2271 (Apographou
815 2188 1095 2269 exemplar
1108 2204 1278 2268 ,finon
1312 2205 1444 2269 vero
1459 2205 1599 2311 §na
1632 2187 1879 2258 epistola,
1917 2195 2100 2272 01th
2132 2190 2190 2245 in
2224 2191 2333 2273 Ap-

379 2256 555 2312 ohim
602 2257 1028 2323 Genevensibus,
1073 2256 1261 2310 Pieres
1294 2256 1422 2313 hist.
1515 2297 1527 2309 .
1566 2255 1729 2324 1206,
1777 2257 1875 2312 sed
1923 2259 2086 2314 lectio
2129 2276 2334 2330 passim

746 2327 944 2381 misere
978 2325 1277 2395 depravata
1310 2331 1368 2380 et
1398 2326 1523 2409 plus
1557 2343 1722 2395 quam
1755 2327 1963 2395 dubia.)

552 2515 816 2581 Pastori
870 2512 1180 2581 ecclesiae
1236 2512 1487 2582 Christi
1539 2515 1624 2581 D.
1672 2514 1965 2582 Osvaldo
2019 2516 2333 2602 Myconio

376 2604 444 2667 et'
487 2601 703 2666 multa
743 2601 989 2684 pietate
1030 2607 1098 2665 et
1138 2598 1269 2666 fide
1311 2608 1380 2666 et
1419 2600 1786 2668 eruditione
1829 2608 2159 2754 &wasa

555 2821 627 2890 S.
672 2824 733 2889 L
823 2824 837 2838 ⁶
898 2831 1048 2888 tuas
1101 2822 1345 2901 literas,
1386 2821 1680 2895 ,Osvalde
1724 2822 2036 2902 Michoni,
2095 2822 2335 2907 quibus

375 2908 544 2975 mihi
588 2929 709 2993 gra
806 2909 937 2974 aris
978 2906 1060 2974 de
1094 2926 1400 2975 successu
1434 2908 1761 2994 evangelii
1797 2908 1973 2992 quod
2009 2916 2148 2975 tam
2191 2909 2334 2976 lan-

373 2994 576 3080 guide
631 3002 995 3079 sequuntur
1044 2993 1289 3095 passim
1333 3014 1562 3060 omnes
1604 3015 1830 3079 paene.
1919 2994 2136 3061 Multa
2176 3004 2336 3061 sunt

373 3101 546 3165 quae
615 3081 859 3164 passim
926 3078 1271 3146 desideres.
1361 3078 1498 3147 Sed
1552 3081 1624 3145 in
1668 3080 1883 3147 Gallis
1935 3080 2101 3146 mihi
2160 3080 2337 3148 dolet

373 3188 445 3232 re
535 3164 656 3230 riri
710 3176 845 3231 tam
889 3167 1161 3233 miseros
1215 3166 1550 3232 ministros
1599 3167 1743 3250 qui,
1800 3188 2002 3251 quum
2058 3187 2190 3234 non
2249 3168 2332 3235 ob

374 3188 726 3318 effictum
782 3251 899 3318 sed
950 3260 1025 3317 ut
1079 3253 1312 3317 erectis
1367 3252 1585 3318 cristis
1638 3253 2077 3319 vociferarent
2129 3253 2334 3319 libere

373 3337 844 3404 valedixerunt
905 3338 1218 3422 pontifici,
1284 3358 1354 3404 se
1419 3346 1682 3403 tantum
1746 3348 2133 3422 quaerentes
2192 3340 2334 3405 sine

375 3421 725 3506 disciplina
766 3433 1093 3508 vagantur
1126 3431 1193 3488 et
1231 3424 1358 3508 piis
1391 3424 1729 3508 negotium
1762 3425 2112 3504 facessunt,
2157 3434 2223 3490 et
2264 3425 2336 3491 id

375 3507 561 3574 licet:
590 3509 640 3591 ¹)
683 3530 887 3592 quare
939 3516 1017 3574 ut
1069 3515 1166 3574 tot
1216 3509 1408 3576 malis
1451 3518 1831 3576 occurratur
1872 3509 2110 3576 vellem
2177 3510 2335 3578 hinc

374 3593 584 3678 incipi
627 3604 697 3659 et
738 3594 1004 3661 demum
1038 3616 1121 3660 ex
1157 3595 1358 3661 verbo
1392 3594 1667 3661 Domini
1707 3617 1826 3680 pro
1873 3617 2128 3663 ressum
2169 3598 2330 3663 fieri.

376 3680 622 3747 Merito
680 3679 849 3745 mihi
912 3701 1134 3764 posses
1200 3680 1518 3765 gratulari
1577 3680 1658 3747 de
1721 3701 1831 3749 ecc
1857 3682 1991 3748 esia
2045 3683 2334 3749 Metensi

375 3774 606 3850 partes
646 3786 828 3832 meas
869 3767 925 3832 si
970 3766 1299 3833 exercitus
1342 3767 1640 3833 fuissem:
1686 3788 1842 3833 nam
1877 3789 2010 3833 non
2044 3766 2182 3834 vidi
2225 3790 2334 3835 us-

377 3872 575 3935 quam
620 3858 759 3917 tam
801 3850 1141 3917 ardentem
1194 3851 1266 3916 in
1309 3852 1498 3935 plebe
1550 3853 1858 3918 affectum
1901 3862 1968 3919 et
2009 3875 2143 3920 non
2187 3861 2335 3919 tan-

377 3943 525 4003 tum
569 3937 640 4001 in
693 3936 775 4002 iis
818 3937 929 4018 qui
985 3937 1264 4005 lectione
1317 3947 1436 4003 aut
1489 3938 1820 4005 auditione
1862 3940 2047 4006 verbi
2092 3939 2334 4023 aliquid

377 4028 628 4088 norunt
671 4021 753 4087 de
793 4020 1075 4101 Christo,
1122 4044 1350 4089 verum
1387 4024 1701 4107 pontificii
1735 4046 1991 4110 quoque
2032 4025 2101 4090 in
2148 4024 2335 4108 plebe

378 4129 513 4174 non
557 4107 895 4193 refugiunt
931 4104 1174 4185 audire,
1217 4129 1339 4175 nee
1379 4110 1710 4175 inauditos
1744 4111 2079 4191 damnant,
2123 4132 2336 4195 neque

381 4192 611 4259 audita
661 4193 1010 4258 invertunt
1063 4192 1175 4256 sed
1220 4194 1494 4262 candide
1537 4204 1606 4261 et
1656 4196 2016 4280 loquuntur
2066 4204 2132 4262 et
2173 4197 2341 4262 iudi-

382 4287 537 4345 cant
589 4279 780 4344 iuxta
833 4278 899 4343 id
953 4275 1129 4361 quod
1182 4277 1576 4365 intelligunt.
1665 4282 1953 4367 Magnus
2004 4283 2104 4348 ita
2144 4284 2338 4349 affec-

380 4370 598 4430 torum
622 4385 956 4443 numerus,
1002 4363 1167 4429 adeo
1201 4374 1278 4428 ut
1312 4363 1466 4430 olim
1492 4368 1918 4451 magistratus
1954 4390 2105 4435 cum
2142 4368 2340 4434 sacri-

382 4450 599 4516 ficulis
656 4458 724 4516 et
775 4448 1093 4535 quidquid
1150 4457 1255 4515 est
1311 4469 1430 4532 pro
1485 4454 1788 4532 pontifice
1846 4454 2207 4538 desperarit
2259 4451 2340 4519 de

339 4592 344 4597 .
383 4534 801 4621 impediendo
844 4535 1064 4601 verbo.
1153 4534 1285 4601 Hic
1340 4536 1679 4604 miraberis
1722 4559 1830 4603 me
1872 4560 2068 4622 quem
2108 4540 2338 4605 Domi·

385 4643 513 4688 nus
556 4623 749 4701 rexit,
794 4620 965 4705 quod
1008 4620 1117 4687 ubi
1171 4621 1396 4687 nullus
1451 4642 1656 4705 paene
1702 4624 1962 4691 volebat
2003 4624 2229 4691 audire
2272 4633 2341 4691 et

385 4707 555 4772 nihil
621 4714 764 4773 erat
827 4707 966 4790 spei
1032 4706 1112 4772 de
1175 4707 1374 4773 verbo
1438 4729 1727 4791 unquam
1795 4709 2200 4777 admittendo
2265 4719 2342 4776 ut

384 4792 838 4878 praedicarem
857 4798 893 4832 ⁴*
935 4792 1133 4859 nullis
1178 4794 1380 4859 nimio
1422 4814 1635 4877 neque
1678 4795 2173 4877 prohibentibus
2213 4796 2339 4861 im-

385 4879 646 4962 peditis,
683 4884 719 4918 ⁴*
759 4879 1013 4945 causari
1056 4900 1214 4944 sane
1257 4878 1448 4964 plura
1490 4887 1780 4963 possunt.
1879 4883 2134 4966 Nempe
2178 4881 2340 4949 haec

387 4965 552 5030 mihi
575 4966 744 5030 ratio
767 4964 927 5031 satis
959 4966 1214 5030 fuisse*
1248 4974 1422 5045 nota,
1469 4966 1646 5031 viros
1687 4987 1938 5051 graves,
1983 4967 2340 5053 prudentes

388 5059 460 5115 et
509 5052 653 5135 pios
706 5052 817 5134 qui
870 5072 1065 5134 quam
1111 5052 1356 5135 optima
1400 5051 1653 5118 dedisse
1696 5054 1966 5119 consilia
2021 5056 2337 5134 feruntur,

388 5137 632 5222 quique
686 5136 769 5201 ob
828 5136 1048 5203 oeulos
1089 5138 1421 5222 ponebant
1461 5138 1757 5222 pericula
1810 5141 2085 5219 maiora,
2107 5146 2143 5180 ⁴*
2185 5161 2338 5205 nam

429 5411 559 5472 468.
605 5413 656 5476 l)
693 5410 810 5465 Hic
842 5410 1058 5480 aliquota
1091 5411 1273 5465 deesse
1306 5409 1543 5466 videaur.

311 5532 316 5535 -
603 5497 822 5553 Galvffli
850 5512 1033 5566 opera.
1117 5498 1232 5554 Vol.
1267 5496 1373 5550 XI.

2132 494 2296 558 1543
2340 491 2650 559 APRIL.

4258 499 4385 562 530

2431 680 2590 765 quid
2623 701 2760 748 non
2793 682 3207 767 contingeret
3237 679 3608 765 praedicato
3642 704 3808 749 evan
3894 682 3982 750 lio
4011 693 4385 769 repugnant

2430 774 2528 833 tot
2571 775 2640 833 et
2681 774 2818 833 tam
2854 767 3232 852 potentibus
3274 765 3685 847 adversariis,
3729 791 3762 835 s
3884 790 4038 836 suos
4071 791 4204 836 non
4237 780 4387 836 tue·

2432 859 2620 919 retur
2675 862 2744 919 et
2796 853 3097 919 hostibus
3142 873 3274 918 non
3322 853 3671 920 resisteret.
3751 855 3921 921 Pars
3953 856 4381 941 magistratus

2432 958 2602 1023 quae
2636 939 2865 1022 pietati
2886 961 3018 1004 non
3044 937 3518 1005 adversabatur
3538 947 3604 1005 et
3623 941 4015 1024 praecipuus
4031 940 4090 1027 2)
4113 942 4385 1026 regebat

2435 1031 2502 1089 et
2554 1024 2821 1091 iubebat
2835 1076 2851 1104 ,
2909 1025 3165 1091 tacebat
3222 1023 3307 1089 ad
3358 1033 3637 1107 tempus.
3724 1025 3878 1091 Alia
3931 1035 4090 1092 sunt
4146 1027 4384 1110 quibus

2433 1130 2542 1176 me
2586 1118 2656 1176 et
2695 1131 2921 1176 omnes
2963 1131 3168 1194 paene
3210 1110 3326 1193 qui
3368 1111 3462 1175 ita
3503 1110 3867 1177 suadebant
3907 1131 4164 1194 possem
4210 1112 4385 1196 apud

2436 1195 2736 1263 homines
2777 1196 3053 1279 probare
3095 1216 3225 1261 non
3270 1193 3441 1261 male
3483 1196 3692 1280 egisse
3734 1198 3866 1263 imo
3909 1197 4385 1265 consultissime

2436 1289 2504 1347 et
2545 1281 2806 1366 optime.
2896 1281 3032 1349 Sed
3074 1279 3229 1364 quid
3272 1301 3437 1364 opus
3479 1290 3580 1346 est
3626 1281 4029 1367 subterfugia
4071 1304 4386 1368 quaerere

2437 1367 2509 1432 in
2562 1367 2646 1434 iis
2700 1388 2867 1451 quae
2920 1374 3077 1433 sunt
3115 1367 3406 1445 Domini,
3452 1388 3655 1450 quum
3705 1367 3846 1450 ipse
3889 1367 4106 1434 verbis
4150 1368 4387 1452 quibus

2437 1453 2751 1537 respondi
2791 1453 3092 1519 omnibus
3135 1451 3556 1518 subindicans
3591 1453 3748 1536 quid
3789 1453 3962 1519 facto
4004 1461 4177 1520 esset
4218 1473 4384 1540 opus

2437 1546 2507 1604 et
2549 1559 2744 1621 quam
2800 1538 3092 1624 graviter
3142 1538 3215 1602 in
3258 1536 3620 1602 Dominum
3674 1559 4089 1621 peccaremus
4132 1538 4189 1605 si
4230 1538 4389 1622 quid

2437 1623 2932 1691 obmitteremus
2988 1623 3058 1688 in
3118 1642 3313 1706 opere
3354 1624 3627 1689 Domini
3669 1624 3886 1689 verbis
3928 1646 4061 1691 non
4104 1624 4388 1690 subseri-

2435 1711 2592 1776 bere
2633 1710 2912 1775 aliorum
2953 1709 3340 1787 sententiae,
3361 1714 3397 1748 ⁴*
3460 1708 3653 1774 factis
3696 1709 3829 1789 rei,
3855 1710 3927 1775 in
3989 1709 4389 1776 sententiam

2435 1796 2888 1879 improbatam.
2966 1794 3127 1860 Ideo
3169 1801 3270 1860 est
3310 1791 3483 1878 quod
3522 1795 3809 1878 ingenue
3848 1795 4105 1878 culpam
4151 1816 4388 1947 offme-

2435 1901 2582 1948 cam
2620 1886 2689 1947 et
2730 1881 2991 1946 veniam
3036 1900 3077 1944 a
3120 1879 3404 1946 Domino
3448 1890 3667 1963 petam
3710 1880 3859 1965 plus
3912 1882 4090 1947 satis.
4245 1880 4385 1947 elui

2436 1968 2647 2033 vitare
2689 1967 2757 2032 id
2799 1967 2985 2032 cuius
3028 1963 3352 2043 traducor,
3397 1965 3510 2031 ubi
3544 1964 3818 2031 verbum
3839 1967 4113 2032 Domini
4150 1988 4388 2050 sequor

2437 2074 2478 2119 a
2520 2054 2846 2118 sententia
2888 2051 3205 2118 dimoveri
3246 2071 3381 2116 non
3424 2070 3646 2134 posse:
3690 2049 3859 2135 quod
3905 2052 3961 2118 si
4003 2052 4390 2133 timuissem,

2437 2139 2604 2205 bone
2647 2138 2931 2216 Christe,
2989 2136 3248 2221 quando
3303 2137 3652 2205 intrassem
3705 2137 3987 2220 aliquam
4032 2138 4388 2205 ecelesiam.

2437 2223 2703 2290 Interea
2758 2223 2851 2308 pii
2909 2222 3064 2288 dum
3125 2243 3246 2307 ego
3305 2230 3489 2288 taceo
3533 2243 3574 2287 a
3665 2231 3741 2288 nt
3782 2231 3860 2288 ut
3901 2243 4019 2306 per
4060 2224 4390 2309 principes

2437 2317 2507 2376 et
2562 2310 2760 2376 urbes
2813 2309 3053 2393 quibus
3095 2307 3402 2373 Christus
3458 2244 3709 2374 affiffiit
3763 2308 4178 2389 adiuventur,
4207 2312 4237 2351 ⁸
4309 2317 4390 2375 ut

2435 2403 2668 2480 pacate
2711 2402 2778 2460 et
2835 2394 2977 2460 sine
3031 2394 3353 2479 sanguine
3397 2394 3813 2478 evangelium
3855 2397 4108 2479 possint
4148 2395 4237 2460 ha
4317 2416 4391 2460 re

2436 2480 2608 2566 quod
2629 2481 2868 2546 merito
2902 2499 3130 2545 curare
3164 2479 3549 2558 debuerunt,
3586 2499 3742 2544 nam
3779 2480 3941 2546 haec
3972 2480 4188 2546 media
4221 2501 4393 2564 quae

2437 2568 2633 2632 offert
2671 2565 3001 2632 Dominus
3059 2565 3203 2648 quis
3301 2564 3543 2631 rudens
3595 2565 3932 2650 negligat?
4020 2564 4156 2632 Sed
4199 2566 4393 2632 omit-

2436 2650 2712 2718 tendum
2765 2673 2902 2718 non
2954 2660 3097 2716 erat
3149 2586 3333 2735 plage
3390 2652 3562 2716 fame
3615 2651 3800 2716 verbi
3851 2661 3919 2717 et
3960 2659 4143 2734 peste
4200 2652 4392 2737 gravi

2436 2737 2743 2803 laborans
2785 2736 2948 2822 quin
2992 2736 3190 2802 verbo
3248 2745 3623 2818 pasceretur
3666 2744 3735 2802 et
3784 2746 4130 2803 sanaretur
4170 2745 4392 2802 mente

2438 2823 2598 2888 dum
2641 2844 2912 2907 corpora
2954 2823 3389 2889 conficiuntur
3433 2821 3596 2887 tabe.
3664 2821 3997 2889 Audivisti
4042 2830 4118 2889 ut
4160 2823 4393 2906 opinor

2438 2930 2545 2975 me
2589 2908 2882 2975 docuisse
2926 2928 3060 2973 non
3095 2906 3321 2991 procul
3365 2908 3445 2973 ab
3480 2908 3643 2974 urbe
3677 2908 3963 2974 Metensi
3988 2910 4046 2993 ⁴)
4092 2915 4160 2974 et
4191 2929 4392 2993 quam

2438 2994 2623 3079 plebs
2682 2992 2988 3059 ardenter
3042 2993 3416 3059 occurrerit.
3504 2994 3837 3060 Pontificii
3882 2995 4195 3073 canonici,
4248 3015 4392 3061 mo·

2437 3080 2635 3145 nachi
2680 3087 2749 3145 et
2789 3078 2859 3144 id
2892 3099 3100 3165 genus
3134 3099 3286 3144 cum
3321 3079 3708 3164 magistratu
3744 3099 4006 3145 omnem
4042 3086 4392 3146 moverunt

2435 3165 2721 3249 lapidem
2766 3174 2841 3231 ut
2883 3186 2988 3231 me
3027 3163 3450 3248 impedirent:
3513 3173 3731 3231 actum
3774 3186 3921 3231 cum
3967 3165 4391 3250 Burgundio-

2438 3252 2650 3332 nibus,
2697 3252 2820 3318 hoc
2863 3259 2981 3329 est,
3027 3272 3176 3316 cum
3218 3251 3301 3316 iis
3343 3251 3453 3334 qui
3497 3249 3624 3316 sub
3660 3249 3945 3317 Caesare
3985 3251 4277 3316 militant
4315 3258 4394 3317 ut

2436 3359 2555 3422 per
2599 3359 2709 3404 eos
2752 3338 2846 3421 pii
2890 3336 3361 3421 affligerentur.
3449 3336 3647 3420 Capti
3688 3336 3770 3401 ab
3813 3337 3909 3403 eis
3963 3336 4231 3403 fuerunt
4272 3335 4391 3401 ali-

2436 3424 2552 3507 qui
2597 3424 2833 3507 quibus
2877 3420 3282 3487 numeranda
3324 3421 3451 3486 fuit
3492 3422 3788 3506 pecunia,
3835 3443 3964 3506 qua
4004 3444 4074 3488 se
4116 3420 4392 3489 redime-

2437 3516 2610 3589 rent,
2655 3517 2722 3575 et
2755 3530 2876 3593 ego
2911 3515 3173 3574 coactus
3206 3507 3423 3573 locum
3458 3507 3758 3573 deserere
3791 3509 3859 3573 in
3897 3529 4026 3591 quo
4060 3508 4389 3575 docebam.

2438 3594 2574 3662 Sed
2617 3616 2816 3679 quum
2863 3593 3154 3660 Gorzam
3197 3593 3549 3677 petiissem,
3575 3592 3634 3679 ⁵)
3693 3615 3815 3660 nec
3871 3594 4032 3661 satis
4075 3594 4391 3678 Burgun-

2438 3680 2666 3751 diones
2707 3678 3180 3761 responderent
3220 3681 3394 3745 votis
3437 3700 3664 3744 eorum
3709 3680 3823 3763 qui
3911 3680 4008 3746 ios
4050 3700 4135 3745 ex
4178 3679 4391 3745 officio

2439 3766 2615 3833 tueri
2669 3764 3008 3842 debebant,
3075 3764 3291 3830 visum
3358 3765 3491 3831 illis
3554 3765 3682 3830 fuit
3744 3763 4186 3831 sollicitandos
4249 3784 4392 3831 esse

2441 3852 2692 3919 Gallos.
2786 3851 3028 3935 Agitur
3077 3871 3227 3917 cum
3278 3850 3584 3929 Gai-sano,
3615 3852 3672 3927 ⁶)
3719 3848 3913 3916 datur
3955 3852 4014 3916 ei
4058 3851 4393 3936 catalogus

2649 4107 2710 4167 2)
2751 4106 2984 4176 Gaspar
3018 4106 3085 4161 de
3117 4105 3252 4160 Heu
3284 4104 3563 4160 mabam.

2648 4175 2707 4241 3)
2744 4176 3026 4231 Adia-unt
3040 4175 3346 4298 guno-spes
3388 4174 3607 4240 foedere
3651 4172 4015 4229 Smdcaldico
4072 4179 4391 4229 oonnmctos

2443 4245 2819 4314 (Seckendorf
2843 4246 2969 4300 ΙΙΙ.
3005 4246 3040 4298 8
3112 4246 3153 4312 .)

2647 4313 2708 4378 4)
2741 4314 2805 4368 in
2836 4314 2957 4369 vico
2994 4312 3313 4382 Montiyny,
3344 4327 3451 4380 per
3485 4311 3626 4366 duos
3659 4325 3885 4365 menses.
3956 4311 4116 4364 Farel
4134 4311 4391 4366 demeura

2442 4383 2476 4437 a
2500 4384 2789 4453 Montigny
2808 4386 2891 4437 ius
2932 4401 3027 4437 ues
3063 4400 3129 4437 en
3156 4383 3455 4435 Decembre
3490 4382 3810 4435 continuant
3845 4396 3930 4433 ses
3964 4380 4220 4449 presches
4254 4381 4391 4436 dans

2442 4453 2495 4506 le
2530 4452 2787 4505 chasteau
2821 4402 3212 4522 de‘l’Evesque
3245 4451 3368 4520 (qui
3403 4450 3570 4503 estoit
3603 4450 3748 4503 alors
3785 4466 3852 4529 en
3886 4449 3940 4501 la
3958 4448 4257 4529 ‘puissance
4292 4449 4390 4504 des

2444 4538 2704 4590 ennemys
2752 4520 2822 4573 de
2865 4521 2919 4574 la
2964 4521 3085 4590 foy)
3124 4518 3193 4573 ou
3249 4535 3336 4573 ses
3394 4525 3652 4588 supports
3700 4522 4069 4573 continuoient
4113 4517 4183 4571 de
4218 4519 4390 4573 l'aller

2442 4606 2585 4713 {35¹³
2620 4589 2932 4711 iamim
2979 4605 3073 4711 ¹'1⁰¹'
3114 4589 3350 4710 ’Ἓξ
3378 4586 4391 4710 f¹⁰..2”‡⁸¹}2¹;23⁵.÷3.⁰⁰{²3;22:53³⁰f23

2517 4675 2555 4711 n
2615 4675 2648 4711 o
2720 4674 2777 4710 re
2874 4675 2941 4712 ue
3018 4675 3076 4711 es
3402 4674 3434 4708 u
3525 4674 3559 4709 n

2445 4727 2602 4797 qu'ils
2637 4674 2904 4780 sortoieilt
2937 4727 3043 4780 afin
3080 4675 3221 4795 qupils
3256 4741 3325 4778 ue
3360 4730 3769 4778 retournassent
3816 4741 3913 4793 pas
3960 4723 4097 4778 dans
4144 4725 4197 4777 la
4243 4725 4388 4790 ville,

2444 4812 2505 4849 ce
2552 4796 2821 4865 prophete
2864 4795 2948 4848 fut
2992 4794 3266 4849 eontraint
3310 4794 3451 4846 enfin
3501 4809 3640 4863 pour
3684 4810 3968 4861 mesnager
4014 4795 4067 4846 le
4112 4809 4271 4862 repos
4319 4793 4389 4847 de

2442 4881 2531 4918 ses
2566 4870 2865 4918 sectateurs
2898 4863 2968 4917 de
3003 4863 3286 4917 desnicher
3310 4879 3506 4916 encore
3532 4863 3601 4915 de
3632 4861 3686 4916 la
3720 4868 3777 4917 et
3812 4863 3880 4915 de
3917 4868 4103 4931 porter
4127 4878 4213 4915 ses
4234 4878 4387 4916 reve·

2443 4934 2643 4987 lations
2718 4935 2801 4986 lus
2836 4933 2944 4986 loin
3019 4932 3321 4999 (Matri-sse
3348 4946 3412 5000 p.
3449 4931 3560 4997 56).

2651 5000 2686 5054 5
2748 5000 2847 5054 ubi
3009 5000 3349 5069 protectione
3385 4998 3611 5054 Comitis
3645 4999 3712 5053 de
3747 4998 4135 5065 Furstembery
4170 5002 4305 5052 erat.

2651 5069 2711 5136 6)
2745 5071 2875 5124 Iean
2923 5070 3178 5124 Cardinal
3224 5071 3292 5123 de
3339 5071 3618 5134 Lori-aine,
3674 5084 3909 5137 evesque
3960 5069 4029 5120 de
4081 5070 4241 5132 Meta,
4334 5069 4391 5121 ui

2445 5143 2601 5192 entre
2635 5145 2820 5192 autres
2855 5139 3021 5192 freres
3054 5141 3204 5192 avoit
3238 5156 3298 5192 ce
3332 5139 3505 5206 grand
3525 5138 3725 5191 Claude
3742 5139 3811 5191 de
3832 5138 4013 5218 Guyse
4066 5137 4117 5189 le
4150 5153 4390 5217 premier

2444 5208 2514 5260 de
2550 5214 2693 5260 cette
2730 5208 2966 5261 brancho
3001 5208 3069 5263 de
3104 5209 3157 5261 la
3192 5210 3399 5261 maison
3433 5208 3503 5260 de
3538 5208 3800 5261 Lori-aine
3837 5223 3930 5273 qm
3966 5223 4000 5257 a
4046 5212 4162 5257 este
4208 5210 4386 5258 trans-

2443 5276 2663 5346 plantes
2711 5293 2778 5330 en
2827 5277 3048 5343 Franco,
3085 5281 3180 5329 ent
3215 5293 3434 5330 recours
3471 5275 3503 5328 a
3537 5278 3590 5329 la
3625 5277 3786 5345 piete,
3836 5292 3904 5326 au
3941 5273 4171 5342 pouvoir
4216 5280 4274 5326 et
4317 5291 4387 5326 au

2445 5345 2622 5398 credit
2656 5346 2725 5398 de
2758 5362 2860 5400 son
2895 5345 3039 5399 frere
3074 5347 3167 5415 qui
3202 5362 3271 5399 ue
3307 5362 3541 5413 manqua
3575 5362 3688 5414 pas,
3732 5359 3862 5397 avec
3897 5343 3949 5395 le
3983 5347 4391 5396 consentement

2444 5414 2518 5468 du
2555 5414 2693 5485 Roy,
2730 5414 2799 5468 de
2834 5420 3033 5469 mettre
3068 5415 3328 5468 aussitost
3359 5415 3456 5468 des
3490 5420 3752 5482 trouppes
3795 5429 3889 5465 sur
3935 5411 4063 5479 pied
4106 5426 4246 5480 pour
4291 5411 4386 5482 lyu
