5050 6167
357 432 471 493 193

348 614 479 698 quil
520 635 562 679 a
624 615 961 699 accomply
1000 615 1066 681 16
1104 635 1295 682 66616
1337 638 1464 700 que
1504 617 1570 683 16
1605 616 1935 703 Seigneur
1970 618 2090 702 luy
2110 617 2289 685 avoit

349 700 723 768 determine.
819 702 1146 767 Pourtant
1198 724 1284 768 ne
1336 724 1622 785 pensons
1691 704 1877 786 point
1939 703 2098 787 qu’il
2162 703 2291 768 soit

347 786 629 853 desoheu
682 794 899 852 estant
954 807 1188 852 encore
1237 810 1323 853 en
1379 790 1563 868 fleur,
1623 810 1750 855 veu
1793 788 1985 872 qu'en
2030 790 2097 854 la
2139 810 2287 874 pre-

347 893 537 940 sence
580 871 671 937 du
714 871 1044 958 Seigneur
1086 872 1137 937 il
1180 873 1377 939 estoit
1412 896 1586 940 venu
1628 895 1670 940 a
1712 882 1887 940 estre
1921 896 2128 940 meur.
2190 873 2289 941 Or

344 959 408 1023 ie
450 956 549 1023 dis
590 970 739 1024 tous
782 979 935 1025 ceus
976 959 1044 1023 la
1084 968 1257 1024 estre
1308 982 1515 1026 venus
1548 981 1589 1025 a
1622 961 1957 1039 maturite,
2001 961 2286 1043 lesquelz

344 1043 407 1109 16
445 1042 770 1128 Seigneur
813 1047 1011 1110 retire
1056 1044 1250 1129 d’icy:
1297 1047 1355 1111 si
1399 1044 1782 1112 d’aventure
1816 1067 1984 1112 nous
2018 1067 2102 1112 ne
2138 1067 2291 1113 vou-

343 1128 485 1195 lons
527 1129 779 1213 plaider
833 1140 1058 1197 contre
1099 1133 1248 1214 luy,
1304 1152 1556 1198 comme
1610 1131 1669 1197 si
1720 1153 1761 1197 a
1814 1129 2186 1198 l’estourdie
2241 1132 2291 1196 il

343 1217 690 1299 emportoit
709 1217 1037 1301 quelcung
1068 1226 1269 1283 avant
1286 1217 1351 1284 16
1384 1226 1613 1301 temps.
1678 1219 1772 1283 Et
1804 1223 1962 1284 c’est
1983 1266 2286 1283 ........

516 1385 637 1468 (Le
673 1393 829 1453 reste
848 1408 1113 1471 manque
1146 1390 1311 1455 dan-s·
1346 1389 1620 1472 Puniqeoe
1640 1390 1812 1472 copie
1844 1390 1918 1455 de
1951 1388 2287 1472 l’oriyinal.

346 1471 528 1539 Nous
568 1472 1019 1555 l’empruntons
1058 1475 1102 1539 ὰ
1144 1475 1208 1540 la
1248 1475 1603 1541 traduction
1657 1476 1845 1542 latine
1898 1474 2223 1558 imprimes
2241 1475 2285 1560 t)

512 1643 660 1709 Hoc
721 1644 983 1728 quidem
1048 1644 1129 1711 de
1194 1647 1501 1712 omnibus
1564 1668 1793 1713 verum
1851 1656 1982 1712 est:
2042 1646 2155 1711 sed
2219 1647 2289 1710 in

340 1729 661 1796 Ludovioo
703 1731 946 1796 certior
988 1730 1118 1796 alia
1152 1740 1254 1796 est
1282 1741 1351 1796 et
1393 1732 1604 1816 magis
1625 1734 1890 1815 propria
1932 1733 2113 1797 ratio.
2186 1733 2289 1797 Eo

340 1817 519 1881 enim
577 1817 808 1882 aetatis
863 1837 1248 1900 progressus
1304 1828 1447 1882 erat
1511 1828 1584 1883 ut
1649 1819 1824 1883 veris
1881 1817 2289 1885 documentis

340 1922 483 1967 sese
518 1899 768 1967 Christi
804 1900 1172 1967 membrum
1209 1903 1567 1987 approbare
1601 1914 1835 1987 posset.
1902 1904 2051 1968 Hoc
2071 1903 2290 1970 fructu

340 1987 516 2053 edito
561 1988 928 2053 exstinctus
971 1998 1075 2054 est
1117 2002 1183 2054 et
1217 1986 1405 2054 nobis
1449 1989 1761 2055 sublatus.
1848 1989 1994 2054 Imo
2037 2010 2122 2054 ex
2168 1988 2292 2055 1166

338 2072 547 2138 fluida
588 2082 655 2138 et
696 2073 977 2139 evanida
1017 2076 1195 2141 vitae
1237 2074 1473 2139 umbra
1523 2075 1594 2139 in
1636 2096 1864 2140 veram
1906 2074 2290 2139 immortali-

339 2166 549 2223 tatem
591 2170 892 2242 receptus
945 2169 1063 2224 est.
1152 2160 1380 2243 Neque
1433 2168 1501 2225 te
1555 2182 1709 2226 eum
1760 2159 2123 2244 perdidisse
2177 2182 2291 2225 ex-

339 2245 611 2322 istimes,
655 2265 849 2327 quem
892 2246 963 2309 in
1006 2245 1199 2310 beata
1251 2247 1726 2312 resurrectione
1782 2248 1853 2311 in
1906 2267 2111 2330 regno
2164 2246 2294 2311 Dei

339 2331 776 2414 recuperabis,
880 2329 994 2397 Sic
1051 2331 1229 2396 enim
1289 2332 1625 2410 vixerant,
1687 2332 1782 2398 sic
1837 2333 2083 2397 mortui
2136 2341 2295 2398 sunt

339 2415 533 2481 ambo
577 2423 655 2481 ut
696 2438 828 2481 non
883 2414 1176 2482 dubitem
1235 2417 1409 2499 apud
1466 2418 1830 2483 Dominum
1886 2439 2046 2484 esse.
2132 2418 2294 2482 Per-

490 2523 572 2567 us
616 2523 771 2585 ergo
816 2502 899 2566 ad
945 2503 1117 2568 116116
1158 2511 1402 2567 1661616
1448 2525 1646 2586 quam
1689 2504 2065 2587 attigerunt.
2142 2502 2206 2567 N
2208 2525 2295 2567 on

382 2587 619 2653 ubium
663 2589 819 2670 quin
859 2586 1006 2654 illos
1063 2596 1131 2653 et
1173 2609 1293 2653 nos
1337 2589 1538 2654 simul
1594 2590 1935 2655 individua
1986 2589 2294 2654 societate

338 2680 501 2740 tunc
547 2672 971 2759 colligaturas
1023 2674 1112 2739 sit
1155 2673 1465 2739 Christus
1509 2675 1580 2739 in
1632 2674 1752 2741 illa
1802 2675 2295 2758 incomparabili

338 2758 591 2845 gloriae
635 2782 792 2825 suae
834 2760 1349 2845 participatione.
1440 2759 1616 2826 Cave
1658 2762 1865 2845 igitur
1928 2761 2136 2826 filium
2193 2759 2293 2825 lu-

338 2867 496 2930 geas
541 2852 622 2910 ut
663 2845 993 2928 perditum
1034 2867 1228 2929 quem
1276 2847 1575 2930 agnoscis
1632 2848 2001 2913 conservari
2062 2869 2103 2912 a
2158 2846 2295 2910 Do-

336 2932 541 3008 mino,
588 2941 664 2996 ut
706 2940 1017 3015 perpetuo
1063 2941 1213 2997 tuus
1256 2941 1520 2998 maneat
1560 2933 1675 3016 qui
1707 2935 1999 3015 precario
2034 2942 2295 2997 tantum

335 3017 559 3083 fuerat
635 3017 759 3082 tibi
834 3016 919 3081 ad
981 3029 1389 3083 momentum
1456 3021 1767 3101 temporis
1832 3017 2294 3083 commodatus.

337 3100 478 3169 Nec
527 3123 765 3185 parum
819 3103 1033 3168 solatii
1088 3125 1172 3169 61
1217 3125 1293 3169 eo
1337 3103 1600 3170 accedet
1643 3106 1703 3170 si
1759 3104 1924 3169 bene
1967 3100 2297 3187 expendas

337 3186 497 3338 guid
543 3188 842 3255 relictum
889 3189 1010 3254 tibi
1052 3193 1155 3255 sit.
1245 3190 1468 3256 Habes
1525 3192 1943 3274 superstitem
2004 3188 2299 3255 carolum

382 3295 418 3339 6
476 3295 611 3359 (1116
668 3272 737 3338 id
793 3274 1107 3340 iudicium
1165 3276 1481 3341 habemus
1538 3297 1764 3341 omnes
1828 3283 1905 3340 ut
1959 3292 2153 3341 nemo
2211 3274 2301 3340 sit

338 3368 647 3426 nostrum
696 3361 809 3443 qui
842 3382 978 3425 non
1011 3361 1136 3425 sibi
1171 3362 1372 3426 talem
1406 3361 1616 3427 filium
1652 3363 1887 3445 cupiat.
1974 3362 2039 3427 N
2041 3383 2077 3427 6
2111 3368 2299 3444 putes

338 3446 462 3512 hoc
533 3467 640 3512 me
705 3446 861 3511 dare
926 3448 1057 3512 tuis
1122 3448 1421 3527 auribus,
1502 3445 1609 3512 vel
1674 3446 1919 3531 aliquid
1981 3449 2054 3512 in
2112 3455 2298 3512 tuam

338 3532 626 3618 gratiam
690 3532 1110 3615 amplificare.
1219 3533 1365 3598 Hoc
1420 3555 1540 3598 nec
1596 3537 1725 3599 mei
1782 3534 2028 3618 ingenii
2086 3554 2298 3616 neque

337 3619 471 3684 mei
506 3618 713 3684 moris
748 3628 864 3684 est.
954 3617 1099 3683 Sim
1146 3618 1358 3685 liciter
1395 3640 1553 3703 ergo
1597 3619 1810 3686 dicam
1851 3619 2022 3702 quod
2065 3639 2299 3684 revera

338 3705 577 3782 sentio,
624 3712 693 3769 et
732 3702 906 3787 quod
948 3726 1079 3788 apu
1167 3714 1556 3770 extraneum
1609 3705 1964 3787 quemlibet
2004 3704 2297 3771 dicturus

340 3811 576 3856 essem.
664 3789 1010 3855 Excellere
1068 3789 1546 3856 adolescentem
1602 3790 1787 3856 illum
1834 3791 2119 3874 primum
2164 3791 2296 3855 sin-

338 3876 559 3960 gulari
603 3876 847 3958 pietate
888 3896 963 3942 ac
1006 3896 1163 3940 vero
1199 3876 1329 3941 Dei
1361 3877 1614 3955 timore,
1662 3877 1771 3960 qui
1808 3886 1909 3942 est
1942 3876 2299 3959 sapientiae

339 3971 608 4027 nostrae
652 3981 942 4026 summa:
1001 3961 1236 4026 deinde
1280 3962 1686 4027 humanitate
1728 3963 1994 4046 ingenii,
2038 3982 2298 4026 morum

340 4048 693 4126 suavitate,
746 4068 894 4112 rara
924 4047 1245 4113 modestia
1288 4056 1357 4111 et
1398 4049 1813 4114 continentia.
1900 4048 2132 4131 Neque
2173 4047 2299 4113 hoc

340 4132 439 4199 illi
507 4154 594 4198 ex
657 4153 919 4198 rumore
984 4133 1092 4197 vel
1151 4132 1381 4197 auditu
1438 4133 1677 4198 tribuo.
1781 4132 2060 4216 Semper
2121 4133 2298 4197 enim

339 4217 639 4284 intentus
668 4219 761 4283 fui
797 4226 875 4283 ut
908 4219 1115 4302 ipsius
1148 4220 1488 4303 ingenium
1524 4227 1934 4302 perspectum
1969 4218 2295 4283 haberem.

341 4303 491 4371 Hoc
532 4305 712 4369 enim
749 4304 1142 4370 discriminis
1176 4305 1353 4369 inter
1388 4302 1551 4370 duos
1582 4306 1834 4383 fratres,
1873 4324 2073 4387 quum
2109 4303 2298 4368 ambo

342 4390 669 4465 viverent,
714 4390 960 4455 notavi.
1049 4390 1308 4473 Ingenii
1367 4389 1695 4456 celeritate
1752 4390 2128 4473 praestabat
2171 4389 2300 4453 Lu-

343 4477 616 4556 donicus,
666 4476 779 4541 sed
812 4475 921 4542 hic
956 4475 1164 4542 solida
1207 4496 1431 4541 rerum
1474 4476 1909 4560 intelligentia
1953 4484 2019 4539 et
2061 4474 2299 4541 iudicio

346 4559 541 4647 longe
591 4560 1027 4628 antecedebat.
1129 4562 1510 4644 Promptior
1554 4561 1667 4626 ille
1711 4561 1795 4627 ad
1837 4560 2301 4646 proferendum

348 4647 517 4731 quod
552 4647 805 4731 legerat
840 4648 943 4712 vel
980 4647 1292 4726 audierat,
1332 4648 1438 4713 hic
1475 4647 1721 4713 tardior
1754 4656 1821 4712 61
1848 4646 2297 4714 verecundior.

346 4731 652 4799 Paratior
684 4733 795 4799 ille
831 4740 898 4798 et
931 4733 1311 4817 expeditior,
1350 4744 1493 4798 tum
1522 4733 1607 4799 ad
1642 4732 2071 4817 capessendas
2106 4740 2298 4811 artes,

349 4823 488 4885 tum
533 4819 617 4884 ad
675 4840 902 4885 omnes
959 4818 1134 4884 vitae
1191 4820 1498 4900 actiones,
1555 4820 1665 4885 hic
1717 4820 2183 4887 consideratior
2236 4826 2303 4883 61

349 4905 770 4971 constantior.
859 4907 1077 4987 Atque
1128 4904 1197 4971 id
1252 4906 1452 4971 etiam
1503 4907 1754 4973 ferebat
1808 4908 2093 4990 corporis
2147 4925 2298 4971 con-

351 4991 619 5056 stitutio.
722 4990 1069 5073 Siquidem
1129 4992 1500 5071 Ludovicics,
1555 5002 1628 5057 ut
1682 4999 1824 5058 erat
1877 4993 2297 5076 sanguineus,

350 5076 499 5159 plus
541 5076 826 5143 habebat
870 5077 1222 5143 hilaritatis
1281 5086 1347 5144 et
1390 5079 1766 5145 alacritatis.
1860 5077 2137 5157 Gamla-3,
2190 5077 2297 5159 qui

351 5161 419 5226 in
455 5163 887 5230 melancholia
920 5163 1222 5228 nonnihil
1267 5165 1725 5244 communicat,
1768 5171 1956 5229 tanta
1993 5164 2299 5230 facilitate

352 5266 424 5313 66
468 5271 599 5314 non
642 5249 904 5316 exserit.
994 5249 1355 5315 Modestiae
1409 5261 1475 5315 et
1517 5252 1842 5318 comitatis
1896 5250 2003 5316 hic
2044 5269 2300 5332 semper

353 5332 500 5416 plus
541 5335 788 5416 habuit,
834 5355 999 5420 quae
1041 5336 1110 5401 in
1156 5357 1231 5402 eo
1289 5337 1485 5403 etiam
1540 5338 1813 5405 mirifice
1869 5336 2076 5403 eluxit
2126 5334 2297 5418 quod

562 5438 781 5494 Calvina·
809 5455 994 5508 opera.
1080 5439 1194 5494 Vol.
1236 5437 1344 5492 XI.

2074 433 2232 494 1541
2281 429 2591 498 APRIL.

4218 439 4341 504 194

2387 617 2607 701 potuit
2647 636 2768 683 666
2806 617 3157 684 tolerantia
3187 619 3413 686 stati-is
3445 616 3756 686 ferociam
3789 618 4072 687 domare.
4151 621 4348 692 Haec

2390 724 2646 786 quoque
2659 704 2731 767 in
2746 722 2823 768 eo
2839 703 3030 787 longe
3047 705 3414 788 superiora:
3437 704 3814 785 moderatio,
3831 707 4118 790 gravitas
4133 727 4347 789 paene

2390 790 2622 867 virilis,
2666 796 2734 854 et
2771 788 2846 853 in
2886 797 3025 855 tota
3066 791 3210 856 vita
3261 790 3582 872 quaedam
3639 790 3842 856 veluti
3897 792 4342 874 aequabilitas.

2392 874 2572 940 Talis
2601 895 2757 959 ergo
2791 874 2967 941 filius
3000 884 3319 959 quantum
3354 875 3577 942 valere
3598 873 3830 941 debeat
3851 875 3933 942 ad
3955 876 4346 945 elevandam

2392 961 2691 1026 orbitatis
2747 982 2877 1043 qua
2929 968 2998 1027 te
3053 982 3230 1026 nunc
3281 959 3611 1028 Dominus
3668 962 3905 1027 afflixit
3953 963 4343 1043 molestiam,

2394 1056 2468 1110 tu
2509 1047 2535 1110 i
2581 1068 2652 1112 se
2692 1046 3033 1126 iudicabis,
3079 1056 3147 1112 et
3185 1048 3281 1111 ita
3321 1046 3639 1113 iudicabis
3682 1056 3758 1113 ut
3808 1069 3894 1113 ne
3946 1048 4037 1115 sis
4091 1049 4164 1113 in
4217 1048 4345 1115 hac

2390 1152 2465 1197 re
2577 1154 2653 1198 eo
2705 1134 3027 1216 ingratus.
3127 1134 3223 1198 At
3263 1130 3528 1199 difficile
3569 1142 3690 1212 661,
3741 1133 4013 1217 inquies,
4057 1134 4347 1217 patrium

2393 1239 2685 1283 amorem
2726 1220 2821 1283 ita
2861 1218 2967 1284 vel
3011 1227 3315 1284 excutere
3358 1219 3468 1285 vel
3502 1219 3928 1303 supprimere,
3976 1226 4054 1284 ut
4086 1219 4345 1285 nullum

2390 1325 2475 1369 61
2518 1304 2641 1369 filii
2695 1305 2969 1370 interitu
3027 1302 3309 1371 dolorem
3365 1305 3639 1389 capiam.
3726 1305 3872 1389 Ego
3914 1325 4071 1371 vero
4114 1303 4185 1369 id
4227 1305 4346 1370 abs

2391 1396 2459 1455 16
2493 1411 2630 1455 6611
2664 1388 2983 1455 contendo
3017 1410 3101 1454 ne
3135 1388 3370 1456 doleas.
3459 1390 3687 1473 Neque
3721 1392 3896 1456 enim
3929 1389 4100 1456 hanc
4135 1388 4346 1472 philo-

2393 1474 2692 1560 sophiam
2735 1475 3044 1541 discimus
3085 1474 3158 1540 in
3215 1475 3437 1541 schola
3492 1474 3761 1556 Christi,
3819 1485 3894 1539 ut
3948 1496 4093 1540 eam
4147 1496 4345 1558 quam

2391 1561 2580 1627 nobis
2623 1560 2809 1627 Deus
2851 1559 3092 1625 indidit
3131 1560 3606 1627 humanitatem
3659 1560 3957 1627 exuendo
4002 1582 4087 1626 ex
4130 1559 4344 1626 homi-

2391 1647 2588 1712 nibus
2663 1645 2914 1730 lapides
2990 1646 3243 1712 fiamus.
3354 1647 3540 1712 Haec
3603 1646 3824 1712 omnia
3888 1665 3964 1711 eo
4021 1644 4347 1711 duntaxat

2392 1738 2695 1815 spectant
2735 1743 2812 1796 ut
2853 1732 3234 1801 iustissimo,
3263 1740 3377 1798 tuo
3421 1732 3703 1798 moerori
3745 1730 4012 1797 modum
4054 1740 4122 1797 et
4160 1731 4348 1815 quasi

2393 1826 2986 1901 temperamentum
3007 1816 3349 1883 adhibeas:
3385 1827 3461 1883 ut
3488 1816 3837 1902 persolutis
3870 1836 4038 1901 quae
4071 1825 4348 1883 naturae

2394 1912 2463 1969 et
2516 1916 2831 1985 paternae
2894 1903 3125 1986 pietati
3187 1901 3506 1968 debentur
3567 1902 3875 1987 lacrymis
3938 1902 4060 1968 tibi
4115 1904 4186 1968 in
4244 1901 4346 1968 lu-

2394 1988 2609 2072 gendo
2698 1990 2969 2054 minime
3058 1988 3419 2072 indulgeas.
3569 1989 3800 2072 Neque
3886 1997 4108 2054 tamen
4200 1988 4348 2053 ideo

2390 2096 2502 2140 me
2577 2075 2923 2157 interpono
3014 2093 3140 2156 quo
3220 2084 3370 2139 tuae
3444 2073 3863 2157 prudentiae,
3942 2074 4349 2140 constantiae

2396 2159 2728 2243 animique
2769 2159 3142 2225 celsitudini
3183 2158 3493 2237 diffidam,
3542 2159 3657 2226 sed
3700 2167 3959 2224 tantum
3998 2181 4083 2225 ne
4124 2180 4351 2224 meum

2397 2246 2519 2311 tibi
2561 2246 2846 2312 officium
2891 2245 2999 2312 hic
3036 2244 3305 2311 deesset.
3396 2244 3791 2329 Quanquam
3826 2246 3881 2310 si
3916 2244 4146 2310 literae
4181 2246 4351 2311 istae

2397 2351 2840 2415 supervacuae
2883 2340 3096 2410 erunt,
3143 2329 3314 2413 quod
3355 2331 3522 2395 mihi
3564 2328 3870 2396 credibile
3912 2340 4030 2408 est,
4076 2350 4192 2414 pro
4237 2341 4353 2396 tua

2398 2430 2622 2482 tamen
2666 2417 2909 2482 eximia
2949 2416 3358 2481 humanitate
3394 2417 3546 2482 boni
3581 2415 3879 2481 consules
3920 2415 4090 2481 hanc
4133 2436 4351 2481 meam

2399 2502 2900 2569 sollicitudinem
2943 2503 3140 2568 nimis
3181 2502 3455 2568 fortasse
3499 2502 3783 2577 anxiam,
3830 2501 3945 2567 sed
3977 2500 4124 2566 ideo
4155 2499 4351 2567 venia

2397 2610 2533 2654 non
2567 2588 2927 2672 indignam,
2972 2585 3147 2670 quod
3182 2589 3263 2654 ab
3297 2587 3642 2653 immodico
3675 2605 3823 2651 meo
3859 2607 4017 2670 erga
4039 2596 4103 2650 te
4126 2605 4350 2651 amore

2399 2674 2846 2758 proficiscitur.
2935 2671 3116 2753 Quin
3169 2675 3366 2738 etiam
3414 2673 3793 2755 Philippum
3809 2674 3866 2755 ὃ)
3921 2681 3989 2736 61
4030 2670 4352 2737 Bucco-um

2398 2761 2627 2843 rogavi
2690 2768 2767 2824 ut
2818 2760 2995 2829 ‚meis
3058 2758 3271 2825 literis
3335 2781 3487 2825 6666
3552 2778 3806 2842 quoque
3877 2757 4349 2841 adiungerent:

2399 2847 2551 2928 quia
2594 2846 2718 2911 hoc
2758 2845 2880 2910 tibi
2922 2865 3057 2910 non
3104 2846 3438 2929 ingratum
3480 2845 3618 2909 fore
3654 2843 3941 2909 officium
3988 2840 4327 2926 sperabam

2401 2932 2457 2996 si
2498 2930 2988 2997 benevolentiae
3037 2951 3110 2994 er
3157 2953 3196 2995 a
3252 2941 3319 2995 te
3375 2951 3532 2995 suae
3588 2929 4032 2995 testimonium
4090 2891 4355 3009 aliquod

2400 3016 2521 3081 tibi
2565 3014 2929 3082 redderent.
3017 3014 3084 3079 V
3152 3037 3207 3094 e,
3251 3015 3609 3081 clarissime
3651 3016 3759 3080 vir
3803 3026 3870 3079 et
3923 3013 4086 3078 mihi
4142 3011 4351 3096 pluri-

2401 3123 2584 3167 mum
2626 3106 2697 3167 in
2738 3100 3025 3166 Domino
3068 3098 3484 3167 observande.
3572 3100 3881 3167 Christus
3918 3098 4240 3165 Dominus
4286 3104 4354 3163 te

2400 3188 2848 3271 familiamque
2893 3198 3074 3252 tuam
3116 3198 3477 3265 conservet,
3525 3206 3601 3252 66
3650 3186 3885 3269 61111116
3930 3205 4049 3251 6116
4095 3204 4354 3266 semper

2401 3294 2520 3338 vos
2564 3294 2792 3338 omnes
2836 3271 3076 3357 dirigat
3129 3271 3333 3337 donec
3376 3271 3772 3355 perveniatis
3826 3292 3952 3355 quo
3996 3270 4355 3337 Ludoviow

2401 3368 2469 3425 61
2515 3358 2834 3426 Claudius
2874 3366 3381 3443 praecesserunt.

3111 3772 3118 3783 .
3288 3714 3442 3786 29⁶.

2478 3854 2906 3922 BUGERUS
2951 3850 3433 3920 MJNIS'PRIS
3478 3848 4272 3917 ARGENTORATEN-

3238 3953 3527 4022 SIBUS.

2580 4128 2916 4196 Primitiae
2956 4127 3244 4209 colloquii
3291 4126 3785 4191 Ratisbonensis.

2405 4300 2800 4373 (Apographon
2849 4298 3073 4352 Archiv.
3121 4298 3174 4350 S.
3225 4297 3413 4350 Thom.
3457 4298 3687 4366 Argent.
3735 4297 3875 4365 Epp.
3922 4295 4117 4349 Buceri
4164 4293 4224 4347 Τ.
4274 4292 4350 4348 11.

2403 4372 2471 4426 N.
2514 4369 2627 4423 139.
2699 4368 2869 4422 Inscri
2911 4367 3014 4421 tio:
3061 4366 3300 4419 Bucerus
3348 4382 3373 4418 s
3415 4366 3662 4435 mmystis
3714 4382 3782 4418 ex
3828 4364 4060 4418 comitiis
4095 4362 4349 4418 Ratisbo-

2529 4438 2801 4492 nonsibus.
2916 4435 2953 4490 f.
2988 4435 3152 4489 Sleid.
3189 4436 3263 4489 II.
3299 4433 3362 4487 21
3405 4472 3421 4489 .
3493 4434 3757 4505 Spalatini
3795 4434 3932 4487 Ann.
3968 4449 4021 4502 p.
4062 4431 4209 4499 566.)

2607 4661 2669 4726 3)
2711 4659 2824 4729 Qui
2854 4660 2999 4715 inter
3032 4658 3152 4713 alia
3182 4658 3317 4712 haec
3348 4657 3538 4712 habet.-
3575 4657 3802 4709 Etiamsi
3830 4656 3931 4708 tibi
3965 4656 4181 4724 ignotus
4216 4670 4351 4719 66111,

2402 4737 2584 4785 tamen
2661 4727 2788 4783 uum
2823 4747 2996 4783 essem
3030 4729 3120 4781 hic
3165 4729 3310 4798 apud
3356 4728 3638 4781 Calvinum
3685 4733 3739 4779 et
3786 4726 3853 4778 de
3900 4731 4075 4777 morte
4121 4723 4221 4776 filii
4268 4723 4353 4775 tui

2404 4800 2590 4854 Iodoci
2651 4799 2786 4865 sicl)
2864 4816 2985 4851 uem
3019 4798 3253 4851 sciebam
3287 4796 3451 4849 fuisse
3479 4796 3876 4849 adolescentem
3899 4810 3927 4846 e
3969 4793 4116 4862 regia
4151 4790 4349 4857 indole,

2403 4870 2607 4923 virtute
2646 4876 2702 4922 61
2737 4886 2831 4921 6111
2871 4868 3038 4920 111666
3075 4866 3394 4936 praeditum,
3445 4866 3513 4917 ad
3547 4872 3604 4917 te
3642 4864 3903 4916 darentur
3969 4864 4154 4924 116166,
4203 4873 4353 4939 meas

2404 4954 2620 5006 quoque
2673 4937 3040 5005 adiungendas
3093 4952 3210 4989 esse
3256 4936 3462 5004 putavi,
3515 4932 3838 5001 praesertim
3892 4948 4056 4999 quum
4109 4934 4166 4980 et
4217 4926 4354 4980 1111111

2404 5007 2693 5063 1161661616
2740 5023 2886 5059 mors
2936 5006 3059 5058 talis
3111 5005 3467 5057 adolescentis
3513 5019 3765 5071 maguum
3814 5000 4058 5053 dolorem
4104 4994 4355 5076 attulerit

2404 5115 2677 5129 ......
2750 5076 2832 5127 Ac
2866 5091 3026 5143 spero
3075 5078 3392 5143 argumenta
3434 5073 3503 5125 ad
3555 5069 3937 5124 consolandum
3984 5067 4353 5119 efficacissima

2400 5144 2505 5197 tibi
2541 5162 2573 5197 a
2609 5143 2831 5197 Calvino
2868 5143 3135 5213 copiosius
3172 5148 3229 5196 et
3275 5142 3465 5196 melius
3511 5140 3792 5211 perscribi,
3841 5154 3948 5190 non
3995 5136 4169 5187 solum
4224 5132 4353 5213 quia

2402 5213 2708 5266 eruditione
2755 5218 2812 5265 61
2845 5212 3095 5264 facundia
3140 5218 3373 5283 superat,
3423 5211 3520 5265 sed
3565 5211 3728 5264 etiam
3777 5206 3916 5275 quia,
3970 5220 4134 5285 quum
4180 5201 4353 5259 fihmn

2400 5289 2556 5336 tuum
2591 5282 2739 5336 norit
2773 5282 3106 5346 familiarius,
3143 5283 3301 5351 plura
3335 5282 3401 5335 de
3440 5282 3554 5336 6166
3601 5281 3805 5333 virtute
3852 5281 3910 5328 61
3953 5277 4161 5343 pietate
4207 5286 4350 5324 com-

2398 5368 2700 5406 memorare
2735 5355 2919 5420 potest
2951 5354 3108 5405 caett.
