5050 6167
409 421 525 481 745

1295 607 1445 680 570.

887 744 1379 814 GESNERUS
1424 746 1852 814 OALVINO.

566 915 963 984 Commendat
1017 918 1659 1001 iuvenempatraelis
1712 918 1919 1001 filium
1972 920 2085 1003 qui
2146 919 2340 986 Gene-

394 1020 536 1101 eqm
588 1007 661 1151 εἴ
721 1004 1018 1155 wicum
1073 1004 1652 1155 liouyuawiscat
1707 1027 1751 1069 a
1802 1010 1992 1156 m
2049 1006 2335 1072 mittitur.

396 1085 734 1154 Samira
860 1110 1312 1171 opusewumr
1473 1109 1781 1170 semma,
1990 1096 2337 1157 nontamen

390 1172 751 1239 obsonatum.

663 1345 776 1409 (Ex
812 1347 1148 1417 autographo
1183 1347 1311 1401 Ced.
1348 1346 1586 1402 Gothani
1620 1343 1741 1414 404,
1774 1348 1866 1402 fel.
1902 1346 2049 1416 ⁷84.)

555 1531 937 1601 Clarissimo
980 1536 1121 1600 vire
1163 1535 1248 1600 D.
1296 1534 1531 1600 Ioanni
1571 1535 1852 1602 Calvino
1895 1535 2156 1601 domino
2213 1556 2333 1601 suo

383 1618 835 1686 colendissimo
879 1620 1184 1687 ecelesiae
1226 1620 1530 1687 ministro
1574 1620 1751 1686 fideli
1821 1705 2156 1773 Genevae·

553 1839 625 1909 S.
697 1842 1028 1910 Mercator
1083 1842 1350 1926 quidam
1411 1843 1820 1909 Genevensis
1861 1843 2072 1909 filium
2135 1864 2328 1910 suum

383 1925 510 1992 hue
557 1927 641 1992 ad
681 1948 802 1992 nos
850 1929 1174 1994 missurus
1230 1937 1332 1993 est
1384 1928 1649 2014 linguae
1704 1929 2048 1996 discendae
2091 1929 2327 2014 gratia,

379 2023 444 2077 et
496 2013 572 2077 in
629 2014 768 2079 eius
822 2013 1037 2079 locum
1095 2022 1480 2097 recepturus
1540 2015 1858 2098 patruelis
1910 2016 2042 2080 mei
2095 2014 2328 2080 itidem

375 2099 756 2165 mereatoris
797 2099 1027 2165 filium.
1116 2098 1254 2167 Sed
1296 2102 1604 2183 quoniam
1640 2112 1707 2165 et
1739 2102 2116 2166 mereatoris
2150 2100 2327 2165 illius

374 2204 622 2250 nomen
662 2184 926 2270 ignoro,
987 2193 1056 2250 et
1109 2185 1341 2269 gallice
1394 2186 1567 2251 nihil
1610 2194 1726 2251 aut
1766 2187 2048 2270 pessime
2091 2186 2324 2265 scribe,

372 2267 492 2335 tibi
539 2270 855 2337 molestus
897 2291 1041 2336 esse
1083 2291 1297 2357 cogor.
1385 2272 1576 2356 Rogo
1630 2281 1697 2337 te
1738 2272 1942 2355 igitur
1993 2280 2070 2336 ut
2111 2272 2325 2338 civem

371 2353 563 2421 illum
608 2366 925 2436 vestrum,
983 2357 1169 2422 cuius
1211 2379 1453 2423 nemen
1497 2378 1585 2423 ex
1626 2358 1738 2423 illo
1783 2357 2006 2423 audies
2048 2359 2161 2441 qui
2204 2356 2326 2423 has

371 2439 490 2505 tibi
541 2440 745 2507 tradit
785 2452 854 2508 et
894 2463 1172 2526 puerum
1218 2452 1518 2508 nostrum
1561 2464 1783 2510 secum
1827 2441 2117 2521 adducit,
2173 2462 2326 2508 nos-

372 2534 477 2590 tro
524 2529 797 2593 nemine
838 2531 1191 2594 convenias
1242 2537 1310 2594 et
1350 2529 1632 2595 horteris
1686 2537 1762 2593 ut
1803 2549 1997 2595 curae
2040 2527 2162 2594 sibi
2207 2528 2325 2592 ha-

369 2611 526 2678 beat
567 2612 778 2679 filium
820 2614 1136 2696 patruelis
1168 2615 1318 2693 mei,
1361 2635 1562 2697 quum
1598 2613 1779 2694 alias,
1823 2624 1965 2679 tum
1997 2614 2072 2679 in
2106 2612 2325 2678 addis-

369 2698 582 2765 cenda
622 2698 853 2783 lingua
894 2699 1148 2781 gallica.
1228 2700 1472 2765 Latina
1513 2700 1689 2765 enim
1733 2720 1894 2782 opus
1939 2720 2070 2764 nen
2107 2698 2322 2765 habet.

368 2783 462 2850 Et
503 2785 568 2850 si
609 2793 685 2850 tu
736 2786 908 2851 forte
960 2806 1079 2867 per
1135 2787 1540 2851 occasionem
1597 2785 1884 2869 aliquam
1937 2786 2324 2870 magistrum

368 2868 636 2936 scholae
679 2870 762 2935 ad
818 2891 1015 2954 quam
1072 2869 1430 2938 mittendus
1475 2880 1574 2936 est
1614 2871 1875 2937 noveris
1891 2921 1908 2948 ,
1967 2870 2030 2936 ei
2085 2890 2325 2953 quaeso

366 2975 648 3039 puerum
680 2955 1161 3022 commendato.
1250 2957 1582 3022 Patruelis
1615 2977 1819 3034 meus,
1864 2956 1974 3039 qui
2007 2956 2219 3021 bonus
2256 2963 2326 3020 et

366 3040 693 3107 honestus
735 3042 840 3107 vir
881 3049 1001 3119 est,
1044 3041 1333 3108 vicissim
1392 3062 1526 3107 nen
1579 3043 1866 3124 patietur
1918 3042 2077 3124 quin
2121 3041 2326 3107 vestri

367 3127 751 3194 mereatoris
791 3126 928 3192 filio
970 3126 1180 3193 modis
1222 3127 1524 3193 omnibus
1566 3127 2022 3210 prospiciatur.

546 3212 732 3280 Haec
774 3212 1111 3278 haetenus.
1176 3212 1473 3280 Ecclesia
1505 3221 1735 3278 nostra
1767 3211 1900 3277 Dei
1933 3212 2148 3295 gratia
2189 3231 2324 3276 non

368 3297 641 3381 quidem
684 3300 928 3382 optime
971 3297 1087 3364 sed
1128 3296 1540 3364 mediocriter
1591 3298 1759 3363 bene
1798 3297 2001 3363 habet
2016 3348 2033 3376 ‚
2088 3296 2325 3362 saltem

365 3404 505 3449 non
556 3382 841 3450 deterius
886 3405 1079 3468 quam
1116 3383 1413 3462 antehae,
1457 3382 1627 3466 qued
1663 3383 1885 3449 seiam.
1951 3383 2057 3448 De
2098 3392 2324 3448 vestra

364 3470 733 3535 multorum
805 3469 979 3535 bona
1051 3469 1426 3535 testimonia
1488 3469 1767 3535 libenter
1844 3467 2178 3548 audimus,
2256 3476 2324 3532 et

363 3554 594 3621 Deum
650 3564 781 3638 opt.
840 3576 1015 3620 max.
1071 3576 1333 3620 eramus
1388 3562 1462 3620 ut
1518 3555 1830 3619 continuo
1885 3554 1959 3618 in
2007 3552 2323 3619 honorem

367 3661 568 3707 suum
610 3662 730 3708 vos
772 3649 1039 3710 tueatur
1079 3648 1146 3707 et
1184 3651 1581 3724 promoveat.
1652 3638 1838 3705 Vale.
1926 3639 2161 3722 Tiguri
2196 3642 2317 3703 28⁰

368 3725 474 3794 die
522 3728 814 3813 Augusti
861 3732 1043 3792 1544.

929 3863 1113 3927 Tuus
1156 3884 1240 3928 ex
1275 3864 1491 3929 auimo
1535 3860 1876 3929 conradus
1921 3860 2278 3928 Gesnerus.

545 4069 742 4136 Mitto
785 4070 1116 4153 specimen
1168 4069 1412 4134 laboris
1456 4088 1607 4132 nes-

366 4155 459 4220 tri
485 4160 538 4233 ¹)
582 4157 770 4222 cuius
797 4156 929 4221 iam
974 4155 1148 4221 bena
1181 4174 1333 4239 pars
1369 4173 1610 4220 excusa

369 4248 473 4306 est
487 4291 506 4320 ,
568 4252 636 4306 et
676 4242 868 4326 cupio
910 4241 1025 4307 abs
1067 4250 1134 4306 te
1177 4240 1414 4306 rescire
1458 4247 1611 4304 tuas

365 4324 875 4404 lucubrationes,
920 4328 977 4392 si
1020 4346 1187 4410 quae
1225 4333 1398 4403 sunt,
1444 4344 1608 4408 quas

366 4412 753 4496 ignoremus
796 4411 1041 4489 adhuc,
1099 4418 1165 4476 et
1216 4430 1378 4493 quas
1420 4409 1610 4475 brevi

368 4496 673 4564 editurus
708 4498 818 4578 sis,
856 4505 933 4562 ut
964 4497 1111 4563 illas
1133 4517 1252 4563 suo
1273 4495 1415 4562 loco
1437 4515 1609 4561 com-

366 4603 829 4650 memoremus.

702 4742 785 4749 ff...—

405 4840 542 4902 570.
579 4839 633 4908 1)
671 4839 1009 4893 Bibliotheca
1052 4839 1372 4893 universalis
1408 4856 1453 4894 s.
1490 4838 1779 4906 catalogus
1825 4836 2061 4891 omnium
2096 4836 2324 4904 scripto-

372 4926 496 4962 rum
554 4909 1007 4978 locupletissimus
1065 4908 1122 4960 in
1180 4909 1356 4962 tribus
1410 4907 1609 4978 linguis
1657 4906 1830 4960 latina
1877 4920 2074 4974 graeca
2122 4910 2179 4958 et
2230 4904 2323 4957 he·

369 4979 563 5032 braica
597 4978 925 5031 exstantium
963 4982 1020 5029 et
1055 4991 1162 5028 uon
1200 4977 1529 5031 exstantium
1564 4980 1808 5029 veterum
1857 4980 1915 5028 et
1948 4974 2321 5027 recentiorum.

373 5046 569 5115 Tiguri
602 5046 955 5101 Frosehover.
1010 5041 1150 5098 1545
1184 5044 1277 5099 fol.

2087 428 2251 489 1544
2295 421 2691 492 AUGUST.

4262 433 4388 498 746

3354 611 3496 685 571.

2895 747 3302 816 VIRETUS
3347 750 3943 819 GUAL'PHERO.

2619 918 2783 999 Quos
2858 919 3224 986 Turioenses
3292 923 3791 988 emendarunt
3805 974 3820 1004 ,
3883 924 3938 988 ii
4004 925 4388 993 Lausannae

2440 1023 2566 1069 non
2605 1004 2872 1070 multum
2902 1007 3315 1088 profecerunt,
3358 1027 3549 1088 quam
3579 1011 3780 1092 pestis
3821 1014 3879 1075 et
3910 1030 4192 1077 annonae
4223 1013 4388 1077 cari-

2441 1093 2545 1152 tas
2584 1095 2830 1170 vexant,
2876 1089 3016 1156 belli
3056 1111 3339 1156 rumores
3377 1113 3745 1176 suspensam
3778 1100 3989 1160 tenent.
4078 1096 4186 1161 Ex
4233 1097 4388 1164 Gal-

2441 1173 2536 1239 lia
2576 1174 2839 1241 meliora
2872 1179 3266 1242 nunciantur.
3335 1176 3419 1241 In
3449 1179 3795 1244 Germania
3835 1181 4136 1261 inferiore
4170 1182 4386 1248 Liber-

2438 1260 2561 1323 tini
2602 1280 2755 1343 quos
2796 1262 3011 1328 dicunt
3052 1265 3419 1328 exstiterunt
3457 1285 3682 1330 novum
3716 1270 3770 1330 et
3802 1265 4151 1332 detestabile
4193 1266 4386 1334 homi·-

2438 1364 2590 1408 παθη
2628 1366 2841 1429 yenus,
2886 1352 3101 1413 contra
3139 1368 3295 1430 quos
3341 1347 3645 1416 Calvinus
3681 1352 4032 1434 screatum
4072 1358 4176 1419 est.

2441 1515 2552 1580 (Ex
2589 1517 2926 1586 autographo
2960 1517 3177 1571 Archiv.
3213 1518 3391 1572 Turio.
3426 1519 3570 1573 Plut.
3590 1520 3684 1575 VI.
3723 1522 3826 1576 vel.
3867 1520 3966 1574 166
4001 1523 4129 1577 elim
4164 1524 4305 1594 Epp.
4338 1529 4379 1577 t.

2899 1584 2984 1653 24,
3018 1586 3111 1641 fol.
3143 1584 3264 1641 229.
3302 1615 3364 1627 -—
3404 1588 3615 1643 Simler.
3652 1589 3777 1644 Vol.
3813 1588 3929 1658 55.)

2608 1772 2948 1857 Singulari
2990 1774 3356 1839 eruditione
3394 1796 3469 1841 ac
3531 1777 3777 1860 pietate
3834 1778 4251 1845 ornatissimo
4293 1778 4379 1845 D.

2433 1857 2781 1943 Redolpho
2803 1858 3176 1925 Gualthero
3211 1860 3623 1927 ecclesiastae
3645 1863 3967 1949 Tigurine
4001 1864 4382 1931 fidelissimo

2429 1945 2622 2009 fratri
2666 1956 2732 2010 et
2775 1945 2982 2011 amico
3017 1946 3404 2011 suavissime
3872 2035 4120 2119 'rigari‘

2602 2165 2672 2232 S.
2719 2166 2866 2232 Non
2902 2167 3231 2249 potuimus
3262 2167 3389 2251 piis
3428 2167 3738 2235 fratribus
3782 2191 3941 2253 quos
3980 2171 4167 2236 nobis
4203 2191 4378 2237 com-

2428 2251 2789 2317 mendastis
2831 2252 3116 2318 multum
3157 2254 3468 2319 conferre.
3556 2254 4015 2321 Praestitimus
4057 2256 4231 2339 quod
4270 2278 4382 2341 po-

2429 2337 2708 2415 tuimus,
2766 2337 2956 2421 plura
2995 2338 3374 2420 praestituri
3433 2340 3489 2404 si
3540 2340 3695 2423 quid
3742 2341 3918 2423 apud
3975 2363 4094 2408 nes
4149 2342 4382 2408 fuisset

2429 2423 2746 2488 eximium
2789 2431 2984 2506 atque
3003 2503 3008 2508 ἢ
3028 2433 3256 2507 aptum
3313 2425 3494 2507 operi
3548 2425 3718 2508 quod
3774 2427 3879 2493 vir
3931 2426 4045 2492 ille
4087 2426 4344 2493 benus¹

2427 2508 2499 2573 in
2565 2507 2777 2573 lucem
2841 2509 3268 2575 emittendum
3331 2517 3541 2594 parat.
3634 2510 3732 2576 Ab
3793 2532 3871 2578 eo
3931 2509 4158 2577 audies
4220 2513 4333 2598 qui

2425 2593 2716 2658 inveniri
2768 2594 3072 2677 potuerit.
3160 2595 3299 2660 Vix
3356 2616 3630 2679 usquam
3684 2595 3908 2663 vidisti
3960 2598 4205 2663 nestris
4255 2596 4378 2664 ho-

2426 2677 2717 2743 minibus
2779 2678 2950 2745 ullos
3018 2679 3529 2764 negligentiores
3593 2689 3707 2747 aut
3769 2683 3978 2765 magis
4057 2684 4379 2749 bonarum

2427 2763 2673 2829 artium
2715 2771 3211 2848 contemptores.
3286 2765 3363 2832 Si
3405 2768 3771 2851 praefectus
3812 2769 3881 2832 in
3921 2766 4084 2833 urbe
4126 2769 4376 2848 fuisset,

2426 2849 2648 2915 forsan
2689 2848 2882 2932 plura
2922 2861 2991 2915 et
3034 2851 3315 2917 certiora
3357 2851 3630 2918 inventa
3669 2853 3966 2919 fuissent.

2603 2934 2698 2999 De
2740 2934 2934 3000 rebus
2978 2936 3219 3001 nestris
3265 2937 3434 3001 nihil
3486 2945 3587 3003 est
3642 2938 3813 3022 qued
3868 2936 4060 3004 valde
4103 2937 4378 3023 dignum

2427 3021 2678 3103 scriptu
2721 3040 3036 3085 censeam.
3126 3020 3230 3086 De
3273 3022 3461 3089 bellis
3500 3024 3699 3089 multi
3751 3023 4115 3089 audiuntur
4155 3045 4377 3092 rumo-

2427 3125 2535 3173 res
2579 3104 2695 3172 sed
2735 3126 2961 3171 omnes
3020 3106 3183 3172 varii
3228 3115 3295 3171 et
3335 3107 3587 3173 incerti.
3676 3108 3970 3192 Quisque
4013 3109 4136 3176 sibi
4180 3110 4376 3194 fingit

2427 3190 2598 3274 quod
2641 3192 2781 3275 ipse
2824 3200 3038 3273 optat,
3095 3199 3164 3255 et
3204 3190 3485 3258 libenter
3526 3193 3733 3260 credit
3770 3193 3941 3277 quod
3984 3196 4186 3278 cupit:
4247 3216 4376 3279 quo

2425 3279 2503 3342 fit
2544 3283 2623 3341 ut
2662 3276 2852 3361 pauci
2889 3277 3315 3342 inveniantur
3366 3278 3430 3342 di
3530 3279 3543 3292 '
3593 3280 3829 3363 quibus
3871 3278 4033 3345 fides
4078 3279 4378 3348 habenda

2427 3364 2530 3428 sit.
2618 3362 2857 3442 Pestis,
2900 3382 3068 3445 quae
3111 3361 3298 3429 nobis
3341 3363 3414 3428 in
3462 3364 3639 3430 ueias
3680 3362 3979 3442 dederat,
4039 3364 4377 3432 recrudes-

2426 3448 2534 3514 cit.
2623 3447 2826 3512 Faxit
2865 3448 3192 3513 Dominus
3234 3456 3314 3514 ut
3358 3450 3624 3515 tandem
3667 3456 3764 3515 tot
3803 3448 4016 3534 plagis
4059 3449 4378 3517 admoniti

2423 3533 2898 3616 resipiscamus.
2985 3533 3199 3599 Valde
3242 3535 3452 3618 pressi
3505 3535 3753 3601 fuimus
3808 3535 3933 3601 hoc
3988 3556 4160 3601 anno
4217 3538 4379 3604 cari-

2426 3627 2563 3684 tate
2606 3638 2927 3696 annonae,
2947 3619 3003 3703 ²)
3047 3640 3170 3685 nec
3210 3620 3423 3686 multe
3456 3620 3938 3688 foecundiorem
3971 3642 4153 3705 spem
4187 3623 4375 3688 nobis

2424 3703 3170 3856 {Jfflutssssssfflffi
3186 3704 3518 3857 affigi?
3537 3707 3943 3857 33²³&ss
3979 3707 4376 3875 3233&

2425 3895 2592 3940 mur.
2682 3874 2920 3941 Gallus
2971 3875 3145 3940 inter
3198 3875 3321 3942 hos
3370 3875 3637 3943 bellicos
3690 3886 3908 3943 metus
3961 3877 4170 3942 multa
4223 3897 4376 3943 eon-

2424 3961 2624 4026 eessit
2663 3959 2972 4026 fratribus
3013 3960 3555 4037 Provincialibus,
3576 3959 3632 4047 ὅ)
3685 3961 3863 4027 inter
3904 3983 4065 4045 quos
4109 3962 4379 4045 plurimi
4449 4013 4455 4020 .

2427 4052 2585 4112 sunt
2627 4066 2710 4109 ex
2753 4045 3083 4112 veteribus
3125 4046 3583 4113 Valdensibus.
3672 4047 3909 4112 Vetuit
3949 4048 4251 4131 persequi
4294 4047 4376 4113 ob

2426 4130 2810 4215 religionem
2856 4152 3267 4217 quemquam
3308 4131 3425 4198 sed
3458 4133 3651 4199 iussit
3685 4132 3769 4198 ad
3809 4133 4143 4217 privatum
4179 4154 4378 4201 suum

2464 4370 2592 4429 571.
2629 4370 2689 4430 1)
2727 4369 2781 4423 L
2903 4369 2914 4380 ‘
3430 4370 3506 4438 fio
3540 4369 3982 4436 Bruchsaliense,
4021 4369 4119 4436 qui
4152 4387 4207 4423 a.
4241 4369 4378 4426 1500

2426 4443 2597 4492 natus
2863 4437 3016 4505 viae,
3055 4437 3295 4491 Durlaci
3308 4477 3325 4504 ,
3409 4439 3673 4493 otmariae
3706 4444 3759 4493 et
3791 4438 4154 4506 Aryentorati
4187 4440 4374 4494 vario·

2427 4522 2554 4560 rum
2587 4506 2799 4561 scholas
2834 4506 2980 4561 adiit
3013 4506 3266 4574 quamvis
3281 4521 3496 4561 summa
3525 4513 3858 4576 paupertate
3891 4521 4208 4576 oppressus,
4237 4523 4373 4576 pos-

2427 4581 2518 4631 tea
2567 4574 2962 4644 Heidelberqae
3012 4579 3062 4628 et
3116 4574 3391 4642 Friburyi
3438 4576 3727 4630 altioribus
3790 4575 3990 4630 studiis
4042 4575 4262 4630 deditus
4324 4582 4377 4631 et

2427 4645 2664 4699 maxime
2697 4644 2997 4711 historicis,
3034 4643 3254 4697 tandem
3302 4643 3401 4698 vix
3440 4649 3826 4712 praetextatus
3863 4650 4063 4713 pastor
4094 4645 4279 4712 factus
4312 4645 4377 4698 in

2427 4713 2548 4768 vico
2592 4712 2848 4767 Rubicon
2887 4728 2972 4781 pa
3007 4712 3031 4765 i
3083 4711 3427 4779 Tuo-icensis,
3485 4714 3630 4767 inter
3764 4713 3888 4768 ‘mos
3932 4712 4377 4779 reformationem

2426 4781 2712 4849 amplexus
2757 4787 2851 4836 est.
3005 4781 3236 4835 ronicon
3280 4780 3595 4835 helveticum
3712 4781 3820 4835 idit
3864 4799 3918 4836 a.
3970 4782 4133 4850 1548,
4175 4787 4376 4851 postea

2428 4850 2499 4903 ab
2541 4851 2724 4918 ipsius
2767 4850 2883 4919 filio
2929 4855 2981 4903 et
3023 4848 3251 4904 Wasero
3301 4851 3680 4905 continuatum
3725 4855 3777 4904 et
3824 4865 3919 4905 sae
3974 4852 4052 4904 'us
4095 4852 4373 4906 iteratam.

2437 4917 2585 4974 Obiit
2619 4936 2675 4973 a.
2717 4918 2864 4972 1566.
2942 4919 3023 4985 Cf.
3060 4917 3358 4987 Hottinqer
3391 4918 3522 4973 KG.
3558 4919 3675 4973 III
3722 4918 3806 4974 83.
3948 4920 4117 4974 uehat
4161 4920 4213 4974 Ι.
4255 4920 4371 4973 100.

2633 4988 2693 5052 2)
2726 4987 3021 5068 Memoires
3054 4986 3121 5041 de
3157 4987 3492 5057 Pierrefleur
3518 5005 3579 5056 12·
3612 4987 3734 5068 225.
4032 5056 4043 5068 ·

2426 5122 2497 5205 ..ι
2528 5055 3686 5207 ...tcmffsswcmfflmm
3576 5072 3759 5181 ...a
3793 5061 3930 5205 tm..
3955 5056 4144 5179 ξ....”*·
4158 5056 4370 5205 ἕω,-

2427 5192 2697 5262 mquidem
2747 5211 2785 5247 a
2823 5199 3189 5263 procuratore
3238 5210 3389 5263 reque
3445 5210 3624 5248 mme
3670 5194 3948 5249 Ianum—w
3998 5193 4133 5246 1545
4185 5194 4374 5248 literae

2428 5264 2628 5317 missae
2659 5261 2891 5327 fuer-mit
2919 5263 3117 5331 priora
3149 5268 3201 5317 et
3233 5265 3512 5318 severiora
3545 5263 3724 5318 edicta
3757 5262 4160 5331 confirmantes,
4210 5263 4372 5316 cuiue

2427 5331 2511 5387 rei
2535 5347 2683 5401 prae
2715 5331 2943 5387 caeteris
2976 5338 3254 5400 promotor
3287 5332 3399 5400 fuit
3434 5331 3757 5388 cardinalis
3790 5331 3858 5386 de
3897 5330 4175 5386 Tem-non.

3043 4368 3111 4422 de
3125 4368 3210 4423 Io.
