5050 6167
380 459 458 522 ¹13
2114 463 2279 525 1540
2324 457 2716 526 AUGUST.
4300 467 4382 532 74

377 647 652 712 liatione
706 667 926 713 eoram
985 645 1325 714 nobiseum
1383 656 1653 713 acturus
1670 699 1685 726 ,
1746 668 1943 730 quam
2000 646 2208 712 literis
2263 647 2333 713 id

380 741 689 816 expertus
732 753 927 810 esses,
972 734 1361 815 praesertim
1409 734 1633 815 quales
1678 743 1829 798 tuae
1872 741 2042 799 sunt.
2112 732 2334 798 Vehe-

378 826 639 883 menter
678 817 824 883 ideo
865 817 1124 884 laboras
1170 839 1255 883 ne
1297 816 1583 884 videaris
1634 819 1879 901 absque
1922 819 2095 883 iusta
2138 837 2335 884 causa

381 906 446 967 in
505 903 781 970 eeclesia
843 902 1072 969 turbas
1136 905 1453 970 excitare:
1521 905 1706 987 quasi
1770 904 1908 968 ulla
1968 903 2335 971 turbandae

382 989 688 1056 ecelesiae
730 989 1009 1054 honesta
1050 1010 1248 1055 eausa
1288 988 1551 1055 obtendi
1586 991 1811 1073 possit.
1899 989 2155 1055 Demus
2197 1009 2336 1054 non

384 1075 675 1141 habitam
718 1075 919 1140 fuisse
962 1075 1061 1139 tui
1102 1076 1423 1140 rationem
1470 1096 1510 1140 a
1551 1076 1862 1140 fratribus
1905 1096 2101 1157 quam
2146 1096 2335 1158 opor-

382 1170 627 1227 tuerat:
687 1182 775 1226 an
833 1160 979 1225 ideo
1030 1171 1258 1226 tamen
1315 1163 1614 1245 protinus
1658 1161 1754 1224 ita
1797 1161 2192 1226 tumultuari
2234 1163 2334 1226 fas

382 1246 551 1311 fnit?
655 1246 942 1312 Dicesne
992 1247 1196 1312 fuisse
1238 1247 1548 1330 spiritum
1592 1245 1723 1311 Dei
1776 1249 1891 1329 qui
1948 1257 2013 1311 te
2056 1245 2332 1331 impule-

380 1332 469 1398 rit
532 1332 615 1398 ad
682 1330 1211 1398 denunciandum
1263 1332 1569 1399 omnibus
1623 1332 2000 1398 certamen?
2104 1334 2333 1415 Neque

378 1419 541 1485 haee
587 1417 730 1484 dico
774 1416 1214 1501 exprobrandi
1256 1437 1482 1483 causa:
1525 1418 1782 1483 utinam
1826 1439 2059 1502 passus
2100 1419 2333 1483 fuisses

380 1525 484 1569 me
528 1525 800 1590 prorsus
842 1511 1077 1569 tacere.
1145 1502 1399 1568 Verum
1445 1504 1601 1569 dum
1644 1525 1870 1569 omnes
1913 1523 2025 1569 eos
2069 1505 2183 1588 qui
2218 1512 2333 1569 tua

381 1591 615 1657 saltem
669 1589 973 1674 opinione
1030 1610 1167 1653 non
1220 1590 1381 1655 satis
1432 1611 1673 1673 aequos
1727 1590 1847 1655 tibi
1901 1610 1971 1655 se
2014 1589 2331 1673 praebue-

380 1684 540 1742 runt
592 1695 741 1741 cum
797 1674 1048 1742 Satana
1101 1676 1480 1759 coniungis,
1549 1676 1747 1741 nimis
1804 1683 1980 1740 certe
2035 1673 2332 1758 stupidos

382 1764 749 1840 arbitraris,
809 1763 865 1827 si
908 1782 1099 1845 posse
1141 1760 1268 1827 hoc
1312 1762 1572 1827 silentio
1616 1763 2064 1826 transmittere
2107 1761 2332 1825 existi-

378 1869 538 1914 mas.
628 1849 811 1914 Dicis
854 1858 922 1911 te
964 1847 1416 1931 indignatione
1460 1847 1660 1913 fuisse
1704 1848 2045 1930 percitum,
2090 1854 2168 1911 ut
2205 1845 2334 1911 Fa-

380 1934 601 2000 rcllum
645 1943 708 1999 et
752 1955 860 1999 mo
902 1932 1300 2009 traduceres,
1346 1935 1656 2015 quoniam
1701 1933 1912 1997 literis
1955 1934 2195 1997 nostris
2238 1933 2332 1997 ef-

380 2023 741 2088 feceramus
803 2041 887 2085 ne
942 2019 1064 2084 tibi
1122 2019 1358 2084 fratres
1413 2019 1890 2085 Neoeomenses
1944 2017 2162 2084 locum
2218 2017 2332 2082 da-

379 2119 547 2173 rent.
612 2106 911 2172 Primum
957 2104 1023 2169 id
1065 2104 1174 2169 vel
1217 2104 1335 2169 abs
1381 2112 1444 2169 te
1479 2102 1828 2170 confictum
1862 2115 1979 2182 est,
2024 2104 2133 2168 vel
2169 2103 2332 2168 falso

380 2193 462 2258 ad
508 2202 575 2258 te
616 2191 936 2257 dolatum:
981 2189 1152 2255 nihil
1190 2191 1364 2255 enim
1400 2209 1695 2272 unquam
1728 2189 1894 2254 mihi
1928 2191 1998 2254 in
2043 2197 2331 2255 mentem

381 2280 567 2344 venit
617 2278 749 2343 tale
807 2277 1092 2343 seribere
1147 2275 1722 2340 Neocomensibus.
1810 2275 1893 2340 In
1949 2275 2156 2340 literis
2202 2274 2332 2340 Fa-

383 2364 524 2430 relli
568 2373 883 2448 quantum
941 2360 1132 2427 audio
1194 2361 1391 2442 (nihil
1436 2362 1614 2425 enim
1659 2361 1867 2427 habeo
1911 2369 2174 2443 praeter
2216 2380 2333 2425 au-

384 2450 621 2526 ditum)
680 2449 874 2534 longe
917 2446 1144 2512 durius
1198 2455 1517 2512 tractatus
1562 2449 1778 2512 fuerat
1821 2447 2095 2512 Michael
2136 2466 2333 2529 quam

382 2545 473 2602 tu.
565 2533 790 2617 Quum
833 2554 990 2618 ergo
1035 2554 1248 2615 neque
1302 2531 1504 2597 verbo
1559 2553 1775 2615 neque
1828 2534 1997 2599 facto
2042 2550 2333 2615 unquam

384 2635 450 2687 te
493 2622 862 2698 laesissem,
921 2620 1054 2684 imo
1097 2639 1301 2702 quum
1344 2639 1430 2684 ne
1471 2618 1751 2684 minima
1791 2638 2079 2701 unquam
2127 2618 2331 2682 offen-

384 2707 685 2774 siuncula
724 2713 795 2771 te
836 2704 1285 2791 pupugissem‚
1344 2704 1527 2769 euius
1567 2702 2003 2769 humanitatis
2057 2704 2185 2768 fuit
2228 2725 2333 2768 me

384 2813 592 2876 usque
637 2790 797 2858 adeo
839 2791 1148 2856 atrociter
1190 2788 1520 2856 lacerare?
1610 2787 1806 2870 Quod
1861 2790 1918 2855 si
1974 2809 2103 2871 qua
2144 2791 2214 2853 in
2259 2809 2333 2853 ro

383 2879 644 2964 privato
686 2887 799 2943 tuo
856 2875 1196 2942 commodo
1252 2875 1681 2954 obstitissem,
1735 2896 1929 2959 quam
1984 2874 2195 2939 aliena
2239 2883 2335 2939 ta-

386 2985 541 3030 men
583 2963 849 3029 homine
893 2962 1252 3029 christiano
1308 2960 1422 3025 illa
1464 2961 1632 3025 ratio
1674 2960 1831 3039 fuit,
1886 2968 1963 3026 ut
2004 2958 2333 3025 vindictae

386 3050 742 3134 cupiditate
785 3050 1232 3116 inflammatus
1282 3046 1354 3110 in
1407 3045 1569 3110 illud
1622 3046 2075 3111 turbulentum
2122 3046 2333 3111 eonsi-

386 3136 547 3202 lium
593 3133 1093 3220 prorumperes?
1161 3130 1384 3214 Quum
1429 3132 1548 3198 tibi
1584 3152 1844 3215 semper
1877 3130 2155 3198 antehac
2192 3133 2334 3197 sine

389 3222 796 3288 dubitatione
850 3221 1118 3286 fuissem
1176 3217 1415 3296 frater,
1473 3218 1585 3300 qui
1627 3218 1770 3282 fieri
1815 3217 2029 3300 potuit
2070 3224 2151 3282 ut
2190 3238 2334 3282 mo-

386 3316 608 3374 mento
652 3327 783 3372 uno
828 3308 1053 3372 fierem
1108 3303 1507 3380 hacreticus,
1565 3324 1604 3368 a
1646 3304 1834 3369 cuius
1877 3304 2334 3369 communione

389 3392 818 3461 abhorreres?
909 3390 1177 3458 Scilicet
1230 3389 1355 3455 hoe
1410 3409 1546 3454 non
1599 3398 1700 3454 est
1755 3397 2162 3455 sacrosancto
2203 3388 2336 3454 Dei

388 3480 655 3545 nomine
698 3477 896 3543 abuti.
985 3476 1206 3560 Negas
1251 3474 1426 3540 aliud
1462 3475 1581 3540 tibi
1627 3474 2041 3558 superfuisse,
2086 3474 2216 3540 nisi
2258 3483 2336 3539 ut

388 3587 509 3632 nos
544 3562 1119 3631 irreconciliabiles
1153 3561 1595 3646 proclamares
1632 3561 1787 3644 (hoc
1810 3561 1989 3625 enim
2010 3568 2109 3625 est
2142 3567 2336 3625 tuum

388 3653 693 3726 verbum)
736 3648 849 3715 sed
895 3648 1241 3732 paulisper,
1287 3666 1544 3729 quaeso,
1590 3654 1807 3712 tecum
1842 3653 2092 3730 reputa,
2137 3666 2337 3729 quam

388 3749 455 3803 te
510 3735 867 3802 ridiculum
922 3733 1151 3810 facias,
1220 3753 1414 3815 quem
1470 3739 1726 3796 constat
1781 3732 1849 3795 in
1904 3730 2122 3796 media
2178 3752 2337 3814 paee

389 3823 733 3890 classicum
777 3820 1103 3886 cecinisse.
1195 3819 1448 3882 Verum
1490 3818 1595 3883 fao
1638 3818 1757 3882 tibi
1800 3816 2019 3882 datam
2065 3837 2105 3881 a
2147 3815 2338 3881 nobis

390 3911 679 3993 aliquam
723 3905 1159 3973 occasionem:
1216 3903 1371 3986 quid
1430 3913 1650 3967 tamen
1713 3903 1836 3967 sibi
1873 3902 2021 3967 vult
2060 3902 2339 3968 verbum

388 3995 552 4062 illud
599 4012 728 4078 quo
784 3990 1033 4057 uteris?
1124 3990 1322 4054 Certe
1373 3987 1928 4054 irreconciliabilis
1982 3986 2222 4052 dicitur
2279 3988 2339 4054 is

391 4103 581 4166 quem
626 4099 828 4163 quum
873 4075 1086 4141 modis
1139 4075 1444 4140 omnibus
1488 4074 1747 4156 placare
1790 4071 2148 4150 studueris,
2205 4094 2340 4138 non

388 4166 679 4254 potueris
733 4173 954 4228 tamen
1015 4160 1097 4226 ad
1154 4160 1357 4225 ullam
1412 4168 1667 4243 partem
1720 4159 2069 4242 aequitatis
2112 4159 2337 4225 inflec-

387 4265 545 4319 tere.
635 4248 922 4332 Quando
977 4255 1114 4312 tam
1171 4246 1606 4329 praefractam
1651 4267 1726 4312 ac
1768 4244 2171 4327 pertinacem
2217 4244 2337 4310 du-

386 4341 607 4406 ritiem
652 4339 723 4400 in
766 4334 954 4400 nobis
997 4352 1293 4415 unquam
1336 4339 1649 4415 expertus
1693 4330 1805 4396 es?
1873 4329 1980 4394 De
2013 4350 2121 4394 me
2161 4330 2339 4413 quod

389 4422 808 4508 conqueraris
851 4440 981 4485 non
1021 4418 1251 4484 habes:
1308 4437 1429 4501 ego
1473 4439 1629 4482 vero
1670 4417 2096 4481 iustissimam
2141 4417 2340 4481 ratio-

389 4533 542 4578 nem
591 4509 821 4585 habeo,
866 4527 987 4572 cur
1029 4514 1247 4570 tecum
1292 4502 1734 4586 expostulem,
1792 4510 1868 4566 ut
1907 4501 2081 4566 nihil
2125 4502 2339 4567 dicam

389 4597 678 4683 gravius.
766 4592 999 4675 Neque
1042 4601 1266 4655 tamen
1310 4589 1390 4653 de
1432 4588 1683 4653 ultione
1725 4588 2036 4671 cogitavi:
2081 4594 2339 4651 tantum

391 4685 577 4750 abest
620 4690 694 4745 ut
735 4678 992 4744 facinus
1035 4676 1246 4741 ullum
1301 4673 1537 4739 hostile
1590 4674 1659 4737 in
1713 4682 1780 4738 te
1834 4671 2337 4754 designaverim.

388 4769 496 4834 De
542 4765 799 4833 Farello
842 4763 1040 4827 velim
1086 4762 1284 4838 scire,
1341 4780 1535 4842 quam
1580 4759 1889 4824 iniuriam
1934 4757 2054 4822 tibi
2099 4758 2338 4822 feeerit.

392 4855 671 4937 Scripsit
708 4871 794 4915 ne
830 4849 1334 4912 admitterentur
1367 4846 1450 4909 ad
1488 4846 1944 4918 ministerium,
1992 4844 2101 4926 qui
2139 4843 2342 4910 ecele-

392 5110 718 5176 murat,
757 5103 955 5159 deinde
986 5109 1050 5157 ut
1082 5102 1304 5157 vidam·
1347 5100 1528 5155 dmo
1573 5098 1939 5154 conditionem
1973 5100 2246 5166 quaesivit
2278 5098 2345 5152 in

390 5181 600 5235 dit-’ou
620 5173 1001 5233 Neam-aui.
1052 5171 1320 5226 Hievoro
1353 5185 1455 5239 spe
1485 5169 1742 5234 aciemn,
1778 5168 1863 5222 vol
1893 5167 2175 5232 rapsacem
2201 5183 2341 5248 paq-

394 5266 510 5316 m,
546 5247 624 5302 ad
652 5245 947 5300 Calvinum
979 5241 1171 5296 literas
1203 5239 1355 5295 dedit
1384 5239 1592 5319 partum
1624 5236 1692 5291 de
1724 5237 1844 5291 cius
1878 5235 2197 5317 Euo-cuique
2229 5238 2341 5291 im-

395 5394 578 5442 tan-on
610 5330 844 5440 &aa
874 5329 1283 5436 &spnden-nunt.
2089 5345 2101 5360 ‘
2203 5305 2231 5376 9

2438 648 2571 712 sias
2636 647 2762 714 sibi
2825 648 3205 715 commissas
3284 649 3752 716 deseruissent:
3821 671 4039 716 annon
4112 653 4380 720 debuit?

2436 732 2669 816 Neque
2727 734 2898 798 enim
2958 736 3176 801 minor
3244 743 3344 801 est
3396 736 3670 819 perfidia
3727 738 3783 801 si
3835 738 3981 820 quis
4042 740 4383 806 ecclesiam

2437 819 2795 901 relinquat,
2866 840 3064 903 quam
3124 821 3325 886 semel
3368 830 3738 905 susceperat
3790 824 3860 887 in
3922 845 4107 889 suam
4165 825 4381 904 fidem,

2438 924 2636 986 quam
2689 906 2743 969 si
2800 914 2990 987 pater
3043 905 3216 971 filios
3269 927 3419 973 suos
3461 908 3740 973 abiiciat.
3830 912 3922 973 At
3973 920 4040 975 to
4093 932 4385 996 compre-

2440 988 2771 1055 hendebat
2812 990 2882 1053 in
2927 1009 3005 1056 eo
3049 1013 3350 1071 numero,
3395 1014 3596 1076 quum
3639 1006 3864 1059 tamen
3917 995 4000 1060 ab
4057 1015 4134 1061 ea
4191 997 4386 1082 culpa

2438 1095 2615 1140 esses
2659 1075 2931 1142 alienus.
3035 1075 3110 1143 Si
3158 1078 3382 1143 literas
3440 1078 3708 1163 legeris,
3773 1079 3953 1145 aliud
4004 1084 4379 1165 comperies.

2437 1160 2618 1225 Nihil
2664 1163 2844 1226 enim
2888 1162 3260 1245 postulabat
3302 1183 3343 1227 a
3383 1164 3714 1240 fratribus,
3760 1185 3956 1248 quam
4002 1174 4073 1231 ut
4107 1166 4384 1252 diligen·

2438 1254 2542 1311 ter
2583 1247 3021 1329 inquirerent:
3064 1251 3121 1312 si
3161 1250 3441 1333 cognitio
3476 1258 3629 1315 tuae
3671 1270 3904 1317 causae
3939 1259 4004 1317 te
4038 1254 4381 1338 purgabat,

2439 1352 2661 1396 nonne
2719 1332 2788 1398 id
2838 1334 3057 1415 ipsum
3119 1345 3345 1417 optare
3409 1334 3731 1401 debuisti?
3841 1338 4073 1402 Metim
4143 1340 4384 1405 venisti

2439 1416 2708 1483 deinde:
2753 1426 2998 1501 quanta
3038 1421 3457 1503 intemperies
3499 1423 3627 1486 fuit
3660 1421 3833 1505 apud
3867 1421 4116 1489 Christi
4152 1423 4384 1490 adver-

2438 1505 2646 1570 sarios
2688 1504 2960 1582 iactare,
3017 1515 3080 1569 te
3123 1507 3381 1572 venisse
3423 1506 3818 1573 instructum
3871 1518 3948 1573 ut
3990 1530 4110 1575 nos
4155 1510 4384 1576 haere-

2437 1611 2581 1655 seos
2625 1589 3093 1655 convinceres?
3183 1591 3274 1655 Et
3331 1598 3551 1657 tamen
3600 1594 3845 1657 retines
3897 1596 4149 1660 interea
4201 1595 4384 1662 illam

2437 1675 2713 1759 gloriam
2752 1676 2924 1757 quod
2960 1675 3126 1741 nihil
3172 1691 3399 1742 eontra
3441 1679 3849 1763 evangelium
3875 1680 4183 1747 moliaris.
4248 1680 4386 1749 Sed

2436 1781 2566 1844 quo
2610 1761 2911 1843 exemplo
2955 1761 3078 1827 hoe
3122 1763 3310 1828 nobis
3351 1763 3698 1846 probabis?
3786 1763 3861 1831 Si
3912 1767 4057 1849 quis
4107 1788 4193 1832 ex
4234 1788 4386 1851 pro-

2432 1847 2605 1912 fesso
2644 1847 2885 1911 bollum
2928 1866 3077 1911 eum
3122 1869 3312 1913 servo
3358 1847 3608 1914 Christi
3664 1860 3878 1934 gerat,
3935 1872 4217 1936 eumque
4258 1854 4384 1918 im-

2435 1931 2656 2015 pediat
2698 1931 2935 2014 quibus
2978 1933 3186 2016 possit
3229 1933 3470 2013 modis,
3528 1939 3871 2017 quominus
3925 1937 4176 2004 Christi
4235 1959 4385 2024 reg-

2435 2039 2600 2082 num
2644 2027 3042 2100 promoveat,
3089 2020 3329 2084 mirum
3377 2021 3432 2085 si
3477 2021 3677 2085 talem
3714 2021 4044 2088 hominem
4081 2022 4258 2090 dicas
4302 2026 4384 2091 ab

2435 2103 2764 2187 evangelii
2809 2103 3105 2186 partibus
3148 2113 3340 2170 stare.
3429 2104 3603 2171 Vide
3643 2108 3885 2172 iterum
3941 2108 4146 2173 frater
4191 2119 4386 2193 atque

2436 2190 2680 2254 iterum
2734 2210 2862 2272 quo
2930 2190 3367 2274 progrediare.
3464 2192 3912 2258 Minister-ium
3973 2194 4290 2260 habemus
4345 2217 4386 2261 a

2439 2273 2708 2340 Christo
2772 2275 3044 2340 minime
3109 2276 3535 2343 disiunctum:
3599 2279 3653 2342 si
3711 2276 3997 2357 dubitas,
4068 2279 4385 2348 habemus

2437 2361 2598 2426 satis
2672 2368 2929 2425 certum
3004 2371 3072 2426 et
3143 2362 3335 2427 fidele
3413 2363 3844 2429 eonscientiae
3921 2366 4383 2434 testimonium.

2437 2445 2818 2511 Blandiaris
2860 2446 2984 2512 tibi
3028 2459 3103 2511 ut
3153 2448 3366 2527 voles,
3425 2449 3670 2514 senties
3740 2448 4000 2514 demum
4056 2452 4126 2517 in
4179 2453 4386 2537 impe-

2438 2530 2636 2596 tendo
2687 2539 2919 2597 eontra
2963 2533 3305 2598 stimulum
3359 2543 3425 2599 te
3479 2534 3830 2600 calcitrare.
3918 2535 4185 2603 Interea
4228 2537 4387 2621 quid

2437 2617 2626 2683 nobis
2701 2637 2937 2683 nocere
3013 2618 3244 2701 potes?
3353 2619 3741 2687 Haereticos
3816 2620 4094 2688 vocabis.
4204 2624 4381 2691 Ubi?

2437 2703 2694 2785 Nempe
2759 2705 2934 2768 inter
2998 2725 3109 2769 eos
3166 2705 3279 2788 qui
3332 2712 3399 2770 te
3453 2727 3573 2790 pro
3636 2705 3965 2772 haeretico
4031 2706 4384 2788 habebunt,

2437 2788 2699 2854 etiamsi
2737 2798 2850 2853 tua
2882 2787 3340 2856 maledicentia
3360 2790 3444 2856 ad
3467 2802 3727 2874 tempus
3761 2792 4136 2859 abutantur.
4184 2796 4384 2879 Apud

2435 2875 2579 2958 pios
2621 2881 2690 2939 et
2730 2872 2955 2940 do‘ctos
2997 2875 3271 2939 minime
3309 2897 3558 2956 vereor,
3599 2898 3685 2942 ne
3724 2876 3880 2960 quid
3923 2879 4087 2943 mihi
4131 2879 4383 2945 obtrec-

2437 2959 2638 3025 tando
2682 2961 3002 3043 proficias.
3089 2960 3277 3027 Haeo
3334 2962 3557 3026 omnia
3598 2963 3667 3027 in
3711 2983 3856 3028 eam
3899 2972 4155 3048 partem
4200 2985 4383 3048 spec-

2438 3055 2586 3111 tant
2630 3065 2705 3110 ac
2750 3046 2848 3112 ita
2889 3047 3092 3130 accipi
3137 3046 3252 3112 abs
3298 3056 3363 3111 te
3405 3047 3575 3127 volo,
3620 3057 3696 3113 ut
3730 3068 3949 3114 eoram
3970 3049 4116 3115 Deo
4159 3072 4384 3136 recog·

2438 3152 2689 3212 noscas,
2730 3152 2926 3215 quam
2970 3133 3148 3198 viam
3183 3133 3273 3198 sis
3315 3132 3682 3217 ingressus,
3739 3155 3950 3218 neque
3994 3135 4157 3201 alios
4200 3136 4383 3201 dam-

2436 3216 2659 3283 nando
2701 3217 3066 3284 immeritos
3122 3217 3564 3284 defensionem
3620 3218 3987 3299 mediteris,
4042 3242 4207 3304 quae
4247 3243 4383 3288 non

2437 3303 2631 3368 modo
2667 3303 2849 3367 omni
2882 3303 3325 3384 fundamento,
3371 3303 3486 3369 sed
3520 3304 3722 3371 etia'm
3803 3315 4107 3372 raetextu
4146 3317 4382 3374 eareat.

2436 3389 2587 3455 Hoc
2630 3390 2687 3455 si
2729 3389 2911 3454 fuero
2954 3399 3416 3473 consequutus,
3462 3390 3622 3456 satis
3663 3392 3752 3456 mi
3806 3393 3825 3455 i
3863 3400 3979 3457 est.
4068 3392 4239 3458 Nolo
4283 3403 4386 3459 ta-

2439 3496 2594 3540 men
2632 3485 2698 3540 te
2739 3484 3083 3559 propterea
3137 3476 3431 3541 animum
3476 3496 3787 3560 spemque
3822 3477 4120 3544 abiicere.
4210 3478 4386 3545 Nam

2439 3560 2498 3625 si
2542 3560 2728 3625 nobis
2770 3581 2932 3625 vera
2985 3568 3054 3624 ot
3096 3560 3304 3625 solida
3346 3562 3507 3626 recti
3550 3561 3755 3626 animi
3797 3562 4040 3629 indicia
4083 3564 4384 3630 ostende—

2439 3647 2552 3721 ris,
2596 3646 2809 3729 parati
2845 3665 3072 3711 sumus
3106 3653 3323 3711 tecum
3364 3666 3520 3711 mox
3554 3647 3623 3711 in
3663 3648 3941 3732 gratiam
3977 3651 4221 3732 optima
4254 3648 4386 3715 fide

2439 3731 2672 3810 redire,
2718 3731 2939 3796 omnia
2973 3730 3289 3810 oblivisci,
3325 3732 3681 3816 ignoscere,
3729 3741 3795 3797 et
3828 3755 4095 3818 prorsus
4128 3757 4213 3800 ex
4247 3756 4385 3800 me-

2439 3816 2651 3882 moria
2693 3814 2927 3883 delere.
3014 3817 3290 3884 Utinam
3332 3825 3562 3901 peetus
3598 3839 3816 3883 meum
3857 3820 4097 3884 intueri
4142 3841 4383 3904 posses,

2441 3902 2608 3967 nihil
2664 3901 2837 3967 enim
2894 3904 3106 3987 magis
3159 3903 3350 3986 cupio
3406 3924 3603 3986 quam
3648 3902 3791 3969 Deo
3843 3917 3910 3969 te
3964 3906 4387 3972 reconciliare

2442 3990 2763 4072 primum,
2817 3998 2896 4053 ut
2947 3990 3121 4054 inter
3174 4009 3297 4054 nos
3350 3989 3471 4053 fiat
3525 3990 3718 4054 firma
3774 3990 4161 4060 coniunctio.
4249 3990 4387 4058 Sed

2442 4073 2635 4140 crede
2679 4073 2874 4152 mihi,
2931 4095 3271 4158 nunquam
3313 4072 3563 4139 utiliter
3606 4072 3891 4141 Domino
3933 4077 4198 4154 servies,
4255 4078 4388 4143 nisi

2441 4158 2617 4224 istud
2663 4159 3086 4241 supercilium
3133 4157 3541 4242 deposueris,
3600 4172 3667 4225 et
3703 4160 3970 4245 linguae
4013 4161 4386 4227 amarulen-

2444 4247 2621 4311 tiam.
2710 4246 2892 4329 Ergo
2934 4246 2990 4312 si
3031 4244 3107 4308 in
3149 4246 3429 4330 gratiam
3484 4245 3821 4312 nobiscum
3873 4245 4088 4312 redire
4129 4248 4387 4314 animus

2443 4342 2562 4409 est,
2609 4332 2826 4415 parati
2868 4350 3097 4395 sumus
3132 4331 3215 4395 ad
3259 4339 3328 4395 te
3374 4330 3918 4414 amplexandum:
3973 4355 4183 4416 neque
4237 4332 4389 4400 dee-

2443 4418 2652 4483 rimus
2693 4416 2850 4482 ullis
2892 4415 3140 4491 officiis,
3193 4416 3406 4498 quoad
3451 4416 3711 4482 dabitur
3749 4417 4042 4484 facultas.
4134 4419 4388 4486 Verum

2443 4503 2516 4567 in
2560 4502 2742 4567 illam
2787 4521 2984 4584 quam
3030 4522 3069 4566 a
3111 4500 3297 4567 nobis
3341 4501 3552 4585 exigis
3595 4503 3980 4585 pactionem,
4024 4506 4136 4588 qui
4180 4507 4385 4588 possi·

2442 4609 2590 4653 mus
2634 4585 3072 4653 descendere?
3131 4597 3208 4651 ut
3250 4584 3366 4651 tibi
3404 4587 3650 4653 scilieet
3697 4589 4034 4655 eeclesiam
4088 4592 4218 4656 iam
4275 4591 4384 4656 de-

2442 4671 2920 4756 spondeamus?
3008 4671 3307 4736 Primum
3353 4672 3659 4738 ecclesiae
3704 4695 3832 4739 non
3876 4684 4033 4740 sunt
4074 4677 4260 4742 nobis
4301 4674 4386 4740 ad

2442 4779 2717 4823 manum
2760 4760 2930 4824 sicut
2973 4757 3173 4836 nosti3
3233 4755 3464 4822 deinde
3519 4778 3647 4841 qua
3701 4762 4099 4827 conscientia
4151 4761 4219 4826 id
4264 4760 4386 4826 tibi

2444 4842 2931 4926 polliceremur,
3011 4851 3359 4925 antequam
3423 4841 3505 4907 de
3567 4846 3990 4912 consensione
4053 4845 4385 4913 doetrinae

2445 4929 2741 4995 constet?
2845 4929 2994 4994 Non
3051 4927 3422 4994 dissimulas
3475 4939 3544 4993 te
3600 4949 3642 4994 a
3691 4930 3881 4996 nobis
3940 4930 4151 4997 adhuc
4196 4931 4384 4998 dissi·

2447 5013 2631 5080 dere:
2693 5025 2759 5079 et
2802 5026 3024 5079 tamen
3083 5015 3183 5080 vis
3227 5014 3445 5080 locum
3490 5015 3607 5079 tibi
3651 5014 3966 5082 destinari
4009 5016 4093 5081 ad
4149 5014 4385 5084 docen-

2447 5101 2621 5164 dum.
2712 5099 2814 5165 Tu
2876 5099 3016 5181 ipse
3072 5098 3399 5182 perpende
3454 5109 3853 5185 quantopere
3911 5101 4084 5166 istud
4142 5100 4381 5167 deceat.

2444 5184 2585 5251 Nos
2630 5205 2788 5250 vero
2831 5184 3176 5268 plusquam
3220 5187 3475 5267 stipites
3511 5187 3745 5251 merito
3789 5186 4129 5266 iudicares,
4176 5189 4232 5252 si
4267 5187 4386 5254 tibi

2440 5272 2968 5354 obsequeremur.
3072 5269 3162 5336 Ut
3224 5270 3421 5336 finem
3487 5270 3838 5355 aliquando
3901 5273 4164 5351 faciam,
4234 5283 4387 5357 peto

2447 5356 2564 5422 abs
2607 5364 2691 5434 te,
2753 5367 2831 5422 ut
2872 5357 3090 5420 animo
3135 5356 3493 5439 composito
3538 5379 3612 5424 ae
3657 5356 3879 5423 sedato
3922 5375 4139 5424 tecum
4186 5360 4386 5444 dispi-
