5050 6167
676 377 802 442 683

676 563 795 631 des
836 569 910 628 ut
952 560 1036 627 ad
1092 562 1365 625 fratrem
1418 560 1718 643 perferat.
1819 557 2019 635 Vale,
2077 567 2146 623 et
2198 578 2425 623 omnes
2479 558 2627 622 ist-ic

680 649 937 716 salvere
979 646 1155 724 iube,
1216 656 1401 709 tuam
1447 646 1808 728 coniugem,
1861 643 2292 721 Gens-stonum,
2337 641 2625 708 Bernar-

677 735 899 802 dinum
940 739 1008 797 et
1050 752 1268 816 symm
1317 740 1452 796 stas
1509 751 1759 796 omnes.
1850 729 2074 795 Nostri
2117 736 2181 794 te
2223 749 2450 794 omnes
2494 727 2625 792 sal-

678 841 835 888 vum
879 818 1167 901 cupiunt.
1323 816 1586 892 eocomi,
1635 819 1733 879 23.
1779 814 2120 880 Februarii
2172 817 2351 878 1544.

1702 953 1885 1017 Tuus
1929 957 2106 1015 totus
2149 948 2469 1015 Farellus.

1447 1242 1854 1255 —

1576 1461 1730 1533 535.

1155 1614 1651 1686 POLLANUS
1697 1614 2131 1682 CALVINO.

854 1790 1369 1875 Evanqelioorum
1411 1789 1483 1852 in
1532 1786 1862 1853 Flandria
1895 1791 2095 1853 status
2129 1791 2183 1852 et
2224 1786 2437 1866 dubia,
2487 1784 2630 1852 Gaz-

679 1877 817 1945 vim‘
859 1877 1084 1943 libellis
1123 1881 1252 1940 tam
1293 1874 1560 1939 excitata
1602 1892 1792 1954 quam
1839 1872 2147 1938 solvenda.
2236 1872 2477 1938 Buceri
2518 1893 2629 1937 no-

679 1983 875 2116 ma
885 1982 1057 2046 opus.
1146 1960 1412 2044 Neyotia
1451 1960 1709 2042 privata
1762 1959 2069 2040 quaedam
2133 1958 2421 2025 Genevae
2471 1962 2630 2024 trao-

966 2217 1079 2282 (Ex
1112 2214 1449 2285 autographo
1486 2210 1615 2268 Cod.
1651 2213 1851 2268 Genev.
1888 2211 2005 2279 112,
2042 2214 2136 2268 fol.
2172 2212 2321 2281 215.)

846 2404 1425 2472 Praestantissimo
1460 2401 1782 2485 evangelii
1826 2398 2345 2466 administratori
2386 2401 2630 2485 magis-

678 2498 785 2561 tro
838 2511 914 2558 ac
1015 2489 1146 2555 atri
1199 2491 1272 2553 in
1326 2487 1594 2554 Christo
1650 2485 2103 2553 colendissimo
2145 2487 2429 2552 Domino
2484 2507 2630 2552 meo

677 2575 913 2643 Ioanni
1015 2575 1234 2641 alvino

2116 2655 2443 2723 Genevae.

853 2795 924 2863 S.
970 2796 1045 2861 P.
1114 2796 1436 2879 Magister
1494 2802 1564 2858 et
1619 2800 1807 2876 pater
1861 2793 1934 2857 in
1986 2792 2252 2858 Christo
2308 2792 2627 2858 colendis-

679 2882 863 2951 sime.
952 2881 1283 2947 Mirabere
1340 2879 1620 2946 forsitan
1673 2877 1841 2961 quod
1899 2884 2036 2942 tam
2077 2878 2486 2944 familiariter
2528 2886 2627 2943 te-

676 2986 828 3034 cum
873 2988 1084 3051 agam.
1172 2966 1428 3030 Verum
1470 2964 1540 3030 id
1575 2963 1972 3029 condonabis
2015 2962 2187 3028 iusto
2230 2963 2438 3030 dolori
2480 2986 2627 3030 meo

676 3074 872 3138 quem
913 3073 1126 3135 nuper
1179 3052 1397 3133 accepi
1449 3072 1532 3115 ex
1589 3051 1869 3114 fratrum
1911 3048 2152 3128 literis,
2211 3051 2322 3132 qui
2378 3051 2450 3114 in
2494 3050 2625 3116 dis-

674 3139 978 3225 persione
1037 3136 1292 3220 degunt
1338 3136 1412 3200 in
1464 3133 1783 3200 Flandria
1834 3134 2147 3200 inferiori.
2177 3136 2225 3219 ¹)
2325 3136 2627 3201 Primum

675 3222 763 3290 ad
804 3243 911 3288 me
954 3223 1358 3305 scripserunt
1414 3220 1495 3285 de
1536 3229 1863 3304 postremo
1902 3219 2018 3284 illo
2063 3228 2178 3285 tuo
2221 3240 2548 3305 responso,
2567 3222 2625 3305 ²)

674 3308 823 3393 quis
865 3308 1204 3373 convictus
1248 3327 1393 3372 esse
1436 3307 1642 3389 possit
1665 3305 2061 3371 Christianis
2085 3304 2427 3374 Christum
2472 3327 2627 3372 vere

674 3390 1180 3478 agnoscentibus
1234 3412 1385 3457 cum
1438 3392 1519 3456 iis
1562 3392 1677 3474 qui
1729 3391 1801 3455 in
1860 3398 2102 3474 papatu
2154 3398 2325 3457 sunt.
2428 3390 2626 3458 Certe

674 3477 853 3544 enim
909 3497 1058 3560 ego,
1124 3477 1235 3559 qui
1287 3496 1708 3559 quaecunque
1762 3475 1854 3540 ibi
1912 3476 2140 3542 scribis
2196 3476 2623 3560 approbarem

673 3561 913 3640 omnia,
950 3581 1025 3626 ac
1066 3580 1372 3644 cuperem
1413 3561 1539 3628 hoc
1582 3561 1784 3626 semel
1826 3561 2127 3628 omnibus
2171 3583 2311 3627 esse
2354 3583 2623 3645 persua-

670 3668 838 3726 sum,
884 3647 1034 3712 misi
1119 3646 1392 3731 rincipio
1436 3646 1519 3712 ad
1552 3644 1700 3711 illos
1734 3647 2071 3730 exemplar
2102 3669 2301 3713 manu
2337 3648 2623 3731 descrip-

669 3739 847 3800 tum:
914 3731 1065 3797 dein
1112 3754 1148 3798 e
1190 3732 1313 3797 feci
1357 3738 1432 3797 ut
1487 3752 1564 3797 eo
1610 3731 2024 3798 deferrentur
2064 3733 2212 3816 plus
2255 3754 2452 3816 quam
2498 3733 2618 3798 du·

667 3818 843 3887 conti
886 3816 1036 3884 libri
1080 3817 1402 3899 impressi.
1470 3818 1759 3883 Tametsi
1802 3819 1979 3883 enim
2021 3838 2143 3903 ego
2185 3826 2291 3896 (ut
2331 3820 2620 3902 ingenue

666 3903 878 3970 fatear
932 3901 1107 3985 apud
1175 3910 1242 3967 te
1301 3924 1341 3967 a
1409 3923 1535 3986 quo
1586 3904 1821 3987 corrigi
1889 3914 1957 3968 et
2019 3904 2319 3988 castigari
2384 3902 2617 3987 velim)

665 4007 929 4070 semper
970 4007 1048 4052 eo
1106 3988 1203 4052 fui
1243 3989 1540 4072 ingenio,
1595 3998 1672 4054 ut
1714 3990 1829 4072 qui
1872 3989 2035 4053 mihi
2091 4010 2222 4054 non
2279 4009 2615 4071 parcerem

668 4072 817 4139 aliis
858 4071 1257 4155 parcendum
1292 4081 1624 4157 putarem:
1669 4083 1748 4139 ut
1790 4075 1946 4140 dum
1982 4095 2051 4140 se
2093 4074 2499 4140 abstinerent
2534 4075 2614 4139 ab

665 4156 752 4225 iis
790 4158 1091 4224 omnibus
1135 4178 1300 4240 quae
1343 4160 1584 4225 scirent
1638 4160 1984 4226 manifeste
2041 4160 2374 4225 adversari
2415 4160 2616 4225 verbo

666 4249 737 4311 et
778 4242 1096 4309 voluntati
1140 4244 1286 4320 Dei,
1340 4244 1412 4309 in
1457 4246 1695 4329 quibus
1733 4247 2079 4329 praecipue
2121 4252 2355 4329 regnat
2394 4246 2612 4322 missa,

664 4336 923 4397 caetera
976 4328 1103 4411 ipsi
1161 4327 1492 4395 moderate
1550 4340 1823 4415 agerent
1838 4382 1853 4410 ,
1913 4331 2272 4414 darentque
2326 4350 2610 4414 operam,

665 4420 746 4480 ut
784 4413 1102 4479 familiam
1144 4415 1453 4497 privatim
1509 4416 1928 4482 instituerent
1982 4415 2278 4483 doctrina
2335 4425 2403 4481 et
2453 4417 2611 4494 vita,

663 4505 959 4567 caeteros
1001 4499 1233 4565 saltem
1276 4501 1432 4581 vita,
1488 4501 1546 4568 si
1588 4522 1721 4567 non
1766 4500 2060 4568 doctrina
2102 4501 2432 4567 auderent.
2520 4501 2615 4567 Et

662 4583 935 4651 memini
977 4585 1326 4666 interdum,
1369 4608 1567 4670 quum
1611 4586 1824 4654 adhuc
1865 4587 2000 4654 illic
2035 4608 2265 4666 essem,
2285 4588 2342 4670 ⁸)
2387 4593 2612 4653 coetus

716 4786 844 4850 m.
881 4787 940 4852 1)
986 4786 1140 4844 Unde
1172 4791 1289 4858 ipse
1321 4789 1592 4845 Pollam
1626 4791 1897 4846 oriundus
1930 4796 2072 4857 erat,
2108 4791 2227 4846 scil.
2267 4789 2479 4845 Ianalis
2509 4806 2610 4844 na-

664 4861 772 4912 m.
852 4856 1366 4914 IbietDuaeiet
1418 4857 1934 4930 Z'ornaeialiiequo
1988 4859 2613 4927 inloeiseotempore

661 4924 856 4995 naam·
884 4931 1062 4980 motus
1085 4928 1319 4994 suerunt
1349 4927 1416 4983 de
1447 4927 1710 4997 reziqiom
1742 4928 2081 4984 emendanda
2115 4934 2166 4982 et
2199 4944 2237 4982 a
2271 4928 2487 4983 Bucero
2516 4942 2609 4995 pe·

661 4995 922 5118 m
938 4995 1049 5132 >qui
1103 4995 1353 5051 cedma
1395 4996 1736 5053 ordfflarmt.
1821 4998 1996 5065 (Hiet.
2045 4998 2142 5052 des
2189 4997 2445 5068 Μονίμη
2489 4993 2608 5049 127.

867 5128 929 5197 2)
967 5131 1118 5186 Petit
1155 5131 1370 5187 Traicte'
1404 5139 1496 5189 otc.
1573 5133 1712 5204 Opp.
1763 5134 1858 5191 VI.
1894 5133 1998 5188 537
2034 5148 2175 5204 seqq.

835 5198 927 5282 ⁸8)
965 5202 1130 5256 Anno
1187 5198 1322 5254 1543
1383 5202 1574 5270 patria
1628 5204 1821 5260 relicta
1878 5203 2303 5273 Argentoratum
2356 5201 2497 5272 fuya
2553 5216 2610 5256 se

2216 368 2741 438 EPIS'POLAE
2788 372 2911 433 534
2924 406 3009 419 -
3025 371 3146 433 537

4544 374 4662 438 684

2726 555 3019 639 publicos
3062 555 3209 621 illos
3251 555 3741 621 commendasse
3786 563 4049 640 propter
4094 557 4220 622 Dei
4261 557 4661 640 promissum,

2728 642 2899 725 quod
2921 641 3106 706 nullo
3141 640 3482 706 hominum
3509 642 3716 707 abusu
3750 644 3986 707 scirem
4020 644 4352 707 evacuari:
4390 645 4661 711 maxime

2728 749 2929 811 quum
2972 727 3301 791 crederem
3365 728 3492 802 (uti
3538 727 3752 793 adhuc
3793 726 4014 813 credo)
4056 728 4130 792 in
4172 727 4460 793 coetibus
4501 731 4661 796 eius·

2728 812 2904 877 modi
2975 813 3395 895 quantumvis
3451 813 4017 896 superstitionibus
4082 812 4478 898 deturpatis,
4540 816 4661 881 imo

2730 900 3089 981 oppressis,
3148 918 3291 962 esse
3347 920 3476 963 non
3522 918 3761 979 paucos
3803 900 4110 963 timentes
4154 897 4371 964 Deum
4418 908 4483 964 et
4521 921 4664 967 con-

2729 987 2991 1049 fitentes
3035 982 3393 1060 Christum,
3439 984 3549 1064 qui
3592 982 3763 1066 quod
3804 996 4060 1049 caetera
4101 991 4376 1066 peccant
4416 985 4485 1049 id
4520 1006 4664 1052 vere

2728 1069 2998 1151 paulina
3039 1070 3413 1152 ignorantia
3445 1069 3701 1133 faciant.
3772 1071 4086 1135 Attamen
4119 1091 4240 1153 ego
4277 1070 4662 1149 maluissem,

2730 1155 2789 1219 si
2831 1155 2975 1218 fieri
3018 1155 3354 1236 potuisset,
3399 1155 3712 1236 privatim
3757 1155 3995 1220 fratres
4040 1156 4419 1234 convenire,
4480 1166 4666 1239 atque

2729 1240 3033 1323 precibus
3078 1240 3529 1305 communibus
3573 1250 3639 1303 et
3682 1241 3884 1306 verbo
3919 1261 4182 1322 operam
4228 1241 4401 1306 dare.
4467 1242 4667 1325 quue

2730 1324 2889 1389 adeo
2911 1324 3226 1391 faciebam
3258 1325 3430 1408 quod
3466 1346 3728 1390 vererer
3761 1325 3935 1409 ipsos
3958 1326 4226 1390 omnino
4257 1327 4399 1391 ficri
4434 1326 4665 1409 ἀθέους,

2729 1409 2899 1493 quod
2940 1410 3074 1475 iam
3129 1411 3198 1474 in
3255 1409 3580 1493 plerisque
3632 1431 4107 1493 perspexeram.
4207 1412 4393 1478 Haec
4447 1412 4667 1478 eadem

2729 1496 2827 1560 illi
2869 1496 2951 1561 ad
2995 1517 3101 1560 me
3144 1496 3581 1578 scripserunt:
3628 1495 3860 1561 deinde
3903 1498 4100 1561 etiam
4143 1499 4365 1561 testati
4408 1506 4565 1563 sunt
4604 1519 4672 1564 se

2730 1582 3023 1665 graviter
3065 1589 3439 1659 commotos,
3484 1581 3653 1663 quod
3679 1581 3972 1647 viderere
4007 1602 4267 1647 omnem
4304 1585 4669 1649 convictum

2730 1677 2796 1732 et
2849 1666 3394 1733 cohabitationem
3438 1666 3752 1733 damnare
3795 1668 4223 1750 acerbiusque
4277 1669 4667 1752 vituperare.

2732 1752 2884 1817 Non
2926 1751 3127 1816 alium
3170 1751 3293 1817 sibi
3335 1773 3513 1817 nunc
3554 1752 3762 1818 videri
3820 1753 4126 1819 ecclesiae
4177 1762 4425 1818 statum
4483 1775 4671 1838 quam

2731 1838 2858 1902 fuit
2909 1836 3202 1902 iudaicae
3258 1837 3330 1901 in
3393 1837 3789 1920 captivitate.
3877 1836 4134 1903 Deinde
4199 1840 4555 1923 rogabant,
4619 1839 4674 1904 si

2731 1924 3035 2005 fugerent
3077 1932 3190 1987 aut
3244 1920 3680 2001 discederent,
3735 1926 4228 1989 commonstrari
4271 1926 4402 1989 illis
4463 1924 4675 1991 locum

2733 2007 2847 2073 ubi
2889 2017 3159 2090 possent
3192 2007 3457 2073 Christo
3500 2008 3793 2075 securius
3836 2010 4080 2075 vivere.
4150 2009 4345 2075 Certe
4381 2031 4524 2095 ego,
4568 2010 4676 2094 qui

2734 2101 2982 2157 statum
3023 2092 3442 2158 ecclesiarum
3486 2104 3862 2160 nostrarum
3912 2095 4042 2158 iam
4087 2097 4424 2178 conspexi,
4484 2117 4677 2179 cupe-

2733 2198 2874 2242 rem
2919 2176 3220 2259 equidem
3254 2198 3480 2243 omnes
3517 2178 3626 2245 hic
3661 2201 3819 2246 esse.
3886 2179 4140 2245 Verum
4176 2202 4380 2263 quum
4419 2179 4677 2246 videam

2734 2284 2928 2345 quam
2963 2262 3402 2330 adversariam
3440 2283 3705 2329 carnem
3740 2266 4289 2345 circumferamus,
4327 2288 4528 2348 quam
4562 2266 4678 2330 ali-

2734 2347 2993 2430 quando
3038 2347 3241 2412 multo
3283 2350 3492 2433 magis
3535 2350 3800 2433 expedit
3841 2352 4051 2433 premi
4092 2352 4448 2436 tyrannide
4483 2371 4680 2435 quam

2732 2434 2937 2499 libero
2981 2453 3210 2516 campo
3253 2435 3414 2512 frui,
3471 2433 3704 2501 deinde
3761 2456 3891 2502 non
3944 2436 4217 2520 ignarus
4259 2458 4461 2519 quam
4516 2436 4679 2501 mihi

2733 2518 2813 2583 ad
2860 2518 3030 2583 hanc
3071 2540 3212 2584 rem
3254 2531 3428 2584 esset
3461 2523 3677 2586 tenuis
3720 2521 4043 2604 supellex:
4090 2523 4214 2588 feci
4258 2522 4430 2604 quod
4476 2521 4679 2606 potui,

2731 2604 3030 2670 hortatus
3071 2604 3219 2670 illos
3262 2625 3408 2670 sum
3448 2604 3532 2670 ad
3574 2607 4007 2673 constantiam
4050 2614 4118 2671 et
4161 2609 4551 2690 patientiam
4586 2615 4682 2671 at-

2730 2711 2855 2773 que
2914 2690 3111 2755 fidem
3168 2691 3241 2754 in
3299 2690 3657 2756 Christum.
3760 2692 4093 2757 Admonui
4148 2693 4344 2757 etiam
4417 2701 4495 2759 ut
4560 2691 4681 2757 sibi

2729 2786 3038 2841 caverent
3079 2797 3165 2840 ne
3207 2774 3392 2842 falsis
3428 2779 3641 2843 carnis
3675 2778 4044 2861 praestigiis
4087 2779 4299 2843 etiam·
4331 2780 4503 2843 forte
4546 2778 4683 2862 pie-

2730 2868 2866 2926 tate
2923 2860 3193 2944 depictis
3248 2881 3320 2926 se
3375 2861 3656 2928 fallendo
3722 2872 4141 2946 exponerent.
4241 2865 4685 2930 Instituerent

2729 2953 2976 3013 rectam
3032 2948 3206 3013 viam
3261 2945 3533 3012 Domini
3589 2969 3848 3030 semper
3897 2949 4152 3032 insequi
4169 3000 4185 3028 ,
4253 2969 4686 3032 quaecunque

2730 3053 2801 3098 se
2843 3033 3076 3098 offerat
3118 3032 3399 3098 afflictio.
3489 3033 3718 3116 Neque
3772 3033 3905 3098 ulla
3961 3055 4075 3117 spe
4120 3044 4235 3099 aut
4277 3043 4466 3101 metu
4512 3036 4684 3101 sine-

2730 3124 2880 3182 rent
2942 3137 3012 3182 se
3077 3117 3425 3196 dimoveri,
3492 3128 3568 3184 ut
3634 3118 3741 3185 vel
3798 3120 4143 3184 minimum
4206 3141 4328 3185 sua
4384 3141 4682 3204 corpora,

2729 3203 2935 3267 multo
2978 3203 3195 3268 minus
3238 3212 3531 3269 mentem
3574 3204 3867 3270 sinerent
3908 3204 4043 3270 ullo
4085 3205 4500 3272 idololatriae
4548 3226 4683 3272 sce-

2730 3288 2864 3353 lere
2906 3296 3144 3372 petere.
3231 3287 3315 3353 Id
3356 3289 3524 3372 quod
3570 3310 3700 3368 oro,
3756 3290 3944 3356 brevi
3987 3290 4201 3373 aliquo
4244 3292 4495 3375 scripto
4542 3291 4683 3373 dig-

2729 3374 2905 3440 neris
2948 3372 3031 3439 ad
3073 3395 3296 3439 eorum
3348 3375 3649 3440 solatium
3705 3375 3937 3441 facere.
3958 3377 4015 3458 ⁴)
4104 3377 4205 3442 De
4259 3378 4505 3460 quibus
4563 3395 4683 3460 ego

2728 3460 2853 3524 hoc
2899 3466 3101 3526 testor
3142 3460 3210 3523 in
3254 3458 3569 3538 Domino,
3622 3460 3764 3543 pios
3820 3481 3961 3526 esse
4014 3462 4357 3545 plerosque
4414 3470 4487 3528 et
4530 3481 4682 3527 vere

2727 3544 2950 3610 Deum
2992 3552 3301 3624 metuere,
3347 3546 3652 3628 omnique
3694 3544 3909 3611 studio
3945 3568 4015 3613 se
4058 3548 4141 3613 ab
4176 3549 4358 3612 omni
4402 3546 4681 3615 idolola-

2729 3631 2895 3695 triae
2941 3631 3155 3713 specie
3200 3631 3544 3696 abstinere.

2894 3716 3135 3781 Postea
3178 3724 3503 3780 venerunt
3554 3737 3594 3781 a
3636 3717 4155 3784 Tornacensibus
4209 3726 4276 3783 et
4320 3717 4683 3785 Vallence-

2724 3801 3040 3866 nensibus
3084 3801 3318 3866 fratres
3384 3800 3511 3866 duo
3568 3802 3753 3866 nobis
3809 3804 4120 3868 miserum
4174 3811 4431 3869 statum
4474 3802 4681 3871 eccle-

2722 3886 2967 3951 siarum
3014 3884 3185 3968 apud
3228 3887 3407 3969 ipsos
3442 3896 3856 3969 exponentes.
3923 3888 4030 3953 Ad
4074 3909 4235 3970 quas
4267 3887 4355 3954 D.
4384 3889 4683 3956 Buoerus

2721 3970 3237 4036 exhortationem
3291 3981 3359 4036 et
3414 3971 3921 4038 consolationem
3965 3974 4244 4056 scripsit.
4336 3976 4556 4041 Plura
4599 3974 4677 4037 dc

2719 4078 2794 4121 eo
2838 4057 3120 4122 scribere
3164 4077 3297 4122 non
3339 4065 3533 4123 vacat
3575 4079 3694 4142 per
3727 4058 3962 4140 ipsum,
4009 4060 4120 4141 qui
4157 4080 4278 4125 nos
4314 4060 4407 4126 ad
4442 4080 4681 4144 operas

2717 4141 2870 4206 libri
2925 4142 3023 4207 sui
3083 4142 3397 4208 adversus
3451 4144 3784 4208 Latomum
3855 4158 4060 4210 vocat.
4080 4146 4138 4225 ⁵)
4235 4146 4413 4211 Rem
4471 4154 4680 4212 totam

2716 4247 3063 4311 cognosces
3117 4248 3202 4292 ex
3257 4229 3516 4311 scriptis
3559 4249 3784 4294 eorum
3840 4250 4009 4312 quae
4063 4230 4144 4295 ad
4201 4237 4267 4295 te
4310 4232 4548 4310 mitto,
4607 4241 4679 4294 ut

2716 4332 3066 4396 cognoscas
3110 4312 3389 4378 fratrum
3434 4321 3805 4379 nostrorum
3844 4315 4194 4395 miseriam,
4237 4337 4315 4382 ac
4360 4318 4678 4382 misertus

2715 4418 2941 4462 eorum
2966 4397 3314 4480 aliquando
3336 4398 3485 4464 illos
3520 4401 3759 4482 scripto
3794 4401 4165 4466 consoleris.
4214 4402 4294 4466 D.
4341 4402 4598 4468 Vendel.
4621 4404 4673 4477 ⁶)

2919 4653 2980 4718 4)
3026 4652 3186 4724 Quod
3217 4661 3268 4709 et
3295 4654 3429 4720 fecit
3460 4654 3630 4710 altero
3662 4655 3836 4711 libello
3868 4655 4042 4711 edito.-
4075 4657 4289 4711 Excuse
4314 4656 4351 4711 a
4370 4658 4675 4713 Hemieurs

2714 4724 2793 4847 ljevs
2842 4722 3210 4844 Νἰεὲἲᾶθωίωε
3247 4728 3338 4778 etc.
3377 4722 3550 4793 (Opp.
3597 4724 3692 4779 VI.
3737 4722 3841 4777 589
3874 4727 3974 4789 se.)
4024 4728 4093 4792 el.
4137 4724 4369 4780 Pollam·
4419 4727 4537 4796 Ep.
4582 4724 4667 4778 28.

2777 4807 2858 4846 ov.
3031 4828 3045 4840 .
4216 4824 4221 4829 .

2917 4858 2979 4924 5)
3018 4858 3213 4913 Barth.
3250 4859 3517 4914 Latonius
3554 4861 4048 4929 Luoeemburqensis
4079 4863 4225 4930 prof.
4270 4862 4677 4919 humaniorum

2717 4926 2971 4983 Coloniae
2994 4926 3267 4996 Friburyi
3296 4935 3346 4982 et
3368 4929 3624 4997 Parisiis,
3659 4928 3796 4984 1541
3836 4930 4079 4986 Electori
4121 4930 4442 4986 stavit-evm·
4475 4949 4515 4987 a
4550 4948 4671 4987 oon·

2711 4996 2853 5051 siliis
2887 5001 3079 5052 contra
3114 4997 3387 5051 Buccrum
3431 5003 3482 5051 ee
3527 4999 3965 5065 reformationem
4005 4999 4379 5055 coloniensem
4428 5002 4670 5069 σαίρειν.

2718 5063 2826 5119 Oai
2854 5065 2944 5119 hic
2975 5064 3259 5133 respondit
3299 5067 3361 5119 in
3394 5065 3562 5120 libro.-
3607 5066 3821 5136 Scripta
3864 5069 3971 5123 duo
4007 5069 4319 5122 adversaria
4354 5070 4429 5124 D.
4469 5071 4532 5123 B.
4570 5070 4671 5123 La-

2712 5134 2847 5187 tomi
2882 5139 2940 5187 et
2957 5133 3028 5187 M.
3049 5133 3247 5188 Buceri
3280 5133 3348 5187 de
3382 5134 3785 5205 dispensatione
3801 5137 4171 5204 eucharistiae,
4206 5136 4274 5191 de
4309 5137 4672 5192 invocatione

2712 5203 2959 5256 divorum
2995 5208 3099 5259 etc.
3117 5206 3166 5256 Δ
3237 5239 3250 5254 .
3270 5202 3444 5257 Bihcl.
3518 5203 3872 5272 Praefationi
3901 5206 4224 5275 maor-speie
4255 5205 4308 5261 d.
4350 5206 4425 5261 12
4448 5206 4675 5263 Man-m.

2916 5269 2977 5339 6)
3025 5220 3349 5327 Ῡοηόξῖίωιε
3384 5271 3637 5329 Bibolius
3669 5275 4054 5345 typoqraphas.
