5050 6167
564 453 691 518 339

562 645 642 704 ut
696 644 1036 704 teneamus
1052 687 1069 714 ,
1138 636 1250 718 qui
1302 635 1364 699 le
1414 635 1580 699 11161
1642 634 1779 701 6161
1843 645 2109 700 6661166
2162 634 2522 700 vocationis

563 725 846 790 fructus:
893 721 1208 787 nimirum
1250 730 1327 786 ut
1415 722 1476 786 61
1509 720 1714 785 verbo
1750 740 1862 786 cor
1891 730 2187 786 nostrum
2233 730 2300 784 et
2332 740 2523 785 mens

566 810 766 875 etiam
824 808 1404 884 transformentur,
1473 816 1550 870 ut
1606 807 1815 890 gloria
1866 807 2139 871 Domini
2206 808 2278 870 in
2336 804 2523 871 nobis

565 895 911 974 elucescat,
954 914 1120 976 quae
1164 893 1234 956 in
1276 893 1675 976 integritate,
1719 892 2112 969 innocentia,
2170 892 2523 957 sanctitate

567 980 883 1047 consistit.
971 978 1105 1046 Ubi
1163 979 1295 1044 ista
1338 998 1475 1041 non
1518 984 1813 1054 exstant,
1873 997 2119 1042 vanum
2175 985 2278 1042 est
2319 998 2522 1042 evan-

568 1067 725 1151 gelii
766 1085 1027 1143 nomen,
1072 1073 1141 1128 et
1184 1064 1399 1128 inanis
1433 1062 1612 1127 illius
1656 1064 1986 1145 professio,
2077 1061 2273 1143 Quod
2318 1062 2524 1146 igitur

563 1153 779 1218 facere
820 1150 1105 1233 coepisti,
1149 1150 1242 1214 ita
1284 1148 1589 1231 deinceps
1624 1168 2030 1230 persequere,
2076 1158 2152 1213 ut
2194 1168 2358 1232 opus
2393 1148 2521 1211 Dei

567 1237 937 1322 provectius
980 1237 1051 1299 in
1096 1243 1160 1299 te
1203 1233 1465 1318 agnosci
1512 1234 1732 1316 possit.
1823 1235 2078 1298 Iterum
2117 1253 2277 1299 vero
2323 1232 2521 1298 huius

568 1343 749 1387 meae
805 1322 1046 1386 liberae
1101 1329 1168 1385 et
1223 1321 1515 1386 sincerae
1568 1318 2032 1384 admonitionis
2087 1321 2348 1385 veniam
2408 1318 2520 1383 de-

565 1427 816 1493 precor.
906 1407 1010 1472 De
1054 1405 1379 1470 scandalis
1404 1405 1455 1490 ¹)
1515 1404 1573 1469 si
1625 1404 1781 1487 quid
1835 1406 2115 1487 amplius
2169 1402 2518 1482 desideras,

566 1502 643 1559 ut
684 1504 932 1558 certam
986 1491 1165 1557 viam
1217 1492 1391 1555 inter
1449 1490 1784 1556 anfractus
1838 1492 2000 1556 istos
2046 1499 2299 1568 teneas,
2353 1489 2519 1555 dabo

566 1599 863 1662 operam,
924 1585 1000 1641 ut
1055 1577 1313 1660 plenius
1356 1577 1556 1641 etiam
1599 1596 1639 1639 a
1681 1597 1786 1640 me
1830 1576 1901 1640 in
1946 1584 2282 1659 posterum
2326 1576 2517 1640 satis-

565 1666 698 1729 fiat.
767 1661 878 1729 Ad
913 1683 1058 1728 eam
1103 1684 1243 1727 rem
1288 1662 1590 1745 pertinet,
1635 1682 1834 1744 quam
1871 1660 1955 1725 ad
1989 1670 2054 1726 te
2088 1664 2298 1739 mitto,
2346 1661 2516 1743 epis-

567 1749 717 1814 tola.
807 1748 885 1815 Si
931 1749 1187 1814 vacabit
1230 1748 1464 1831 legere,
1512 1748 1910 1830 appositam,
1970 1756 2044 1811 ut
2093 1766 2302 1830 spero,
2347 1746 2518 1811 iudi-

566 1835 761 1900 cabis.
853 1833 1101 1916 Scripsi
1144 1835 1341 1898 etiam
1383 1832 1678 1898 libellum
1724 1831 1804 1896 116
1848 1831 2197 1911 6666116116,
2244 1833 2354 1914 661
2399 1854 2520 1897 666

564 1921 921 1996 brevitate,
989 1930 1066 1984 ut
1107 1940 1327 2002 spem,
1387 1917 1470 1982 ad
1527 1928 1593 1981 te
1649 1918 2118 1983 consolandum
2177 1917 2330 1982 usui
2375 1938 2517 1982 6666

565 2006 830 2089 11616111,
905 2026 1108 2088 66661
1165 2003 1525 2069 doctrinam
1582 2003 1794 2084 ipsam
1852 2004 2013 2068 satis
2071 2004 2328 2086 copiose
2381 2003 2516 2068 illic

556 2112 663 2156 me
707 2090 1122 2173 complexum
1168 2111 1309 2154 esse
1353 2089 1744 2153 existimem.
1824 2088 2155 2154 Dominus
2202 2099 2265 2152 te
2309 2090 2515 2171 respi-

557 2178 688 2242 ciat
730 2176 801 2240 in
844 2179 972 2240 ista
1018 2183 1129 2239 tua
1171 2175 1570 2250 infirmitate,
1632 2183 1698 2238 et
1741 2175 2010 2257 spiritus
2053 2177 2158 2239 sui
2195 2176 2515 2239 virtutem

555 2271 738 2326 tanto
782 2262 1107 2326 efficacius
1151 2269 1427 2336 exserat,
1473 2278 1637 2340 quae
1682 2270 1748 2323 te
1786 2281 1917 2325 non
1953 2260 2172 2325 minus
2207 2260 2279 2323 in
2323 2261 2514 2324 domo

554 2348 761 2429 ipsius
800 2346 1213 2428 conspicuam
1255 2344 1503 2422 reddat,
1567 2365 1765 2427 quam
1809 2347 1880 2409 in
1924 2347 2292 2428 praesentis
2338 2347 2513 2410 vitae

556 2431 929 2498 conditione
965 2451 1164 2514 supra
1199 2431 1556 2495 multorum
1592 2442 1830 2495 sortem
1874 2451 2284 2496 communem
2322 2452 2510 2497 evec-

556 2524 690 2582 tam
738 2517 962 2581 voluit.
1054 2516 1465 2599 Genevae.‘²)

1451 3043 1602 3114 3¹75.

551 3196 981 3265 MINJSTRI
1046 3197 1623 3265 TURICENSES
1679 3196 2162 3265 MINIS'PRIS
2230 3197 2506 3264 SENA-

736 3301 894 3366 TUI
937 3301 1057 3365 ΕΤ
1102 3299 1477 3366 POPULO
1522 3300 2330 3369 NEOCOMENSIBUS.

726 3471 1132 3537 szcordiam
1175 3476 1232 3536 et
1271 3471 1832 3537 reconciliationem
1874 3474 2313 3551 commendant,
2374 3472 2505 3537 Fa-

551 3558 777 3624 rellnm
813 3556 1077 3622 laudant
1119 3562 1174 3621 et
1216 3563 1533 3634 excusant,
1578 3559 1908 3641 ipsumque
1949 3564 2091 3623 ante
2132 3560 2344 3623 omnia
2390 3580 2505 3640 ap-

536 3644 779 3726 pellant
821 3648 890 3707 ut
930 3643 1103 3707 viam
1133 3642 1318 3723 pacis
1361 3643 1624 3725 aperiat.

548 3814 772 3880 (Exstat
818 3813 875 3865 in
920 3812 1137 3865 Archiv.
1188 3813 1569 3866 Turicensibus
1621 3832 1722 3883 per
1767 3830 2150 3867 amanuensem
2197 3815 2500 3885 Bullingeri

548 3882 755 3951 scripta
790 3881 933 3934 Plut.
957 3882 1047 3935 VI.
1088 3881 1206 3935 Vol.
1246 3882 1344 3934 105
1380 3883 1508 3935 olim
1545 3884 1684 3954 Epp.
1724 3884 1784 3938 Τ.
1818 3885 1864 3937 I.
1899 3884 1990 3936 fol.
2028 3882 2147 3937 337.
2185 3913 2250 3922 —-
2289 3885 2501 3938 Simler.

892 3950 1015 4003 Vol.
1050 3947 1135 4003 50.
1208 3951 1284 4005 cf.
1322 3951 1665 4017 Kirchhofer,
1702 3952 1862 4006 Farel
1897 3951 1967 4005 11.
2004 3950 2120 4018 41.)

542 4136 977 4203 Fidelissimis
1021 4139 1441 4203 ecclesiarum
1484 4140 1825 4217 ministris,
1883 4140 2242 4218 Praefecto,
2290 4139 2498 4206 Sena-

543 4224 638 4288 tui
682 4223 945 4307 utrique
989 4223 1234 4307 totique
1269 4225 1511 4307 populo
1546 4225 1719 4308 apud
1741 4227 2142 4291 Neocomum
2187 4227 2499 4293 fratribus

778 4329 852 4374 ac
895 4310 1202 4375 Dominis
1246 4311 1598 4376 carissimis
1643 4311 2266 4395 colendissimisque.

712 4445 1017 4511 Gratiam
1063 4454 1132 4511 et
1175 4447 1349 4512 vitae
1388 4446 1836 4514 innocentiam
1878 4469 1919 4512 a
1961 4449 2266 4514 Domino.
2360 4447 2499 4514 Do·

547 4587 760 4594 --—-—-——
819 4587 954 4593 --...-.-..

591 4668 797 4728 374ὺί6
857 4668 907 4730 1)
945 4667 1070 4721 vide
1104 4683 1247 4734 quae
1279 4670 1592 4723 monuimus
1623 4670 1688 4723 in
1718 4668 1902 4735 fronte
1934 4669 2106 4723 huius
2140 4671 2418 4738 epistolae.

751 4737 810 4792 2)
853 4736 942 4789 De
976 4741 1155 4789 aetate
1188 4737 1451 4805 epistolae
1501 4738 1615 4791 iam
1650 4739 1790 4792 satis
1825 4739 2086 4792 diximus.
2155 4740 2283 4792 Hoc
2315 4746 2498 4795 tamen

543 4804 825 4859 addemus.
906 4804 975 4858 Si
1016 4821 1210 4858 revera
1256 4807 1438 4860 Besae
1482 4808 1840 4862 translatoris
1883 4823 2026 4875 opus
2072 4808 2164 4861 hic
2212 4809 2493 4878 habemus,

541 4873 703 4942 fidem
739 4874 862 4927 eius
895 4889 1009 4926 non
1044 4874 1113 4926 ab
1149 4876 1300 4928 omni
1332 4875 1650 4955 suspicione
1681 4877 1907 4931 liberam
1924 4893 2040 4932 esse
2073 4878 2347 4932 concedes.
2399 4880 2496 4933 Ita

542 4948 594 4997 et
625 4958 827 4996 nomen
864 4941 1116 4996 Genevae
1149 4959 1264 4996 non
1299 4945 1496 4996 addita
1530 4945 1644 4998 diei
1687 4952 1738 4999 et
1772 4947 1915 5000 anni
1948 4947 2353 5014 significatione
2388 4949 2492 5001 du-

540 5011 688 5065 bium
727 5027 940 5066 movere
975 5013 1211 5079 poterit,
1260 5029 1424 5079 quum
1473 5015 1777 5068 verosimile
1821 5032 1937 5069 non
1978 5017 2052 5070 sit
2089 5015 2382 5069 Calvinum
2416 5017 2494 5071 ad

541 5081 846 5135 Duc-issam
882 5081 1019 5134 adeo
1053 5083 1389 5148 neqliyenter
1421 5083 1725 5150 scripsisse.
1797 5085 1866 5140 Si
1887 5090 2071 5139 tamen
2103 5101 2300 5138 nomen
2333 5086 2492 5140 urbis

537 5151 916 5205 authenticum
961 5150 1162 5217 riserit,
1212 5155 1264 5204 et
1297 5152 1592 5218 Capitonis
1635 5169 1783 5207 mors
2122 5155 2313 5208 autori
2353 5161 2491 5210 nota

538 5235 645 5287 quo
690 5226 933 5288 tempore
977 5220 1124 5272 hanc
1166 5223 1445 5286 exaravit,
1486 5227 1646 5289 patet
1695 5239 1815 5276 eam
1853 5224 2060 5291 primis
2085 5229 2219 5293 post
2250 5224 2490 5278 reditum

534 5289 817 5344 mensibus
853 5289 1128 5343 conscribi
1171 5289 1450 5354 debuisse,
1499 5307 1673 5359 neque
1715 5292 1866 5346 ultra
1905 5294 2123 5362 primos
2159 5293 2490 5348 Novembris

536 5357 652 5412 dies
686 5359 809 5413 eius
841 5359 1103 5413 natalitia
1130 5373 1299 5427 posse
1331 5358 1560 5424 diffem.

2061 444 2591 513 EPISTOLAE
2638 448 2762 510 374
2775 444 3086 510 bis-375

4453 450 4581 513 340

2625 633 2838 699 lemus
2881 653 2966 697 ex
3009 633 3246 711 6611116,
3302 634 3538 701 fratres
3581 634 3650 699 in
3693 633 3979 699 Domino
4023 633 4431 700 dilectissimi
4472 654 4580 700 co-

2626 717 3146 801 lendissimique,
3206 719 3477 786 scissam
3520 740 3663 786 esse
3705 720 4008 784 nonnihil
4049 720 4389 786 ecclesiam
4432 741 4581 786 ves-

2629 813 2831 884 tram,
2891 804 3063 887 quod
3122 813 3303 870 certo
3346 813 3602 871 constet
3644 806 3996 871 schismate
4037 827 4169 870 non
4214 827 4357 872 esse
4402 802 4581 870 aliud

2628 890 2812 955 virus
2859 889 3268 972 pestilentius
3327 891 3653 957 ecclesiae.
3743 892 3940 956 Certe
3982 892 4311 956 Dominus
4355 899 4581 957 noster

2627 976 2814 1040 Iesus
2862 974 3171 1041 Christus
3227 976 3396 1040 nihil
3455 976 3727 1060 perinde
3779 976 4136 1042 inculcavit
4192 978 4328 1042 suis
4384 985 4580 1060 atque

2626 1063 2906 1126 fratrum
2961 1059 3372 1127 concordiam
3427 1073 3493 1126 61
3547 1063 3854 1128 666166166
3897 1063 4250 1141 6611616111,
4307 1064 4580 1128 66111616

2626 1167 2814 1211 66661
2857 1147 3176 1211 familiam
3221 1167 3339 1212 ceu
3383 1158 3539 1212 nota
3581 1148 3944 1214 certissima
3979 1149 4059 1213 ab
4096 1148 4242 1213 aliis
4276 1148 4580 1215 omnibus

2623 1232 3156 1315 interstinguens.
3224 1231 3361 1299 Sed
3400 1240 3468 1297 et
3510 1255 3628 1298 vas
3670 1234 4005 1299 electionis
4049 1234 4297 1299 Paulus
4338 1234 4420 1299 ad
4454 1234 4579 1301 1166

2624 1339 2851 1382 6111666
2892 1326 3086 1383 vocat
3129 1329 3196 1383 et
3234 1317 3305 1382 id
3362 1319 3556 1385 unice
3600 1320 3670 1384 in
3726 1322 3894 1385 votis
3953 1319 4175 1397 habet,
4236 1329 4313 1383 ut
4350 1341 4578 1386 omnes

2623 1404 2695 1466 in
2739 1403 3007 1470 Christo
3042 1426 3249 1469 unum
3288 1404 3559 1487 sapiant.
3632 1405 3823 1482 Nam,
3870 1404 4134 1470 obsecro
4168 1426 4285 1470 vos
4318 1406 4577 1486 fratres,
4680 1463 4683 1466 .

2624 1490 2733 1566 ait,
2779 1510 2900 1572 per
2941 1511 3177 1554 nomen
3227 1490 3501 1556 Domini
3541 1493 3749 1556 nostri
3791 1490 3945 1556 Iesu
3989 1491 4241 1555 Christi
4284 1498 4361 1555 ut
4402 1491 4578 1557 idem

2623 1574 2983 1657 loquamini
3022 1597 3246 1640 6161166
3290 1586 3356 1640 61
3399 1598 3530 1640 666
3577 1578 3711 1640 6161
3752 1578 3926 1641 16161
3970 1598 4085 1641 vos
4130 1576 4415 1655 dissidia,
4462 1573 4578 1643 sed

2625 1661 2773 1725 sitis
2829 1661 3166 1745 integrum
3218 1681 3480 1744 corpus,
3537 1662 3765 1727 eadem
3817 1673 4035 1727 mente
4100 1675 4167 1726 et
4228 1665 4573 1728 sententia.

2624 1746 2877 1811 Verum
2919 1747 3224 1812 inimicus
3259 1747 3490 1812 salutis
3536 1758 3798 1812 nostrae
3843 1748 3965 1813 1166
4009 1747 4389 1831 diligentius
4423 1771 4575 1815 con-

2624 1830 2881 1897 cordiae
2947 1831 3288 1898 vinculum
3347 1832 3705 1898 dissolvere
3761 1834 4026 1917 satagit,
4086 1855 4213 1916 quo
4265 1834 4577 1919 intelligit

2624 1918 2864 1982 clarius
2929 1919 2999 1981 in
3066 1920 3319 1982 unitate
3385 1928 3450 1982 et
3505 1918 3852 1984 concordia
3914 1923 4195 1984 fratrum
4250 1942 4574 1985 summam

2623 2004 2876 2068 versari
2925 2004 3262 2087 religionis
3317 2025 3549 2083 verae,
3609 2025 3803 2086 quam
3864 2006 3989 2070 1616
4045 2025 4381 2088 nunquam
4441 2026 4575 2071 non

2622 2090 2803 2171 cupit
2844 2089 3298 2155 labefactatam
3345 2098 3539 2173 atque
3581 2089 3982 2155 subversam.
4052 2091 4133 2154 Id
4177 2091 4346 2173 quod
4395 2090 4575 2158 haud

2622 2174 2815 2238 dubie
2859 2183 2927 2239 et
2970 2174 3144 2257 apud
3200 2196 3316 2240 vos
3371 2174 3673 2251 ambivit,
3732 2176 4021 2259 adeoque
4080 2186 4148 2240 61
4190 2177 4574 2259 impetravit

2622 2259 2817 2325 huius
2861 2260 3197 2337 nonnihil,
3257 2260 3427 2341 quod
3487 2270 3706 2326 tamen
3763 2282 3895 2326 non
3956 2261 4068 2326 diu
4115 2263 4453 2341 retinebit,
4514 2263 4573 2328 si

2618 2345 2811 2410 modo
2855 2368 2972 2410 vos
3015 2345 3098 2410 ad
3122 2346 3462 2410 Christum
3500 2367 3721 2430 regem
3765 2358 3833 2412 61
3854 2348 4211 2413 Dominum
4251 2359 4569 2428 nostrum,

2618 2432 2729 2513 qui
2774 2431 2958 2495 illum
3006 2432 3191 2497 nobis
3237 2432 3421 2509 vicit,
3477 2433 3807 2510 conversi,
3867 2433 4095 2497 ordino
4139 2434 4410 2516 quisque
4453 2456 4572 2501 suo

2616 2518 2895 2581 firmiter
2933 2519 3315 2595 consistens,
3361 2517 3675 2583 adversus
3709 2517 3899 2584 illum
3934 2521 4189 2584 fortiter
4236 2522 4568 2603 pugnarit,

2617 2613 2685 2667 et
2727 2602 2953 2668 fecerit
2996 2604 3282 2668 officium
3326 2604 3496 2685 quod
3556 2604 3836 2687 singulis
3896 2627 3935 2669 a
3989 2627 4243 2669 summo
4287 2607 4568 2688 impera-

2615 2695 2754 2752 tore
2795 2689 3164 2753 iniunctum
3209 2698 3325 2754 est.
3403 2690 3633 2771 Neque
3678 2691 3851 2754 euim
3898 2692 4141 2755 frustra
4185 2690 4432 2757 11161616
4471 2701 4571 2758 661

2614 2772 2696 2838 611
2741 2774 3059 2856 apostolo:
3109 2772 3369 2839 Subditi
3405 2785 3609 2839 estote
3631 2774 3794 2850 Deo,
3841 2778 4128 2841 resistite
4173 2786 4394 2841 autem
4430 2777 4569 2843 dia-

2613 2859 2760 2924 bolo
2804 2868 2873 2922 et
2914 2860 3123 2942 fugiet
3163 2880 3203 2923 a
3247 2862 3430 2925 vobis
3443 2884 3458 2938 ;
3505 2861 4026 2944 appropinquate
4049 2864 4192 2927 Deo
4229 2874 4295 2926 et
4330 2883 4566 2947 6111116-

2610 2945 2955 3028 pinquabit
2997 2946 3202 3010 vobis.

2782 3030 2968 3096 Haec
3012 3039 3232 3095 autem
3276 3042 3449 3109 sunt,
3498 3032 3748 3098 Farelle
3789 3032 3861 3096 in
3900 3031 4189 3097 Domino
4233 3033 4566 3099 carissime

2614 3124 2682 3179 et
2716 3115 3089 3181 venerande
3128 3118 3347 3196 frater,
3392 3139 3561 3199 quae
3605 3140 3645 3183 a
3680 3129 3761 3195 te,
3806 3125 3882 3181 ut
3925 3140 3964 3183 a
3998 3120 4211 3201 primo
4255 3119 4565 3185 ecclesiae

2613 3201 3080 3268 Neocomensis
3125 3211 3403 3285 pastore,
3447 3205 3724 3286 requirit
3744 3204 4100 3268 Dominus:
4147 3216 4221 3268 ut
4263 3204 4565 3271 videlicet

2612 3308 2841 3370 pascas
2903 3308 3168 3371 gregem
3235 3289 3486 3354 Christi
3555 3310 3748 3371 quem
3816 3289 4165 3372 acquisivit
4242 3292 4562 3374 sanguine

2612 3393 2747 3450 6116,
2792 3394 3022 3455 1166666
3075 3384 3292 3437 661661
3350 3375 3547 3440 verbo
3594 3375 3890 3439 veritatis
3948 3383 4016 3439 et
4069 3376 4272 3454 vitae,
4331 3398 4407 3443 ac
4461 3399 4562 3442 66-

2611 3457 2900 3523 66611616
2956 3459 3431 3524 institutionem
3485 3460 3736 3526 Christi
3798 3461 4079 3543 pastoris
4132 3462 4404 3541 summi,
4464 3462 4560 3527 di-

2610 3546 2816 3609 centis
2876 3543 2957 3608 ad
3015 3546 3336 3627 apostolos
3395 3567 3573 3610 suos:
3643 3546 3758 3612 Sic
3822 3548 4163 3628 oportebat
4222 3547 4561 3613 Christum

2609 3630 2747 3712 pati
2790 3637 2860 3695 et
2901 3651 3244 3714 resurgere
3287 3653 3327 3695 a
3371 3632 3645 3697 mortuis
3690 3632 3882 3696 tertio
3927 3632 4049 3706 die,
4096 3641 4162 3697 et
4195 3633 4561 3716 praedicari

2610 3716 2878 3779 nomine
2923 3716 3063 3781 eius
3116 3717 3588 3799 poenitentiam
3643 3738 3718 3782 ac
3774 3717 4222 3783 remissionem
4262 3728 4559 3801 peccato·

2607 3822 2775 3866 rum.
2842 3801 3050 3866 Porro
3085 3804 3198 3884 qui
3234 3824 3387 3867 vere
3426 3802 3612 3868 docet
3646 3802 4134 3886 poenitentiam,
4177 3805 4237 3868 is
4273 3807 4558 3887 profecto

2607 3889 3100 3953 conversionem
3144 3886 3226 3952 ad
3261 3887 3500 3968 Deum,
3543 3890 3955 3953 aversionem
3998 3901 4217 3953 autem
4261 3891 4341 3954 ab
4379 3892 4556 3955 omni

2605 3972 2779 4036 malo
2823 3983 2891 4038 et
2933 3996 2973 4038 a
3030 3974 3379 4039 sceleribus
3433 3976 3954 4039 constantissime
3999 3974 4256 4039 suadet:
4330 3997 4555 4058 quem·

2606 4057 2956 4123 admodum
3000 4058 3300 4124 videmus
3351 4060 3551 4125 fuisse
3594 4060 3909 4124 loannem
3955 4060 4322 4143 Baptistam
4367 4084 4556 4145 prae-

2605 4165 2934 4209 cursorem
2980 4144 3271 4209 Domini.
3358 4147 3540 4229 Ergo
3584 4147 3858 4222 scelera,
3916 4145 4135 4227 qualia
4190 4154 4259 4210 et
4313 4157 4555 4229 quanta

2606 4230 2758 4310 sint,
2803 4238 3033 4295 exacte
3078 4229 3402 4297 describat
3445 4243 3511 4296 et
3554 4231 3793 4297 diserte
3838 4241 4099 4298 accuset
4142 4241 4334 4314 atque
4371 4232 4551 4298 dam-

2604 4325 2720 4378 net
2759 4335 3025 4380 necesse
3066 4324 3183 4392 est,
3229 4318 3523 4399 quisquis
3565 4338 3720 4382 vere
3756 4325 3821 4381 et
3855 4317 4209 4383 secundum
4252 4318 4551 4402 regulam

2605 4400 2855 4466 Christi
2899 4402 3368 4484 poenitentiam
3413 4402 3760 4485 praedicat.
3827 4403 3959 4469 Ubi
3997 4404 4175 4468 enim
4220 4405 4382 4468 vitia
4416 4405 4550 4468 vir·

2603 4495 2826 4551 tutum
2869 4486 3191 4552 inducunt
3233 4488 3568 4566 vocabula,
3612 4488 3704 4552 ibi
3746 4511 3862 4570 pro
3907 4487 4261 4555 virtutibus
4304 4490 4552 4555 6661616

2602 4582 2913 4656 regnant,
2973 4584 3041 4637 et
3096 4571 3209 4638 ubi
3264 4573 3536 4639 foeditas
3579 4575 3929 4639 6111616616
3975 4596 4107 4638 666
4151 4577 4547 4659 agnoscitur,

2602 4656 2693 4721 ibi
2739 4680 2778 4722 a
2833 4660 3219 4725 criminibus
3280 4658 3632 4725 disceditur
3678 4658 3945 4725 tardius.
4036 4661 4207 4725 Nam
4251 4661 4547 4727 scelerati

2602 4764 2735 4808 non
2770 4746 3167 4828 intelligunt,
3206 4754 3342 4810 tam
3377 4766 3679 4827 spurcam
3714 4767 3854 4811 esse
3891 4746 4095 4811 vitam
4130 4767 4317 4811 suam
4352 4768 4547 4830 quam

2600 4851 2831 4895 revera
2884 4839 2986 4895 est
3039 4832 3109 4894 in
3173 4841 3524 4914 conspectu
3581 4831 3868 4896 Domini.
3973 4830 4313 4912 Quomodo
4368 4833 4546 4898 enim

2599 4916 2976 5000 intelligant
3028 4938 3113 4980 ex
3156 4916 3329 4982 civili
3376 4927 3444 4981 et
3485 4917 3841 4983 involucris
3882 4917 4182 4982 obvelato
4226 4939 4543 4996 sermone,

2599 5002 2725 5066 nisi
2768 5002 3071 5066 minister
3111 5002 3414 5084 loquatur
3454 5001 3721 5081 diserte,
3781 5022 3857 5067 66
3912 5005 4073 5069 ficus
4117 5006 4310 5082 ficus,
4372 5004 4543 5088 quod

2596 5097 2663 5151 et
2705 5089 3050 5169 proverbio
3094 5087 3489 5166 celebratur,
3556 5088 3845 5172 ligonem
3887 5089 4174 5173 ligonem
4217 5087 4539 5173 appellet?

2595 5171 2985 5256 Colligimus
3019 5195 3174 5257 ergo
3211 5185 3471 5238 tuarum
3495 5176 3781 5259 partium
3812 5195 3971 5254 esse,
3996 5173 4244 5240 Fardle
4278 5176 4542 5260 optime,

2593 5268 2856 5340 peccata
2899 5269 3093 5340 atque
3135 5257 3377 5325 scelera
3422 5261 3644 5344 populi
3687 5260 3924 5325 diserte
3959 5271 4026 5326 et
4068 5261 4232 5326 citra
4274 5260 4540 5327 involu-

2592 5365 2804 5423 crum,
2865 5345 3132 5409 interim
3190 5355 3412 5411 tamen
3467 5368 3618 5413 cum
3673 5346 4023 5430 prudentia
4074 5357 4141 5411 et
4194 5348 4537 5432 gravitate,
