5050 6167
373 432 498 494 657
559 521 572 533 .

370 628 441 690 ot
504 627 580 687 ut
641 643 788 687 sum
913 641 947 686 s
1009 621 1324 688 vitentur.
1413 619 1491 687 Si
1549 619 1869 706 deligeret
1924 617 2242 684 Fatonum
2266 614 2324 704 ⁵)

371 708 483 775 vel
526 707 777 772 eiusmo
829 706 841 719 ’
900 707 1043 790 pios
1097 706 1279 785 alios,
1335 706 1554 772 missis
1608 706 1910 771 omnibus
1953 724 2119 788 quae
2163 703 2327 782 vult,

373 792 647 860 daretur
688 813 885 876 opera
930 792 1193 876 negotio
1237 789 1703 876 componendo.
1790 791 2114 875 Dispicite
2157 789 2331 854 inter

371 900 516 1030 vosl
536 898 703 961 quae
744 879 855 944 via
896 877 1297 945 commodior
1351 878 1569 957 fuerit,
1629 886 1696 943 et
1743 876 1901 961 quid
1946 896 2068 942 nos
2109 876 2329 942 velitis

373 966 446 1032 in
495 966 678 1030 ‘cata

563 1049 816 1116 Vir-etus
849 1069 1114 1114 causam
1149 1049 1336 1127 dixit,
1360 1051 1415 1125 ⁶)
1461 1060 1537 1117 ut
1576 1057 1734 1134 puto
1769 1057 1834 1115 te
1870 1050 2126 1115 rescire.
2194 1046 2331 1114 Sed

375 1136 624 1204 laetum
680 1135 863 1201 dedit
917 1137 1172 1200 exitum
1216 1136 1542 1203 Christus.
1633 1136 1807 1201 Miro
1849 1157 1954 1201 me
2009 1134 2333 1200 recreavit

378 1244 497 1307 spe
549 1223 731 1305 pacis
786 1242 985 1304 quam
1039 1221 1353 1305 optimam
1408 1224 1638 1289 scribit
1689 1243 1847 1288 esse.
1935 1220 2177 1304 Legati
2220 1219 2333 1303 qui

378 1307 714 1376 Basileam
771 1308 1069 1386 iverunt,
1129 1307 1288 1372 dum
1344 1309 1508 1374 mihi
1553 1309 1797 1393 gratias
1841 1316 2078 1391 agunt,
2139 1314 2208 1371 et
2263 1327 2333 1370 se

380 1395 549 1462 meis
625 1393 837 1459 literis
913 1393 1170 1459 adiutos
1247 1393 1433 1458 aiunt
1455 1446 1470 1473 ,
1549 1404 1618 1461 et
1694 1394 1875 1461 velut
1947 1394 2335 1475 obsequium

378 1501 698 1564 magnum
740 1480 1050 1558 fatentur,
1097 1480 1252 1544 data
1292 1481 1634 1563 provincia
1676 1480 1795 1546 uni
1838 1502 1919 1545 ex
1965 1480 2220 1545 civibus
2261 1485 2338 1543 ut

379 1566 659 1632 istorum
724 1565 989 1630 nomine
1054 1585 1161 1630 me
1240 1563 1556 1631 salutaret
1636 1576 1705 1631 et
1766 1566 2011 1650 gratias
2091 1574 2333 1650 ageret.

380 1652 582 1718 Potes
625 1652 945 1717 coniicere
987 1672 1180 1734 quam
1226 1651 1349 1717 sibi
1404 1659 1473 1718 et
1514 1652 1677 1718 mihi
1716 1652 2116 1736 prospiciant
2153 1648 2336 1818 apud

2221 1755 2338 1800 uos

2174 1822 2337 1888 Ore-

383 1907 609 1975 derem
653 1929 763 1974 eos
810 1910 1054 1974 sanctis
1109 1909 1473 1975 hortatibus
1517 1907 1967 1987 aedificandos,
2024 1909 2136 1974 ubi
2181 1906 2338 1972 dum

381 1996 767 2080 intelligunt
819 1995 1134 2077 scriptum
1178 2015 1323 2060 esse
1365 2004 1434 2060 et
1499 1995 1804 2060 nesciunt
1845 1993 2006 2079 quid
2047 1993 2340 2060 habeant

383 2081 614 2147 literae
635 2080 1078 2146 offenduntur.
1137 2079 1462 2163 Cuperem
1507 2081 1936 2146 offensionem
1979 2081 2210 2160 vitare,
2255 2078 2339 2145 ad

428 2166 560 2231 uod
604 2165 985 2233 contulisset
1028 2187 1159 2230 000
1218 2168 1490 2231 iactatas
1532 2167 1734 2233 fuisse
1777 2166 2016 2233 literas.
2104 2167 2202 2233 Ut
2239 2165 2338 2230 vi-

435 2253 574 2318 ebis
616 2251 926 2335 expedire
970 2252 1505 2318 co'mmonefacias
1550 2273 1677 2318 eos.

559 2337 665 2403 De
709 2358 948 2421 sponsa
981 2337 1341 2403 Alexandri
1376 2338 1618 2404 audies.
1682 2339 1939 2405 Ferunt
1979 2346 2047 2403 te
2091 2338 2340 2420 nuptiis

386 2423 768 2490 adfuturum
813 2421 896 2487 ad
939 2443 1101 2506 quas
1144 2423 1389 2508 adigar.
1457 2424 1628 2489 Vale
1663 2447 1814 2492 cum
1849 2424 1982 2490 tuis
2017 2424 2340 2503 omnibus,

386 2530 595 2576 uxore
639 2516 706 2573 et
748 2507 988 2573 Iudith.
1077 2507 1288 2592 Cupio
1347 2510 1513 2576 scire
1565 2531 1772 2595 nepos
1828 2532 1912 2576 an
1966 2510 2181 2594 neptis
2223 2510 2341 2574 tibi

387 2595 495 2663 sit.
586 2593 665 2661 Si
709 2595 969 2661 venerit
1009 2596 1212 2659 frater
1255 2603 1322 2660 et
1376 2595 1573 2662 istius
1615 2617 1814 2675 socer,
1873 2604 2078 2661 totam
2131 2594 2345 2662 saluta

389 2679 681 2759 domum,
709 2679 1124 2746 Genestonum
1157 2701 1307 2746 cum
1336 2685 1629 2766 coniuge,
1665 2683 1848 2767 pium
1870 2681 2347 2748 Bernardinum

389 2774 461 2833 et
501 2787 657 2832 suos
699 2786 948 2843 omnes,
1002 2765 1285 2851 collegas
1330 2777 1482 2834 tuos
1524 2788 1769 2847 omnes,
1815 2790 1951 2833 non
1993 2767 2345 2850 praeterito

390 2851 605 2919 Ahelo,
636 2855 694 2929 ⁷)
780 2850 993 2935 Cupio
1050 2862 1353 2918 senatum
1410 2863 1634 2920 sancte
1677 2875 1952 2939 pergere
1995 2862 2064 2919 et
2102 2852 2173 2919 iu
2209 2854 2345 2918 Do-

391 2938 574 3004 mino
616 2936 858 3003 valere.
927 2938 1077 3003 Tibi
1112 2959 1341 3005 omnes
1386 2946 1453 3004 et
1494 2942 1882 3025 symmystis
1925 2939 2205 3006 salutem
2250 2937 2349 3002 di-

391 3031 571 3091 cunt.
658 3024 971 3090 Neocomi
1021 3029 1116 3090 15.
1162 3026 1471 3093 Decemb.
1529 3030 1705 3092 1543.

1414 3166 1597 3231 ‘I'uus
1639 3172 1816 3231 totus
1857 3164 2180 3231 Farellus.

381 1758 496 1804 eos
551 1737 793 1821 quibus
852 1737 975 1802 hoc
1032 1745 1288 1802 tantum
1343 1739 1590 1821 petitur
1640 1747 1716 1804 ut
1771 1746 2065 1803 noceant.

381 1843 507 1908 ego
550 1823 788 1890 vellem
840 1821 1068 1887 literas
1110 1822 1350 1889 vidisse
1392 1833 1461 1889 et
1497 1821 1814 1907 quidquid
1856 1822 2086 1889 scribo.

1191 3458 1246 3465 ...—
1279 3460 1300 3465 ⁴-
1325 3458 1596 3465 --nffl—

1306 3690 1459 3763 524.

895 3862 1367 3931 OALVINUS
1410 3863 1874 3945 FARELLO.

585 4068 954 4135 Novissima
995 4069 1164 4135 circa
1206 4069 1431 4153 leyatos
1463 4075 1519 4135 et
1550 4070 1721 4135 litem
1754 4090 1893 4135 cum
1914 4068 2367 4136 Remea-sibus.

423 4156 666 4225 Vestem
718 4175 940 4220 novam
999 4152 1252 4220 Far-ezzo
1295 4177 1337 4221 a
1394 4161 1616 4221 senatu
1663 4154 2003 4221 Gmevensi
2045 4155 2366 4236 decretam,

410 4244 550 4310 ἱαοη
578 4245 882 4324 paratam
923 4240 1248 4323 siqnifieat.

414 4448 532 4512 (Ex
566 4451 795 4517 autogr:
833 4446 905 4500 ho
940 4446 1069 4499 Cod.
1107 4445 1311 4500 Gener.
1349 4444 1468 4513 106,
1504 4447 1596 4501 sol.
1634 4444 1718 4500 98.
1787 4447 2117 4516 Apograpba
2152 4451 2370 4500 exstant

413 4517 550 4571 ibid.
579 4515 711 4570 Oed-
748 4514 779 4568 1
818 4513 865 4580 1,
902 4514 993 4569 sol.
1022 4514 1107 4569 81.
1168 4516 1380 4639 Bessssf
1415 4515 1555 4648 ἕξις.
1577 4515 1701 4570 vn.
1734 4532 1786 4585 p.
1813 4513 1919 4569 550
1953 4522 2011 4569 et
2045 4533 2132 4584 ap.
2159 4515 2369 4570 Simler.

630 4877 690 4943 5)
733 4875 1115 4931 Γοῐυηιὺανίαο
1146 4876 1477 4932 ministrum.

630 4948 691 5009 6)
729 4947 784 5002 d.
830 4946 882 5000 8.
932 4945 1216 5000 Decembr.
1265 4962 1387 5000 cum
1429 4944 1706 4999 Zebedaeo
1751 4944 1999 4998 Romam
2040 4947 2271 4997 vocam
2312 4945 2379 4995 ue

421 5021 699 5076 rationem
731 5015 979 5071 redderet
1013 5015 1081 5071 de
1116 5021 1385 5071 conventu
1414 5013 1793 5081 Nece-emensi,
1831 5011 2066 5091 aliisque
2100 5011 2177 5065 ad
2209 5010 2376 5064 disei-

417 5090 643 5160 plv'nam
666 5086 1059 5156 spectantibus,
1097 5085 1164 5139 de
1181 5084 1380 5153 quibus
1408 5083 1579 5138 adeas
1596 5081 1820 5137 Ruchat
1835 5080 1901 5135 V.
1925 5081 2047 5151 225,
2083 5079 2378 5135 Hwndesh.

420 5175 481 5229 p.
519 5158 627 5212 180
660 5161 711 5211 et
744 5170 925 5224 supra
960 5155 1037 5208 N.
1071 5153 1190 5209 515.
1227 5153 1346 5207 520.
1419 5153 1661 5208 Senatus
1691 5168 1753 5207 re
1786 5151 2008 5220 eoym‘ta
2052 5155 2104 5203 et
2136 5163 2383 5218 expensa

425 5226 850 5283 maecenas
1269 5217 2379 5291 menigmomiuamennequidte-

426 5312 577 5353 nere
608 5297 881 5351 iomovare
906 5296 1340 5363 praesumerent.

640 5364 700 5431 7)
740 5363 1054 5432 Pouppino.

644 5448 867 5505 001υὺιό
900 5462 1091 5517 opera.
1169 5445 1287 5501 Vol.
1323 5446 1436 5501 XI.

2077 430 2239 493 1543
2283 424 2692 493 DEOEMB.

4262 421 4390 486 658

2429 611 2648 679 Fideli
2695 609 2946 677 Christi
3005 630 3195 676 servo
3239 609 3599 675 Guillelmo
3653 605 3921 672 Farello
3962 604 4029 671 N
4029 606 4395 673 eocomensi

2818 696 3084 779 pastori,
3130 695 3319 760 fratri
3361 694 3526 761 mihi
3569 693 3926 760 carissimo.
3961 693 4014 768 ¹)

2607 831 2805 914 Quod
2846 834 3055 898 serius
3099 831 3433 915 aliquanto
3492 830 3575 895 ad
3618 850 3738 896 vos
3780 828 4138 894 revertitur
4181 826 4395 893 Enar-

2432 919 2571 999 dus,
2614 938 2739 1002 ego
2783 939 2930 983 sum
2974 919 3045 981 in
3086 937 3296 983 causa.
3384 917 3660 981 Retinui
3703 936 3856 980 cum
3901 914 4158 980 circiter
4198 912 4393 995 quin-

2434 1026 2562 1088 que
2606 1003 2765 1082 dies,
2811 1002 2968 1069 dum
2990 1001 3282 1068 redirent
3323 1001 3539 1085 legati.
3610 1000 4016 1066 Retulerunt
4058 1019 4193 1064 000
4236 1018 4391 1064 000·

2433 1088 2704 1155 tendere
2740 1089 3063 1156 Bernates
3104 1089 3259 1172 quin
3304 1095 3693 1171 expungant
3733 1085 3967 1150 arbitri
4007 1083 4394 1168 particulam

2435 1196 2605 1259 quae
2662 1195 2782 1241 nos
2835 1173 3009 1239 male
3065 1173 3372 1250 habebat,
3432 1192 3670 1254 nempe
3711 1172 3784 1235 in
3827 1169 4007 1236 urbe.
4095 1171 4201 1236 De
4246 1168 4395 1235 aliis

2436 1262 2637 1326 etiam
2677 1261 2835 1326 satis
2870 1260 3032 1325 mite
3068 1266 3138 1324 et
3169 1257 3580 1323 moderatum
3614 1277 4023 1339 responsum,
4060 1255 4189 1320 nisi
4223 1252 4395 1338 quod

2438 1346 2520 1412 de
2564 1346 2759 1412 novis
2814 1345 3184 1411 foederibus
3240 1342 3555 1410 faciendis
3609 1341 3940 1424 postulato
3993 1349 4219 1406 nostro
4261 1359 4393 1404 non

2438 1433 2876 1499 consentiunt.
2963 1430 3155 1496 Unus
3211 1449 3369 1513 ergo
3427 1428 3537 1494 hic
3601 1427 3813 1493 nodus
3872 1434 4095 1504 restat,
4157 1445 4246 1489 an
4290 1443 4395 1490 re-

2439 1518 2702 1602 signare
2744 1517 2848 1584 ius
2890 1537 3083 1582 suum
3128 1515 3341 1580 velint
3381 1513 3591 1580 nostri
3645 1513 4044 1595 simpliciter,
4101 1510 4208 1577 cui
4261 1510 4394 1574 iam

2439 1612 2621 1670 cert-a
2685 1603 2829 1689 lege
2900 1602 3482 1678 renunciaverant,
3564 1619 3801 1682 nempe
3869 1607 3945 1662 ut
4020 1596 4399 1662 relaxarent

2439 1689 2784 1767 Beruates,
2863 1687 3035 1771 quod
3112 1687 3326 1753 facere
3405 1685 3788 1750 detrectant.
3893 1681 3973 1749 Si
4050 1680 4397 1748 consilium

2441 1796 2661 1841 meum
2720 1775 2984 1853 valebit,
3050 1780 3196 1837 aeta
3251 1792 3358 1838 res
3414 1780 3546 1836 est:
3614 1767 3730 1835 sed
3788 1789 4020 1833 vereor
4078 1788 4164 1832 ne
4220 1766 4401 1831 ultra

2442 1861 2620 1927 vires
2653 1880 2833 1926 more
2867 1864 3090 1925 nostro
3126 1859 3373 1923 feroces
3408 1857 3630 1921 simus.
3700 1854 3904 1920 Brevi
3940 1852 4169 1918 audies
4203 1872 4400 1935 quor-

2440 1968 2585 2012 sum
2631 1965 2738 2010 res
2781 1943 3101 2012 ceciderit.
3131 1944 3190 2026 ²)

2578 2080 2583 2085 .
2614 2031 2840 2097 Vestis
2884 2029 3057 2113 apud
3092 2049 3199 2093 me
3233 2034 3352 2107 est,
3399 2027 3605 2093 donec
3644 2024 4011 2110 reperiatur
4055 2023 4171 2107 qui
4214 2023 4401 2088 ferat.

2440 2117 2628 2183 Bene
2667 2117 2915 2183 factum
2960 2114 3129 2198 quod
3186 2113 3534 2180 recusasti:
3595 2111 3711 2178 sed
3754 2131 3932 2177 nunc
3972 2109 4251 2174 honeste
4295 2125 4405 2172 ao-

2442 2203 2661 2287 cipere
2720 2202 2983 2286 poteris.
3012 2201 3070 2285 ⁸)
3156 2199 3345 2264 Nihil
3407 2206 3746 2281 praeterea
3805 2196 3963 2260 novi
4029 2192 4205 2278 quod
4266 2212 4405 2258 non

2444 2290 2691 2355 referre
2755 2287 3067 2353 Enardus
3136 2286 3360 2368 possit.
3450 2283 3672 2370 Vale„
3714 2283 3919 2347 frater
3980 2281 4053 2345 in
4118 2279 4406 2345 Domino

2445 2374 2797 2440 carissime.
2868 2372 3195 2439 Dominus
3238 2377 3305 2436 te
3348 2374 3710 2436 conservet.
3782 2365 4018 2433 Saluta
4056 2365 4297 2431 ftatres
4337 2372 4409 2430 et

2446 2460 2706 2527 amicos.
2797 2458 3125 2525 Genavae.

3598 2589 3653 2654 Ι.
3700 2588 4017 2655 Calvinus
4059 2595 4230 2652 tuus.

3238 2882 3647 2893 —----—————-

3359 3100 3513 3172 525.

2991 3253 3388 3323 VIRETUS
3433 3251 3869 3321 OALVINO.

2638 3431 2853 3498 Novae
2895 3428 3109 3496 turbae
3152 3428 3655 3494 Lausannensea
3746 3423 3910 3491 Acta
3952 3420 4330 3488 Ber-neusin.

2465 3604 2579 3668 (Ex
2625 3601 2960 3672 autographo
3006 3600 3152 3653 Bibl.
3200 3597 3403 3653 Gener.
3440 3596 3571 3651 Cod.
3609 3594 3754 3648 111·‚
3802 3594 3894 3648 fol.
3939 3592 4009 3647 57
4055 3593 4176 3647 coll.
4210 3607 4255 3645 c.
4290 3609 4325 3645 a

2463 3672 2686 3742 graphi·
2720 3671 2847 3727 eod.
2885 3668 3001 3733 116,
3048 3668 3139 3721 fol.
3177 3664 3262 3733 78,
3296 3667 3439 3790 13¹3·
3464 3665 3736 3800 ἐξῖηοω.
3775 3664 3899 3718 V11.
3945 3661 4066 3729 552,
4114 3666 4172 3787 et
4206 3661 4321 3714 Sim
4344 3676 4423 3715 er.

2637 3925 3032 3994 Doctissimo
3075 3932 3143 3990 et
3196 3922 3576 3989 fidelissimo
3618 3918 3803 3984 verbi
3844 3916 4145 3982 ministro
4188 3916 4430 3982 Ioanni

2468 4014 2749 4081 Calvino
2793 4012 2981 4077 fiatri
3025 4030 3222 4095 quam
3267 4008 3623 4075 carissimo.
3919 4087 4232 4153 Genem

2646 4231 2963 4300 Salutem.
3035 4230 3226 4298 Sicut
3264 4250 3428 4295 ansa
3468 4249 3696 4294 ansam
3740 4225 3960 4303 trahit,
4007 4225 4101 4290 sic
4133 4224 4299 4290 mihi
4344 4244 4430 4289 ex

2471 4321 2736 4406 negotio
2772 4317 3065 4383 nascitur
3099 4315 3451 4465 neffitium.
3521 4313 3749 4395 Quum
3784 4314 4011 4378 Berua
4045 4330 4348 4377 reversus
4374 4310 4429 4394 ¹)

2473 4429 2624 4473 sum
2668 4404 2936 4471 suborta
2971 4410 3072 4467 est
3102 4402 3193 4466 mi
3247 4401 3261 4416 '
3289 4420 3439 4466 cum
3474 4400 3718 4465 nostris
3760 4418 3937 4464 nova
3978 4396 4115 4461 litis
4158 4396 4430 4476 occasio,

2473 4491 2637 4558 adeo
2682 4496 2759 4555 ut
2800 4494 3079 4555 vocatus
3122 4486 3246 4552 sim
3289 4486 3360 4550 in
3404 4485 3512 4550 ius
3555 4484 3765 4568 pridie
3807 4483 4124 4548 feriarum
4165 4481 4427 4549 Nativi-

2513 4732 2647 4791 524.
2685 4730 2747 4789 1)
2785 4725 3046 4806 Fareuqoe
3080 4720 3416 4790 adscripsit:
3450 4719 3536 4800 23.
3582 4722 3702 4774 Dec.
3746 4718 3919 4800 1543„
4127 4786 4139 4798 θ

2476 4868 2635 4924 tabat
2679 4798 2812 4937 {ost
2867 4797 3187 4919 tongam
3293 4788 3529 4912 'aium
3578 4874 3644 4910 m
3705 4786 3894 4910 ῑῗέὺζιε
3944 4791 4328 4910 mam
4378 4870 4434 4910 ο.

2481 4936 2707 4991 Ruchat
2747 4935 2808 4990 T.
2852 4933 2919 4989 V.
2952 4946 3185 5001 passum,
3222 4942 3459 4983 maxume
3485 4941 3547 4995 p.
3582 4924 3686 4979 239
3721 4940 3886 4994 seqq„
3937 4924 4115 4992 Ptcot,
4226 4926 4317 4976 ast.
4364 4922 4435 4978 de

2484 4994 3838 5139 ameveafjsasraeusggqssqughssozmd
3875 5060 3939 5114 im
3985 5058 4252 5115 Senatum
4296 5058 4437 5114 aaut·

2483 5142 2715 5199 sordida
2756 5144 2899 5195 veste
2944 5136 3199 5193 indutus.
3272 5134 3380 5190 Cui
3420 5149 3620 5187 novam
3664 5137 3716 5212 et
3759 5129 4028 5185 meliorem
4060 5128 4307 5183 dandam
4341 5126 4436 5183 de-

2485 5214 2792 5268 creverim&
2861 5207 3131 5277 (Gra-nus,
3203 5207 3481 5286 faqments
3528 5205 3760 5257 extranta
3805 5199 3900 5254 des
3935 5195 4071 5265 Rea.
4105 5197 4184 5252 du
4223 5196 4445 5254 Οοκωιῖ

2486 5282 2574 5336 26.
2611 5280 2759 5335 Noe.
2786 5275 2968 5402 ἕ..
3023 5275 3107 5343 Cf.
3135 5347 3235 5398 Mt
3264 5273 3401 5396 .815.
3440 5271 3573 5325 Iam.
3615 5268 3791 5336 1544.)

2522 5350 2657 5412 585.
2696 5350 2750 5416 l)
2944 5344 3104 5412 unfra
3238 5382 3253 5396 .
3323 5381 3336 5395 .
3952 5420 4023 5475 42
