5050 6167
560 373 686 438 367

558 564 739 637 runt,
755 556 813 642 ⁴²)
872 576 1075 639 quum
1135 561 1209 620 et
1289 554 1613 620 actionem
1671 561 1854 617 tuam
1912 552 2229 637 tragicam
2294 552 2506 618 nomi-

557 651 814 719 narent,
860 651 926 708 et
968 641 1049 706 de
1093 640 1379 706 hostium
1413 659 1714 705 successu
1759 639 2049 704 facerent
2082 639 2503 703 mentionem.

556 730 799 796 Postea
839 747 961 792 nos
998 725 1215 810 aliqua
1258 747 1342 790 ex
1384 733 1570 808 parte
1611 734 2101 803 recreaverunt,
2155 724 2268 789 ubi
2311 724 2506 789 intel-

556 815 861 893 leximus,
916 813 1257 878 laetiorem
1299 811 1500 876 fuisse
1543 812 1816 890 exitum,
1860 809 1965 875 vel
2010 808 2243 875 saltem
2287 810 2507 876 minus

557 901 852 978 tristem,
955 901 1109 963 uam
1166 897 1608 962 timueramus.
1707 897 1834 961 Est
1888 905 1964 961 ut
2016 895 2204 973 dicis,
2263 895 2508 978 optime

559 985 841 1052 Farelle:
968 985 1227 1049 ominus
1283 991 1495 1046 totum
1553 982 1674 1048 hoc
1731 982 2067 1065 negotium
2123 981 2510 1046 mirabiliter

557 1071 970 1157 gubernavit.
1061 1066 1197 1134 Sed
1253 1068 1509 1150 experti
1567 1089 1793 1133 sumus
1846 1067 1916 1130 in
1971 1065 2096 1132 hoc
2150 1068 2508 1132 certamine

600 1157 771 1222 ualis
814 1155 999 1220 lerna
1041 1155 1130 1219 sit
1172 1151 1401 1232 Satan,
1448 1154 1559 1236 qui
1599 1153 1671 1217 in
1714 1172 1848 1217 uno
1891 1151 2201 1235 oppidulo
2244 1161 2342 1217 tot
2384 1151 2506 1236 hy-

747 1241 969 1307 fovere
1012 1240 1315 1322 potuerit.
1406 1239 1676 1316 Verum,
1736 1248 1810 1304 ut
1864 1257 1983 1321 pro
2039 1259 2171 1303 uno
2227 1238 2508 1302 monstri

557 1349 798 1413 genere
842 1325 1266 1392 suboriantur
1317 1334 1581 1390 centum
1637 1332 1704 1389 et
1745 1345 1862 1407 pro
1904 1344 2037 1389 uno
2079 1324 2290 1406 capite
2326 1324 2508 1389 mille

556 1421 1020 1490 renascantur,
1078 1417 1257 1477 certo
1309 1411 1549 1476 scimus
1605 1430 1723 1475 nos
1766 1410 1902 1473 fore
1944 1410 2257 1486 invictos,
2314 1408 2506 1473 modo

557 1499 681 1566 sub
726 1497 984 1563 vexillis
1029 1495 1280 1562 Christi
1336 1497 1540 1561 nostri
1599 1494 1956 1559 militemus
2014 1503 2084 1559 et
2139 1515 2507 1579 pugnemus

559 1585 701 1650 eius
743 1583 964 1647 armis.
1032 1582 1178 1647 Hoc
1222 1590 1443 1646 tamen
1490 1580 1684 1645 simul
1729 1581 2107 1645 meminisse
2150 1601 2271 1645 nos
2316 1600 2505 1663 opor-

558 1677 672 1747 tet,
718 1667 886 1733 nihil
930 1664 1367 1733 omittendum
1413 1687 1540 1749 quo
1589 1666 1796 1730 hostis
1833 1666 2042 1731 nostri
2086 1666 2342 1731 insidiis
2393 1667 2505 1731 ob-

556 1755 740 1822 viam
782 1773 1024 1818 eamus.
1114 1752 1220 1817 Ad
1263 1752 1434 1818 hanc
1474 1772 1614 1816 rem
1656 1751 1973 1816 instruxit
2015 1773 2135 1817 nos
2178 1750 2506 1817 Dominus

557 1840 887 1924 spirituali
941 1837 1314 1921 prudentia:
1389 1857 1555 1920 quae
1611 1846 1687 1901 ut
1746 1835 1958 1901 zelum
2016 1845 2314 1902 nostrum
2372 1858 2507 1901 non

556 1933 847 2001 enervat,
891 1945 1103 2007 neque
1145 1922 1412 2002 emollit,
1457 1924 1550 1986 ita
1583 1921 1667 1986 ad
1710 1932 1954 1987 certam
1994 1920 2504 1988 moderationem

557 2032 701 2078 com
749 2011 891 2074 onit
946 2029 1023 2074 ac
1076 2017 1413 2091 temperat.
1501 2007 1728 2090 Neque
1789 2007 1949 2073 haec
2003 2007 2149 2073 ideo
2207 2007 2501 2085 dicimus,

556 2117 687 2180 quo
775 2095 898 2160 hoc
943 2101 1535 2176 temperamentum
1578 2114 1756 2159 nunc
1812 2093 1880 2157 in
1925 2103 1992 2158 te
2042 2093 2501 2172 desideremus,

556 2181 673 2248 sed
737 2191 816 2244 ut
870 2180 1079 2264 magis
1129 2200 1205 2246 ac
1272 2178 1483 2262 magis
1537 2199 1771 2244 caveas
1826 2199 1912 2244 ne
1965 2199 2157 2262 quem
2219 2178 2504 2245 habeant

555 2272 974 2351 praetextum
1032 2263 1379 2329 adversum
1437 2271 1504 2327 te
1561 2264 1778 2347 impii,
1839 2262 1923 2329 ad
1980 2264 2309 2330 ornandas
2351 2285 2503 2330 suas

555 2350 935 2418 calumnias.
1023 2348 1129 2415 De
1176 2349 1442 2414 Coraldo
1458 2347 1516 2433 ⁸)
1558 2348 1942 2415 confidimus
1997 2349 2112 2414 tibi
2169 2351 2328 2415 satis
2371 2351 2503 2416 fac-

554 2445 715 2501 tum.
803 2435 954 2500 'ribi
997 2435 1057 2500 si
1098 2456 1232 2500 non
1289 2434 1760 2518 praestiterunt
1801 2435 2009 2500 nostri
2050 2433 2221 2516 quod
2265 2434 2504 2501 debue-

554 2529 740 2600 rant,
815 2531 1184 2603 temporum
1245 2519 1549 2584 miseriae
1613 2521 1994 2603 imputabis:
2074 2529 2268 2602 atque
2334 2522 2506 2586 hanc

554 2606 950 2674 condonabis
1007 2605 1463 2670 infirmitatem
1521 2605 1854 2684 ecclesiae,
1912 2607 2020 2673 cui
2075 2616 2212 2670 tam
2269 2627 2504 2690 graves

553 2693 854 2758 offensas
900 2692 1236 2775 ignoscere
1301 2690 1584 2772 potuisti.
1696 2689 1890 2771 Quod
1953 2692 2122 2775 petis
2189 2691 2268 2757 de
2330 2712 2504 2757 novo

553 2776 879 2856 mandato,
897 2779 958 2859 ⁴)
1015 2776 1143 2841 nisi
1187 2797 1335 2859 spes
1379 2774 1727 2841 admodum
1772 2798 1891 2842 nos
1933 2777 2120 2856 fallit,
2165 2776 2345 2844 nullo
2388 2799 2504 2844 ne-

552 2864 731 2948 gotio
774 2861 1190 2928 obtinebitur.
1255 2860 1534 2926 Interim
1570 2862 1660 2927 sis
1696 2861 1865 2927 bono
1909 2863 2149 2942 animo,
2195 2869 2263 2928 et
2305 2862 2504 2929 simul

550 2955 621 3013 te
663 2948 747 3014 ad
788 2947 1174 3031 patientiam
1214 2967 1537 3030 compara.
1623 2946 1795 3011 Nam
1838 2948 1950 3013 ubi
1993 2948 2283 3027 veneris,
2338 2949 2504 3015 bene

549 3040 622 3098 te
664 3034 1125 3100 exercebimus.
1217 3031 1388 3097 Vale
1430 3032 1674 3116 optime
1728 3042 1797 3098 et
1848 3033 2239 3101 amicissime
2281 3034 2501 3101 frater.

548 3117 786 3187 Saluta
825 3125 1224 3204 symmystas
1267 3137 1493 3183 omnes
1537 3127 1604 3182 et
1644 3138 1871 3184 omnes
1922 3120 2311 3187 domesticos
2356 3120 2501 3185 dili-

598 3213 800 3355 ersster.
877 3203 1230 3304 ,Dominus
1293 3224 1406 3269 vos
1470 3203 1809 3270 custodiat.
1919 3204 2230 3272 Genevae
2293 3206 2503 3273 Nonis

612 3311 649 3356 e
691 3310 913 3355 ruarn.

1151 3425 1246 3490 Io.
1293 3423 1411 3490 Cal
1419 3424 1609 3491 vinus
1655 3447 1800 3494 meo
1844 3435 1913 3495 et
1957 3428 2171 3495 Vireti
2213 3430 2496 3494 nomine.

1303 3685 1676 3693 ωῂ--ᾤ

1440 3884 1597 3957 386.

1037 4020 1527 4090 MYCONIUS
1573 4023 2008 4092 CALVINO.

720 4194 969 4261 Gaudet
1008 4195 1070 4260 ei
1110 4198 1241 4260 tam
1282 4193 1433 4260 belle
1462 4214 1602 4260 cum
1650 4193 2109 4262 Gemens-ibus
2150 4200 2488 4265 convenire.

541 4281 847 4346 Basileae
887 4280 1293 4363 maysstratus
1334 4279 1518 4344 laicis
1557 4280 1827 4346 nimiam
1867 4282 2140 4349 vindicat
2180 4286 2488 4350 autorita-

539 4371 660 4432 tem
710 4367 780 4430 in
833 4365 1015 4430 rebus
1069 4365 1514 4432 ecclesiasticis.
1607 4363 2077 4433 Carolostadius
2131 4389 2337 4451 nuper
2388 4372 2490 4436 de-

533 4452 790 4535 functus
829 4451 1136 4533 damnatis
1175 4450 1372 4516 huius
1399 4455 1735 4532 promotor.
1799 4452 1905 4519 De
1952 4453 2163 4520 tho
2204 4456 2290 4521 ad
2321 4455 2480 4521 Ber·

537 4556 760 4604 maes
800 4535 1020 4601 sot-ubet·
1127 4534 1414 4602 Bucerus
1451 4535 1714 4618 Spiram
1755 4538 1911 4604 abiit
1948 4541 2036 4606 ad
2074 4541 2342 4607 comitia.

541 4707 652 4772 (Ex
687 4704 1024 4776 autographo
1060 4705 1199 4760 Bibl.
1236 4706 1338 4761 civ.
1377 4708 1824 4762 Vratislaviensis
1859 4709 1988 4765 Cod.
2029 4712 2136 4766 111.
2174 4711 2234 4765 B.
2274 4713 2362 4766 sol.
2400 4711 2483 4767 35.

536 4774 730 4831 Edidit
762 4775 908 4828 Besa
942 4774 1560 4913 (.}enev.pl·>.b⁴12('),:¹2:235³
1620 4818 1648 4898 ,⁹
1669 4776 1846 4916 1187Ξῶο
1807 4778 2016 4908 Η)αιιον.
2053 4797 2108 4850 p.
2138 4779 2221 4846 98,
2260 4781 2485 4837 Chouet.

534 4950 606 4962 ..-

744 4997 802 5065 2)
837 4995 1004 5052 Circa
1035 4996 1272 5051 modium
1305 5014 1540 5054 mem
1575 4999 1934 5070 Ianuar-amn,
1979 5004 2484 5061 recrudescentibus

535 5065 987 5122 adversariorum
1019 5066 1407 5136 moliminibus,
1444 5069 1705 5124 Fau-enus
1737 5071 1986 5126 Remum
2018 5079 2246 5128 vocatus
2277 5076 2481 5142 ficerat.

535 5134 649 5190 Sed
680 5134 903 5191 taudem
934 5150 1024 5190 ree
1248 5137 1404 5192 sitae.
1464 5137 1603 5193 Vide
1620 5139 1701 5194 N.
1735 5139 1840 5195 388
1872 5140 2277 5211 etKirchIzofor
2302 5161 2367 5214 p.
2393 5145 2481 5200 46.

737 5205 799 5341 ΞΒ
838 5204 1122 5328 Cau-gum
1158 5206 1443 5331 aad&
1468 5276 1810 5333 revocandi?

2103 360 2629 430 EPIS'POLAE
2676 365 3017 430 385-388

4435 370 4559 434 368

2609 549 2695 615 D.
2740 550 2975 616 Ioanni
3015 550 3298 617 Calvino
3342 551 3711 618 doctissimo
3752 552 4285 638 pientissimoque
4327 554 4560 621 minis-

2611 647 2713 700 tro
2750 635 3001 701 Christi
3045 637 3222 720 apud
3261 638 3606 703 Genevam
3651 637 4145 723 diligentissimo
4188 640 4560 723 optimoque

2886 737 3292 806 symmystae
3334 725 3669 790 carissimo
3710 725 3783 789 in
3826 725 4112 791 Domino
4154 746 4287 791 suo.

2783 857 2959 940 Quia
3017 861 3333 926 hactenus
3403 861 3727 927 scribendi
3795 861 4193 928 consuetudo
4250 883 4381 928 non
4436 862 4560 928 fuit

2612 945 2785 1009 inter
2824 966 2973 1024 nos,
3037 944 3326 1024 Calvino,
3385 946 3786 1026 doctissime,
3847 949 4205 1031 potuissem
4263 960 4330 1013 et
4385 970 4559 1015 nunc

2613 1030 3066 1114 supersedere,
3123 1033 3248 1097 nisi
3304 1032 3503 1117 legati
3549 1033 3976 1099 Genevenses
4004 1037 4052 1114 ¹)
4097 1045 4233 1098 tam
4278 1035 4560 1100 officiose

2613 1123 2728 1182 tuo
2771 1137 2879 1181 me
2923 1118 3189 1182 nomine
3231 1119 3645 1195 salutassent,
3706 1127 3774 1183 et
3815 1120 4156 1202 petiissent
4199 1128 4274 1184 ut
4315 1119 4560 1203 aliquid

2612 1200 2696 1266 ad
2738 1208 2806 1266 te
2849 1204 3336 1284 perscriberem.
3427 1204 3703 1270 Gaudeo
3761 1205 3965 1289 igitur
4019 1205 4342 1288 imprimis
4385 1204 4560 1288 quod

2610 1287 2908 1372 intelligo
2954 1310 3037 1353 ex
3079 1289 3289 1355 literis
3334 1290 3719 1370 Bernatum,
3766 1312 3965 1373 quam
4008 1291 4175 1356 belle
4218 1292 4389 1355 inter
4439 1312 4558 1356 vos

2612 1373 2983 1439 conveniat:
3028 1374 3096 1438 id
3141 1375 3318 1440 enim
3354 1375 3482 1440 fuit
3516 1374 3621 1441 vel
3654 1376 3942 1459 primum
3978 1375 4402 1460 quamobrem
4438 1396 4558 1461 ego

2612 1459 2928 1525 sollicitus
2972 1482 3121 1526 cum
3166 1461 3298 1528 illis
3340 1462 3608 1545 egerim,
3668 1470 3746 1526 ut
3788 1462 3970 1526 omni
4013 1461 4229 1527 studio
4273 1463 4559 1527 niteren-

2611 1553 2736 1623 tur,
2784 1554 2861 1609 ut
2902 1545 2973 1609 in
3021 1546 3302 1612 Domino
3345 1547 3652 1613 foveret-is
3695 1548 4123 1613 concordiam.
4191 1546 4558 1614 Videbatur

2611 1651 2690 1694 ea
2733 1652 2839 1695 res
2883 1630 3185 1697 habitura
3242 1634 3556 1698 momenti
3616 1631 3858 1715 aliquid
3880 1684 3896 1713 ,
3951 1640 4027 1699 ut
4075 1633 4331 1699 facilius
4386 1635 4561 1698 inter

2611 1716 2911 1782 civitates
2976 1737 3231 1799 quoque
3310 1717 3501 1783 fieret
3562 1719 3635 1782 in
3694 1726 4028 1802 posterum
4102 1718 4555 1785 reconciliatio.

2610 1800 2691 1866 Id
2731 1800 2903 1884 quod
2945 1802 3307 1868 etiamnum
3349 1803 3618 1882 insidet,
3664 1812 3923 1869 tantum
3979 1826 4094 1870 vos
4151 1807 4264 1887 qui
4322 1806 4476 1871 estis
4520 1824 4560 1868 a

2611 1888 3043 1965 concionibus,
3089 1889 3260 1972 quod
3303 1897 3599 1955 vestrum
3634 1898 3752 1969 est,
3797 1890 4105 1956 adhibere
4141 1914 4223 1955 nc
4267 1891 4557 1976 negliga-

2610 1972 2712 2037 tis.
2804 1971 2937 2053 Qui
3001 1974 3073 2037 in
3131 1975 3417 2040 Domino
3472 1983 3539 2040 et
3594 1976 3733 2041 eius
3787 1976 4077 2041 doctrina
4137 1985 4294 2042 sunt
4346 1977 4554 2054 amici,

2608 2079 2743 2123 non
2786 2056 3098 2123 videntur
3140 2059 3278 2125 indi
3324 2082 3434 2125 ere
3491 2061 3742 2139 labore,
3804 2070 3878 2126 ut
3934 2063 4001 2126 in
4046 2064 4316 2128 caeteris
4360 2063 4556 2127 etiam

2607 2144 2771 2208 fiant
2814 2145 3183 2211 concordes.
3274 2083 3466 2228 {uod
3510 2145 3610 2211 illi
3653 2147 4059 2230 scripserunt
4102 2148 4182 2213 de
4225 2156 4326 2227 te,
4381 2146 4555 2213 idem

2608 2230 2904 2295 scribunt
2947 2228 3027 2295 de
3072 2230 3359 2297 Far-ello.-
3399 2233 3617 2314 itaque
3661 2254 3810 2317 spes
3852 2242 3970 2308 est,
4017 2244 4091 2298 ut
4133 2234 4418 2298 amicitia
4461 2234 4555 2299 sic

2607 2324 2934 2390 manente,
2972 2316 3348 2399 propediem
3383 2317 3673 2383 audituri
3694 2319 3979 2384 fructum
4015 2318 4297 2401 aliquem
4332 2320 4553 2397 simus,

2607 2401 2831 2482 quales
2867 2421 2949 2466 ex
2983 2402 3299 2467 eiusmodi
3336 2403 3554 2469 radice
3592 2403 3803 2470 solent
3837 2404 4300 2488 suppullulare.
4370 2404 4553 2471 Gau-

2608 2486 2788 2550 dium
2822 2486 2988 2552 illud
3025 2509 3101 2552 eo
3134 2489 3347 2554 maius
3383 2498 3484 2553 est
3517 2490 3591 2553 in
3632 2511 3755 2568 me,
3802 2489 3971 2573 quod
4008 2489 4323 2556 hactenus
4356 2491 4551 2570 sensi,

2607 2581 2928 2655 quantum
2974 2574 3059 2638 sit
3102 2574 3352 2639 malum
3394 2574 3469 2639 in
3502 2574 3790 2641 ecclesiis
3834 2575 4171 2641 dissidium
4215 2577 4390 2641 inter
4423 2577 4553 2640 fira-

2608 2667 2761 2723 tres.
2833 2658 3019 2723 Bone
3054 2657 3240 2723 Deus
3262 2679 3459 2742 quam
3503 2681 3581 2725 ea
3604 2683 3708 2726 res
3744 2661 4121 2727 devastavit
4161 2661 4311 2726 nosl
4379 2662 4551 2726 Nam

2608 2743 2807 2808 etiam
2879 2741 3304 2811 carolostadio
3372 2743 3691 2825 defuncto,
3714 2746 3770 2831 2)
3849 2768 3984 2811 non
4064 2747 4251 2811 video
4324 2747 4551 2812 fierine

2608 2837 2805 2912 queat
2857 2841 2931 2893 ut
2986 2829 3256 2895 ecclesia
3307 2841 3534 2896 nostra
3576 2832 3896 2898 coalescat
3951 2832 4332 2915 aliquando:
4393 2833 4554 2898 adeo

2607 2935 2832 2980 semen
2875 2913 3007 2980 odii
3050 2936 3125 2980 ac
3164 2915 3452 2981 invidiae
3510 2937 3549 2980 a
3587 2918 3760 2982 malo
3802 2918 3929 2983 isto
3976 2916 4228 2984 Satana
4271 2919 4554 2984 semina-

2607 3008 2748 3065 tum
2806 3008 2933 3080 est,
2992 3002 3103 3084 qui
3146 2999 3324 3065 haud
3366 3003 3550 3068 novit
3608 3004 3941 3086 quiescere
3997 3004 4380 3087 praesertim
4439 3004 4557 3070 ubi

2609 3085 2861 3152 Christi
2901 3086 3108 3170 gloria
3141 3108 3260 3171 per
3293 3088 3618 3172 evangelii
3649 3089 3971 3155 sinceram
4008 3089 4555 3173 praedicationem

2606 3172 2968 3237 efflorescit.
3058 3170 3231 3253 Quia
3274 3175 3483 3257 coepi,
3543 3174 3785 3255 dicam,
3842 3174 4014 3258 quod
4073 3196 4203 3240 non
4246 3176 4553 3240 institue·-

2607 3279 2778 3336 ram,
2835 3278 2995 3337 rem,
3054 3258 3186 3323 imo
3230 3257 3467 3341 dogma
3507 3260 3702 3325 valde
3746 3261 4197 3327 turbulentum
4241 3283 4317 3327 ac
4357 3262 4553 3345 pesti-

2604 3343 2765 3422 lens,
2822 3345 2892 3408 in
2938 3365 3066 3428 quo
3122 3365 3192 3409 se
3234 3343 3501 3427 quidam
3558 3346 3746 3411 miris
3790 3354 4061 3413 versant
4112 3346 4323 3413 modis
4378 3346 4549 3427 laici,

2604 3428 2720 3495 sed
2761 3429 2832 3494 in
2875 3438 3192 3513 potestate
3246 3431 3473 3513 positi,
3526 3432 3584 3495 si
3638 3432 3896 3514 quando
3954 3432 4208 3516 possint
4263 3454 4382 3498 nos
4438 3434 4551 3515 qui

2603 3515 2801 3581 verbo
2905 3536 3260 3594 raesumus,
3318 3517 3860 3600 autoritatemque
3915 3527 4213 3584 nostram
4270 3517 4550 3585 labefac-

2602 3611 2760 3665 tare.
2850 3537 3155 3680 gonatas,
3199 3602 3521 3684 inquiunt,
3568 3602 3838 3668 ecclesia
3877 3615 3992 3669 est.
4084 3603 4216 3669 Alii
4254 3603 4348 3669 sic
4392 3605 4549 3669 effe-

2600 3695 2772 3763 runt,
2819 3687 3091 3753 ecclesia
3125 3708 3323 3772 super
3357 3688 3603 3752 curiam
3646 3699 3762 3753 est.
3833 3687 4023 3769 Quae
4059 3692 4226 3753 ratio
4268 3689 4354 3754 sit
4390 3690 4551 3775 dog·

2598 3772 2792 3837 matis
2835 3781 3044 3855 patet:
3100 3771 3467 3839 libertatem
3523 3783 3816 3839 nostram
3874 3774 4125 3840 vellent
4168 3796 4548 3857 oppressam

2597 3878 2797 3941 quum
2842 3860 2914 3921 in
2959 3856 3280 3936 docendo,
3336 3867 3477 3924 tum
3521 3861 3591 3924 in
3633 3860 4074 3944 corripiendo:
4133 3883 4285 3926 nam
4345 3863 4547 3927 etiam

2597 3966 2773 4011 nunc
2817 3944 3501 4009 excommunicationis
3555 3946 3693 4010 vim
3750 3967 4010 4011 omnem
4069 3946 4152 4012 ad
4196 3969 4264 4011 sc
4310 3967 4544 4031 rapue-

2595 4037 2768 4094 runt.
2860 4030 2953 4093 At
3005 4030 3151 4111 quis
3195 4031 3282 4095 sit
3335 4037 3544 4109 autor,
3568 4035 3626 4106 ⁸)
3673 4032 3796 4095 etsi
3838 4033 4025 4110 novi,
4084 4030 4360 4098 libenter
4417 4032 4541 4099 hoc

2596 4123 2886 4197 tempore
2928 4115 2997 4178 in
3038 4112 3310 4181 dubium
3356 4125 3557 4180 verte.
3624 4116 3773 4181 Non
3817 4118 3982 4183 bene
4025 4119 4152 4182 erit
4194 4118 4292 4182 illi
4333 4139 4541 4201 quon-

2596 4199 2747 4265 dam
2789 4220 3009 4265 coram
3044 4198 3356 4265 tribunali
3392 4201 3660 4266 Christi.
3751 4201 3928 4284 Quid
3972 4204 4179 4267 animi
4221 4225 4376 4269 vero
4420 4225 4540 4287 pu-

2594 4293 2714 4364 tas,
2762 4283 3033 4366 Calvina,
3076 4286 3292 4352 inesse
3336 4287 3450 4351 tali
3495 4288 3653 4366 viro,
3698 4289 3827 4353 nisi
3882 4287 4055 4371 quod
4095 4287 4222 4353 hac
4266 4289 4540 4366 ratione,

2593 4369 2902 4454 quidquid
2965 4374 3151 4455 prius
3210 4371 3579 4438 vendicavit
3639 4373 3712 4436 in
3771 4395 4041 4439 munere
4105 4373 4539 4441 ecclesiastico

2593 4456 2717 4522 sibi
2771 4477 2955 4540 papa,
3014 4456 3179 4522 illud
3235 4458 3468 4541 ipsum,
3513 4459 3803 4542 quisquis
3848 4459 3959 4524 ille
4002 4459 4285 4538 tandem,
4343 4481 4539 4526 cona·

2592 4549 2702 4607 tur
2768 4542 3114 4609 vendicare
3179 4543 3633 4628 magistratui?
3733 4544 4100 4610 Consilium
4163 4546 4288 4611 hoc
4350 4557 4539 4612 tanto

2590 4628 2792 4711 peius,
2834 4641 3081 4711 quanto
3125 4630 3545 4714 magistratus
3590 4629 3783 4694 hodie
3812 4640 3970 4694 sunt
4010 4652 4050 4695 a
4092 4631 4299 4696 literis
4341 4642 4538 4715 atque

2591 4735 2632 4779 a
2693 4715 3064 4798 cognitione
3127 4737 3347 4780 rerum
3406 4715 3775 4782 divinarum
3834 4725 3900 4780 et
3953 4716 4537 4784 ecclesiasticarum

2625 4936 2757 4996 386.
2798 4938 2848 4997 1)
2885 4936 2953 4990 de
3396 4937 3490 4991 lito
3523 4937 3681 4992 missi
3712 4954 3765 4993 v.
3802 4938 3882 4993 N.
3920 4939 4039 4993 261.
4074 4939 4179 4993 278
4211 4945 4308 4994 etc.

2797 5007 2851 5074 2)
2887 5006 2968 5059 25.
2993 5005 3242 5059 Decemb.
3299 5005 3387 5059 De
3408 5007 3571 5060 rebus
3605 5023 3745 5075 quae
3777 5007 3868 5061 hic
3978 5008 3988 5019 ‘
4253 5026 4303 5063 v.
4324 5008 4529 5065 Kimb-

2586 5074 2772 5142 hot'or,
2821 5075 3047 5146 Mycon.
3098 5095 3151 5139 μ.
3188 5075 3292 5127 3:22
3327 5090 3441 5197 sq}
3512 5076 3797 5144 Agebatur
3841 5077 3908 5131 de
3940 5077 4125 5146 qradw
4169 5078 4449 5134 doctorum
4492 5096 4534 5133 a

2586 5145 2860 5199 mmm
2821 5143 3157 5213 'augendo‘
3168 5150 3352 5211 ,tum
3435 5145 4528 5215 eecclesiamaymratuieivaisubn-‘'

2784 5256 2851 5347 ’3)
2889 5281 2979 5336 De
3013 5280 3394 5337 σωοιοειααεο
3425 5282 3687 5351 taquam.
