<?xml version="1.0" encoding="UTF-8"?>
<!DOCTYPE html PUBLIC "-//W3C//DTD XHTML 1.0 Transitional//EN"
    "http://www.w3.org/TR/xhtml1/DTD/xhtml1-transitional.dtd">
<html xmlns="http://www.w3.org/1999/xhtml" xml:lang="en" lang="en">
 <head>
  <title>
</title>
<meta http-equiv="Content-Type" content="text/html;charset=utf-8" />
  <meta name='ocr-system' content='tesseract 3.04.00' />
  <meta name='ocr-capabilities' content='ocr_page ocr_carea ocr_par ocr_line ocrx_word'/>
</head>
<body>
  <div class='ocr_page' id='page_1' title='image "./ioanniscalvinio13unkngoog_0218.png"; bbox 0 0 5050 6167; ppageno 0'>
   <div class='ocr_carea' id='block_1_1' title="bbox 538 364 753 464">
    <p class='ocr_par' dir='ltr' id='par_1_1' title="bbox 538 364 753 464">
     <span class='ocr_line' id='line_1_1' title="bbox 538 364 753 464; baseline -0.005 -37"><span class='ocrx_word' id='word_1_1' title='bbox 538 458 543 464; x_wconf 23' lang='grc'>1</span> <span class='ocrx_word' id='word_1_2' title='bbox 625 364 753 429; x_wconf 82' lang='lat'>407</span> 
     </span>
    </p>
   </div>
   <div class='ocr_carea' id='block_1_2' title="bbox 624 542 2586 1233">
    <p class='ocr_par' dir='ltr' id='par_1_2' title="bbox 624 542 2586 1233">
     <span class='ocr_line' id='line_1_2' title="bbox 629 542 2585 632; baseline -0.004 -17"><span class='ocrx_word' id='word_1_3' title='bbox 629 557 734 616; x_wconf 87' lang='lat' dir='ltr'>est</span> <span class='ocrx_word' id='word_1_4' title='bbox 773 568 1070 632; x_wconf 85' lang='lat' dir='ltr'>magnus.</span> <span class='ocrx_word' id='word_1_5' title='bbox 1157 547 1415 612; x_wconf 87' lang='lat' dir='ltr'><strong>Rumor</strong></span> <span class='ocrx_word' id='word_1_6' title='bbox 1458 553 1561 613; x_wconf 89' lang='lat' dir='ltr'>est</span> <span class='ocrx_word' id='word_1_7' title='bbox 1602 553 1824 612; x_wconf 90' lang='lat' dir='ltr'>tamen</span> <span class='ocrx_word' id='word_1_8' title='bbox 1865 546 2056 610; x_wconf 89' lang='lat' dir='ltr'>illum</span> <span class='ocrx_word' id='word_1_9' title='bbox 2112 552 2335 628; x_wconf 90' lang='lat' dir='ltr'>petere</span> <span class='ocrx_word' id='word_1_10' title='bbox 2389 542 2585 608; x_wconf 90' lang='lat' dir='ltr'>indu-</span> 
     </span>
     <span class='ocr_line' id='line_1_3' title="bbox 627 627 2583 717; baseline -0.004 -16"><span class='ocrx_word' id='word_1_11' title='bbox 627 636 796 712; x_wconf 83' lang='lat' dir='ltr'>cias,</span> <span class='ocrx_word' id='word_1_12' title='bbox 870 654 1037 717; x_wconf 90' lang='lat' dir='ltr'>quae</span> <span class='ocrx_word' id='word_1_13' title='bbox 1101 632 1159 697; x_wconf 91' lang='lat' dir='ltr'>si</span> <span class='ocrx_word' id='word_1_14' title='bbox 1226 632 1694 714; x_wconf 76' lang='lat' dir='ltr'><strong>permittentur</strong></span> <span class='ocrx_word' id='word_1_15' title='bbox 1761 634 1961 697; x_wconf 87' lang='lat' dir='ltr'>timeo</span> <span class='ocrx_word' id='word_1_16' title='bbox 2037 632 2333 696; x_wconf 85' lang='lat' dir='ltr'>futurum</span> <span class='ocrx_word' id='word_1_17' title='bbox 2411 627 2583 711; x_wconf 90' lang='lat' dir='ltr'>quod</span> 
     </span>
     <span class='ocr_line' id='line_1_4' title="bbox 627 713 2584 798; baseline -0.004 -12"><span class='ocrx_word' id='word_1_18' title='bbox 627 721 864 786; x_wconf 79' lang='lat' dir='ltr'>accidit</span> <span class='ocrx_word' id='word_1_19' title='bbox 905 717 1414 785; x_wconf 76' lang='lat' dir='ltr'>Rhodiensibus.</span> <span class='ocrx_word' id='word_1_20' title='bbox 1519 716 1645 784; x_wconf 83' lang='lat' dir='ltr'>Sin</span> <span class='ocrx_word' id='word_1_21' title='bbox 1697 718 1946 794; x_wconf 89' lang='lat' dir='ltr'>minus,</span> <span class='ocrx_word' id='word_1_22' title='bbox 2012 715 2211 781; x_wconf 89' lang='lat' dir='ltr'>habet</span> <span class='ocrx_word' id='word_1_23' title='bbox 2273 714 2444 798; x_wconf 93' lang='lat' dir='ltr'>quod</span> <span class='ocrx_word' id='word_1_24' title='bbox 2502 713 2584 778; x_wconf 89' lang='lat' dir='ltr'>de</span> 
     </span>
     <span class='ocr_line' id='line_1_5' title="bbox 626 800 2585 887; baseline -0.003 -16"><span class='ocrx_word' id='word_1_25' title='bbox 626 806 909 872; x_wconf 76' lang='lat' dir='ltr'>Caesare</span> <span class='ocrx_word' id='word_1_26' title='bbox 953 813 1019 869; x_wconf 92' lang='lat' dir='ltr'>et</span> <span class='ocrx_word' id='word_1_27' title='bbox 1070 804 1276 869; x_wconf 87' lang='lat' dir='ltr'>fratre</span> <span class='ocrx_word' id='word_1_28' title='bbox 1319 810 1770 887; x_wconf 75' lang='lat' dir='ltr'>conqueratur.</span> <span class='ocrx_word' id='word_1_29' title='bbox 1872 801 1950 869; x_wconf 80' lang='lat' dir='ltr'>Si</span> <span class='ocrx_word' id='word_1_30' title='bbox 1996 801 2339 868; x_wconf 80' lang='lat' dir='ltr'>Christum</span> <span class='ocrx_word' id='word_1_31' title='bbox 2382 800 2585 865; x_wconf 91' lang='lat' dir='ltr'>habe-</span> 
     </span>
     <span class='ocr_line' id='line_1_6' title="bbox 624 887 2581 971; baseline -0.003 -15"><span class='ocrx_word' id='word_1_32' title='bbox 624 891 795 957; x_wconf 89' lang='lat' dir='ltr'>bunt</span> <span class='ocrx_word' id='word_1_33' title='bbox 837 890 1087 966; x_wconf 89' lang='lat' dir='ltr'>ducem,</span> <span class='ocrx_word' id='word_1_34' title='bbox 1132 890 1192 955; x_wconf 92' lang='lat' dir='ltr'>is</span> <span class='ocrx_word' id='word_1_35' title='bbox 1236 888 1493 955; x_wconf 90' lang='lat' dir='ltr'>docebit</span> <span class='ocrx_word' id='word_1_36' title='bbox 1543 897 1611 955; x_wconf 89' lang='lat' dir='ltr'>et</span> <span class='ocrx_word' id='word_1_37' title='bbox 1665 888 1858 955; x_wconf 89' lang='lat' dir='ltr'>ducet</span> <span class='ocrx_word' id='word_1_38' title='bbox 1899 910 2026 971; x_wconf 90' lang='lat' dir='ltr'>quo</span> <span class='ocrx_word' id='word_1_39' title='bbox 2085 887 2277 953; x_wconf 90' lang='lat' dir='ltr'>debet</span> <span class='ocrx_word' id='word_1_40' title='bbox 2320 894 2389 951; x_wconf 88' lang='lat' dir='ltr'>et</span> <span class='ocrx_word' id='word_1_41' title='bbox 2428 905 2581 950; x_wconf 92' lang='lat' dir='ltr'>con-</span> 
     </span>
     <span class='ocr_line' id='line_1_7' title="bbox 627 972 2586 1044; baseline -0.005 0"><span class='ocrx_word' id='word_1_42' title='bbox 627 977 868 1044; x_wconf 91' lang='lat' dir='ltr'>veniet.</span> <span class='ocrx_word' id='word_1_43' title='bbox 958 975 1196 1041; x_wconf 88' lang='lat' dir='ltr'>Valete</span> <span class='ocrx_word' id='word_1_44' title='bbox 1248 976 1322 1039; x_wconf 91' lang='lat' dir='ltr'>in</span> <span class='ocrx_word' id='word_1_45' title='bbox 1366 975 1635 1042; x_wconf 87' lang='lat' dir='ltr'>Christo</span> <span class='ocrx_word' id='word_1_46' title='bbox 1682 974 1969 1039; x_wconf 91' lang='lat' dir='ltr'>Domino</span> <span class='ocrx_word' id='word_1_47' title='bbox 2024 992 2174 1037; x_wconf 91' lang='lat' dir='ltr'>cum</span> <span class='ocrx_word' id='word_1_48' title='bbox 2229 972 2472 1037; x_wconf 90' lang='lat' dir='ltr'>vestris</span> <span class='ocrx_word' id='word_1_49' title='bbox 2516 979 2586 1036; x_wconf 90' lang='lat' dir='ltr'>et</span> 
     </span>
     <span class='ocr_line' id='line_1_8' title="bbox 625 1057 2580 1142; baseline -0.004 -13"><span class='ocrx_word' id='word_1_50' title='bbox 625 1061 816 1129; x_wconf 88' lang='lat' dir='ltr'>bonis</span> <span class='ocrx_word' id='word_1_51' title='bbox 857 1061 1169 1127; x_wconf 88' lang='lat' dir='ltr'>fratribus</span> <span class='ocrx_word' id='word_1_52' title='bbox 1205 1062 1524 1128; x_wconf 90' lang='lat' dir='ltr'>omnibus.</span> <span class='ocrx_word' id='word_1_53' title='bbox 1614 1061 1918 1127; x_wconf 87' lang='lat' dir='ltr'>Avocant</span> <span class='ocrx_word' id='word_1_54' title='bbox 1957 1079 2066 1123; x_wconf 90' lang='lat' dir='ltr'>me</span> <span class='ocrx_word' id='word_1_55' title='bbox 2109 1058 2392 1142; x_wconf 84' lang='lat' dir='ltr'>negotia,</span> <span class='ocrx_word' id='word_1_56' title='bbox 2437 1057 2580 1121; x_wconf 92' lang='lat' dir='ltr'>lon-</span> 
     </span>
     <span class='ocr_line' id='line_1_9' title="bbox 631 1144 2579 1233; baseline -0.004 -19"><span class='ocrx_word' id='word_1_57' title='bbox 631 1149 776 1233; x_wconf 87' lang='lat' dir='ltr'>gior</span> <span class='ocrx_word' id='word_1_58' title='bbox 818 1147 1065 1232; x_wconf 88' lang='lat' dir='ltr'>alioqui</span> <span class='ocrx_word' id='word_1_59' title='bbox 1105 1145 1394 1213; x_wconf 82' lang='lat' dir='ltr'>fuissem.</span> <span class='ocrx_word' id='word_1_60' title='bbox 1460 1146 1782 1225; x_wconf 89' lang='lat' dir='ltr'>Basileae,</span> <span class='ocrx_word' id='word_1_61' title='bbox 1829 1150 1928 1211; x_wconf 86' lang='grc'>30.</span> <span class='ocrx_word' id='word_1_62' title='bbox 1974 1144 2139 1210; x_wconf 82' lang='grc' dir='ltr'>Μ811</span> <span class='ocrx_word' id='word_1_63' title='bbox 2181 1165 2355 1209; x_wconf 88' lang='grc'>811110</span> <span class='ocrx_word' id='word_1_64' title='bbox 2398 1146 2579 1207; x_wconf 82' lang='grc'>1542.</span> 
     </span>
    </p>
   </div>
   <div class='ocr_carea' id='block_1_3' title="bbox 1653 1280 2449 1367">
    <p class='ocr_par' dir='ltr' id='par_1_3' title="bbox 1653 1280 2449 1367">
     <span class='ocr_line' id='line_1_10' title="bbox 1653 1280 2449 1367; baseline -0.005 -19"><span class='ocrx_word' id='word_1_65' title='bbox 1653 1280 1768 1348; x_wconf 91' lang='lat' dir='ltr'>Os.</span> <span class='ocrx_word' id='word_1_66' title='bbox 1815 1280 2168 1367; x_wconf 77' lang='lat' dir='ltr'>Myconius</span> <span class='ocrx_word' id='word_1_67' title='bbox 2210 1287 2449 1346; x_wconf 87' lang='lat' dir='ltr'>vester.</span> 
     </span>
    </p>
   </div>
   <div class='ocr_carea' id='block_1_4' title="bbox 1402 1577 1810 1587">
    <p class='ocr_par' dir='ltr' id='par_1_4' title="bbox 1402 1577 1810 1587">
     <span class='ocr_line' id='line_1_11' title="bbox 1402 1577 1810 1587; baseline 0 0"><span class='ocrx_word' id='word_1_68' title='bbox 1402 1577 1810 1587; x_wconf 56' lang='lat' dir='ltr'>m</span> 
     </span>
    </p>
   </div>
   <div class='ocr_carea' id='block_1_5' title="bbox 1135 1793 2065 2017">
    <p class='ocr_par' dir='ltr' id='par_1_5' title="bbox 1135 1793 2065 2017">
     <span class='ocr_line' id='line_1_12' title="bbox 1528 1793 1677 1865; baseline 0 -1"><span class='ocrx_word' id='word_1_69' title='bbox 1528 1793 1677 1865; x_wconf 75' lang='lat'>401.</span> 
     </span>
     <span class='ocr_line' id='line_1_13' title="bbox 1135 1945 2065 2017; baseline -0.003 0"><span class='ocrx_word' id='word_1_70' title='bbox 1135 1948 1567 2017; x_wconf 80' lang='lat' dir='ltr'>BUCE&#39;RUS</span> <span class='ocrx_word' id='word_1_71' title='bbox 1610 1945 2065 2015; x_wconf 84' lang='lat' dir='ltr'>MYCONIO.</span> 
     </span>
    </p>
   </div>
   <div class='ocr_carea' id='block_1_6' title="bbox 623 2119 2581 2377">
    <p class='ocr_par' dir='ltr' id='par_1_6' title="bbox 623 2119 2581 2377">
     <span class='ocr_line' id='line_1_14' title="bbox 797 2119 2581 2204; baseline -0.001 -19"><span class='ocrx_word' id='word_1_72' title='bbox 797 2119 1376 2204; x_wconf 71' lang='lat' dir='ltr'>AryentoratenseS,</span> <span class='ocrx_word' id='word_1_73' title='bbox 1441 2120 1607 2204; x_wconf 77' lang='lat' dir='ltr'>quod</span> <span class='ocrx_word' id='word_1_74' title='bbox 1667 2119 1871 2203; x_wconf 63' lang='lat' dir='ltr'>rogati</span> <span class='ocrx_word' id='word_1_75' title='bbox 1934 2123 2106 2198; x_wconf 79' lang='lat' dir='ltr'>sunt,</span> <span class='ocrx_word' id='word_1_76' title='bbox 2169 2119 2242 2184; x_wconf 78' lang='lat' dir='ltr'>in</span> <span class='ocrx_word' id='word_1_77' title='bbox 2301 2119 2581 2202; x_wconf 72' lang='lat' dir='ltr'>qratiam</span> 
     </span>
     <span class='ocr_line' id='line_1_15' title="bbox 639 2204 2580 2289; baseline -0.001 -17"><span class='ocrx_word' id='word_1_78' title='bbox 639 2205 840 2272; x_wconf 76' lang='lat' dir='ltr'>Vireti</span> <span class='ocrx_word' id='word_1_79' title='bbox 895 2211 951 2272; x_wconf 69' lang='lat' dir='ltr'>et</span> <span class='ocrx_word' id='word_1_80' title='bbox 998 2207 1446 2273; x_wconf 79' lang='lat' dir='ltr'>Genevensium</span> <span class='ocrx_word' id='word_1_81' title='bbox 1498 2208 1791 2289; x_wconf 78' lang='lat' dir='ltr'>fecerunt.</span> <span class='ocrx_word' id='word_1_82' title='bbox 1890 2204 2097 2270; x_wconf 72' lang='lat' dir='ltr'>Addit</span> <span class='ocrx_word' id='word_1_83' title='bbox 2152 2204 2460 2287; x_wconf 76' lang='lat' dir='ltr'>quaedam</span> <span class='ocrx_word' id='word_1_84' title='bbox 2501 2205 2580 2271; x_wconf 80' lang='lat' dir='ltr'>de</span> 
     </span>
     <span class='ocr_line' id='line_1_16' title="bbox 623 2291 1901 2377; baseline -0.002 -20"><span class='ocrx_word' id='word_1_85' title='bbox 623 2293 856 2377; x_wconf 70' lang='lat' dir='ltr'>synodo</span> <span class='ocrx_word' id='word_1_86' title='bbox 897 2291 1184 2360; x_wconf 76' lang='lat' dir='ltr'>habenda</span> <span class='ocrx_word' id='word_1_87' title='bbox 1224 2294 1384 2359; x_wconf 74' lang='lat' dir='ltr'>satis</span> <span class='ocrx_word' id='word_1_88' title='bbox 1425 2293 1673 2359; x_wconf 77' lang='lat' dir='ltr'>obscure</span> <span class='ocrx_word' id='word_1_89' title='bbox 1713 2291 1901 2357; x_wconf 77' lang='lat' dir='ltr'>dicta.</span> 
     </span>
    </p>
   </div>
   <div class='ocr_carea' id='block_1_7' title="bbox 625 2458 2575 2593">
    <p class='ocr_par' dir='ltr' id='par_1_7' title="bbox 625 2458 2575 2593">
     <span class='ocr_line' id='line_1_17' title="bbox 625 2458 2575 2593; baseline -0.006 -2"><span class='ocrx_word' id='word_1_90' title='bbox 625 2463 739 2529; x_wconf 48' lang='grc' dir='ltr'>(ΕΣ</span> <span class='ocrx_word' id='word_1_91' title='bbox 782 2462 1117 2590; x_wconf 49' lang='lat' dir='ltr'><strong>“uwpm</strong></span> <span class='ocrx_word' id='word_1_92' title='bbox 1145 2461 1510 2585; x_wconf 44' lang='lat' dir='ltr'>rffilbi&#39;sffiivffi</span> <span class='ocrx_word' id='word_1_93' title='bbox 1532 2460 1745 2584; x_wconf 45' lang='lat' dir='ltr'>srffflss’.</span> <span class='ocrx_word' id='word_1_94' title='bbox 1782 2458 2156 2593; x_wconf 47' lang='lat' dir='ltr'>gbffdlfflim</span> <span class='ocrx_word' id='word_1_95' title='bbox 2200 2460 2341 2530; x_wconf 66' lang='lat' dir='ltr'><strong>Epp&#39;</strong></span> <span class='ocrx_word' id='word_1_96' title='bbox 2392 2460 2452 2513; x_wconf 69' lang='lat' dir='ltr'>T&#39;</span> <span class='ocrx_word' id='word_1_97' title='bbox 2488 2458 2575 2527; x_wconf 50' lang='grc' dir='ltr'>ω’</span> 
     </span>
    </p>
   </div>
   <div class='ocr_carea' id='block_1_8' title="bbox 617 2732 2576 2974">
    <p class='ocr_par' dir='ltr' id='par_1_8' title="bbox 617 2732 2576 2974">
     <span class='ocr_line' id='line_1_18' title="bbox 620 2732 2574 2821; baseline -0.002 -18"><span class='ocrx_word' id='word_1_98' title='bbox 620 2734 893 2821; x_wconf 89' lang='lat' dir='ltr'>Optimo</span> <span class='ocrx_word' id='word_1_99' title='bbox 935 2737 1080 2803; x_wconf 90' lang='lat' dir='ltr'>viro</span> <span class='ocrx_word' id='word_1_100' title='bbox 1114 2734 1199 2801; x_wconf 91' lang='lat' dir='ltr'>D.</span> <span class='ocrx_word' id='word_1_101' title='bbox 1238 2732 1352 2801; x_wconf 91' lang='lat' dir='ltr'>Os.</span> <span class='ocrx_word' id='word_1_102' title='bbox 1389 2734 1697 2819; x_wconf 80' lang='lat' dir='ltr'>Myconio</span> <span class='ocrx_word' id='word_1_103' title='bbox 1739 2735 1992 2818; x_wconf 86' lang='lat' dir='ltr'>pastori</span> <span class='ocrx_word' id='word_1_104' title='bbox 2030 2733 2340 2801; x_wconf 90' lang='lat' dir='ltr'>ecclesiae</span> <span class='ocrx_word' id='word_1_105' title='bbox 2380 2734 2574 2800; x_wconf 90' lang='lat' dir='ltr'>Basi-</span> 
     </span>
     <span class='ocr_line' id='line_1_19' title="bbox 617 2818 2576 2921; baseline -0.003 -31"><span class='ocrx_word' id='word_1_106' title='bbox 617 2821 848 2890; x_wconf 88' lang='lat' dir='ltr'>liensis</span> <span class='ocrx_word' id='word_1_107' title='bbox 890 2821 1284 2889; x_wconf 86' lang='lat' dir='ltr'>amicissimo</span> <span class='ocrx_word' id='word_1_108' title='bbox 1325 2828 1732 2921; x_wconf 69' lang='lat' dir='ltr'>symmystae</span> <span class='ocrx_word' id='word_1_109' title='bbox 1775 2828 1845 2886; x_wconf 90' lang='lat' dir='ltr'>et</span> <span class='ocrx_word' id='word_1_110' title='bbox 1875 2821 2065 2887; x_wconf 77' lang='lat' dir='ltr'>fratri</span> <span class='ocrx_word' id='word_1_111' title='bbox 2101 2818 2471 2887; x_wconf 88' lang='lat' dir='ltr'>venerando</span> <span class='ocrx_word' id='word_1_112' title='bbox 2506 2827 2576 2886; x_wconf 88' lang='lat' dir='ltr'>et</span> 
     </span>
     <span class='ocr_line' id='line_1_20' title="bbox 1421 2927 1775 2974; baseline -0.003 -1"><span class='ocrx_word' id='word_1_113' title='bbox 1421 2927 1775 2974; x_wconf 78' lang='lat' dir='ltr'>carissimo.</span> 
     </span>
    </p>
   </div>
   <div class='ocr_carea' id='block_1_9' title="bbox 603 3041 2572 4735">
    <p class='ocr_par' dir='ltr' id='par_1_9' title="bbox 603 3041 2572 4735">
     <span class='ocr_line' id='line_1_21' title="bbox 792 3041 2572 3128; baseline -0.001 -18"><span class='ocrx_word' id='word_1_114' title='bbox 792 3041 864 3110; x_wconf 82' lang='lat' dir='ltr'>S.</span> <span class='ocrx_word' id='word_1_115' title='bbox 912 3042 996 3110; x_wconf 89' lang='lat' dir='ltr'>D.</span> <span class='ocrx_word' id='word_1_116' title='bbox 1078 3042 1366 3110; x_wconf 87' lang='lat' dir='ltr'>Causam</span> <span class='ocrx_word' id='word_1_117' title='bbox 1409 3042 1850 3110; x_wconf 79' lang='lat' dir='ltr'>Genevatium</span> <span class='ocrx_word' id='word_1_118' title='bbox 1904 3042 1985 3109; x_wconf 88' lang='grc'>(18</span> <span class='ocrx_word' id='word_1_119' title='bbox 2055 3042 2262 3108; x_wconf 67' lang='lat' dir='ltr'>Virdo</span> <span class='ocrx_word' id='word_1_120' title='bbox 2317 3043 2572 3128; x_wconf 81' lang='lat' dir='ltr'>egimus</span> 
     </span>
     <span class='ocr_line' id='line_1_22' title="bbox 617 3127 2571 3215; baseline -0.001 -20"><span class='ocrx_word' id='word_1_121' title='bbox 617 3128 794 3215; x_wconf 88' lang='lat' dir='ltr'>apud</span> <span class='ocrx_word' id='word_1_122' title='bbox 835 3137 1136 3196; x_wconf 88' lang='lat' dir='ltr'>senatum</span> <span class='ocrx_word' id='word_1_123' title='bbox 1177 3137 1494 3196; x_wconf 80' lang='lat' dir='ltr'>nostrum.</span> <span class='ocrx_word' id='word_1_124' title='bbox 1580 3127 1653 3195; x_wconf 88' lang='lat' dir='ltr'>Is</span> <span class='ocrx_word' id='word_1_125' title='bbox 1694 3128 1920 3195; x_wconf 90' lang='lat' dir='ltr'>scribit</span> <span class='ocrx_word' id='word_1_126' title='bbox 1963 3130 2329 3194; x_wconf 89' lang='lat' dir='ltr'>Bernatum</span> <span class='ocrx_word' id='word_1_127' title='bbox 2382 3148 2571 3195; x_wconf 86' lang='lat' dir='ltr'>sena-</span> 
     </span>
     <span class='ocr_line' id='line_1_23' title="bbox 617 3213 2570 3293; baseline -0.001 -12"><span class='ocrx_word' id='word_1_128' title='bbox 617 3216 719 3281; x_wconf 86' lang='lat' dir='ltr'>tui</span> <span class='ocrx_word' id='word_1_129' title='bbox 763 3223 828 3279; x_wconf 88' lang='grc'>88</span> <span class='ocrx_word' id='word_1_130' title='bbox 870 3223 1092 3280; x_wconf 85' lang='grc'>188810</span> <span class='ocrx_word' id='word_1_131' title='bbox 1107 3265 1123 3293; x_wconf 92' lang='grc'>,</span> <span class='ocrx_word' id='word_1_132' title='bbox 1181 3222 1258 3280; x_wconf 87' lang='grc'>118</span> <span class='ocrx_word' id='word_1_133' title='bbox 1308 3214 1534 3280; x_wconf 79' lang='lat' dir='ltr'>literas</span> <span class='ocrx_word' id='word_1_134' title='bbox 1576 3233 1727 3279; x_wconf 93' lang='lat' dir='ltr'>cum</span> <span class='ocrx_word' id='word_1_135' title='bbox 1768 3215 1905 3280; x_wconf 87' lang='lat' dir='ltr'>suis</span> <span class='ocrx_word' id='word_1_136' title='bbox 1947 3215 2234 3283; x_wconf 90' lang='lat' dir='ltr'>mittant.</span> <span class='ocrx_word' id='word_1_137' title='bbox 2323 3213 2570 3281; x_wconf 83' lang='lat' dir='ltr'>Scribi-</span> 
     </span>
     <span class='ocr_line' id='line_1_24' title="bbox 614 3298 2571 3383; baseline 0 -17"><span class='ocrx_word' id='word_1_138' title='bbox 614 3321 767 3366; x_wconf 86' lang='lat' dir='ltr'>mus</span> <span class='ocrx_word' id='word_1_139' title='bbox 807 3319 931 3364; x_wconf 86' lang='lat' dir='ltr'>nos</span> <span class='ocrx_word' id='word_1_140' title='bbox 973 3300 1313 3366; x_wconf 73' lang='lat' dir='ltr'>ministris.</span> <span class='ocrx_word' id='word_1_141' title='bbox 1403 3301 1506 3366; x_wconf 73' lang='lat' dir='ltr'>Tu</span> <span class='ocrx_word' id='word_1_142' title='bbox 1542 3319 1697 3365; x_wconf 83' lang='lat' dir='ltr'>cura</span> <span class='ocrx_word' id='word_1_143' title='bbox 1733 3299 2001 3383; x_wconf 90' lang='lat' dir='ltr'>reliqua.</span> <span class='ocrx_word' id='word_1_144' title='bbox 2091 3298 2394 3381; x_wconf 81' lang='lat' dir='ltr'>Querelis</span> <span class='ocrx_word' id='word_1_145' title='bbox 2437 3301 2571 3366; x_wconf 90' lang='lat' dir='ltr'>tuis</span> 
     </span>
     <span class='ocr_line' id='line_1_25' title="bbox 618 3383 2571 3469; baseline 0 -18"><span class='ocrx_word' id='word_1_146' title='bbox 618 3392 685 3451; x_wconf 90' lang='grc'>88</span> <span class='ocrx_word' id='word_1_147' title='bbox 727 3392 987 3451; x_wconf 87' lang='grc'>11088188</span> <span class='ocrx_word' id='word_1_148' title='bbox 1031 3406 1359 3469; x_wconf 90' lang='lat' dir='ltr'>opponere</span> <span class='ocrx_word' id='word_1_149' title='bbox 1401 3404 1741 3468; x_wconf 87' lang='lat' dir='ltr'>possemus</span> <span class='ocrx_word' id='word_1_150' title='bbox 1755 3436 1771 3463; x_wconf 91' lang='lat'>,</span> <span class='ocrx_word' id='word_1_151' title='bbox 1827 3404 2202 3468; x_wconf 88' lang='lat' dir='ltr'>quanquam</span> <span class='ocrx_word' id='word_1_152' title='bbox 2260 3383 2328 3450; x_wconf 91' lang='lat' dir='ltr'>id</span> <span class='ocrx_word' id='word_1_153' title='bbox 2372 3387 2571 3451; x_wconf 91' lang='lat' dir='ltr'>nimis</span> 
     </span>
     <span class='ocr_line' id='line_1_26' title="bbox 614 3468 2569 3557; baseline 0.001 -22"><span class='ocrx_word' id='word_1_154' title='bbox 614 3478 1070 3556; x_wconf 87' lang='lat' dir='ltr'>portentosum</span> <span class='ocrx_word' id='word_1_155' title='bbox 1126 3477 1256 3549; x_wconf 90' lang='grc'>888,</span> <span class='ocrx_word' id='word_1_156' title='bbox 1321 3468 1402 3535; x_wconf 87' lang='grc'>(18</span> <span class='ocrx_word' id='word_1_157' title='bbox 1455 3469 1705 3555; x_wconf 82' lang='lat' dir='ltr'>synodo</span> <span class='ocrx_word' id='word_1_158' title='bbox 1756 3469 2059 3536; x_wconf 89' lang='lat' dir='ltr'>habenda</span> <span class='ocrx_word' id='word_1_159' title='bbox 2110 3470 2280 3535; x_wconf 86' lang='lat' dir='ltr'>nihil</span> <span class='ocrx_word' id='word_1_160' title='bbox 2333 3471 2493 3536; x_wconf 89' lang='lat' dir='ltr'>istos</span> <span class='ocrx_word' id='word_1_161' title='bbox 2521 3469 2569 3557; x_wconf 88' lang='lat'>¹)</span> 
     </span>
     <span class='ocr_line' id='line_1_27' title="bbox 615 3553 2566 3640; baseline -0.001 -18"><span class='ocrx_word' id='word_1_162' title='bbox 615 3555 957 3622; x_wconf 88' lang='lat' dir='ltr'>vobiscum</span> <span class='ocrx_word' id='word_1_163' title='bbox 1036 3555 1417 3622; x_wconf 89' lang='lat' dir='ltr'>deliberare.</span> <span class='ocrx_word' id='word_1_164' title='bbox 1538 3553 1601 3621; x_wconf 92' lang='grc' dir='ltr'><strong>Ο</strong></span> <span class='ocrx_word' id='word_1_165' title='bbox 1677 3566 2168 3640; x_wconf 79' lang='lat' dir='ltr'>praeposteram</span> <span class='ocrx_word' id='word_1_166' title='bbox 2246 3558 2566 3623; x_wconf 87' lang='lat' dir='ltr'>rationem</span> 
     </span>
     <span class='ocr_line' id='line_1_28' title="bbox 615 3640 2569 3726; baseline 0.001 -19"><span class='ocrx_word' id='word_1_167' title='bbox 615 3641 851 3726; x_wconf 86' lang='lat' dir='ltr'>agendi</span> <span class='ocrx_word' id='word_1_168' title='bbox 890 3641 1156 3725; x_wconf 86' lang='lat' dir='ltr'>negotia</span> <span class='ocrx_word' id='word_1_169' title='bbox 1198 3640 1536 3707; x_wconf 78' lang='lat' dir='ltr'>ecclesiae!</span> <span class='ocrx_word' id='word_1_170' title='bbox 1604 3641 1931 3708; x_wconf 89' lang='lat' dir='ltr'>Dominus</span> <span class='ocrx_word' id='word_1_171' title='bbox 1965 3650 2031 3708; x_wconf 91' lang='lat' dir='ltr'>te</span> <span class='ocrx_word' id='word_1_172' title='bbox 2073 3663 2225 3708; x_wconf 89' lang='lat' dir='ltr'>cum</span> <span class='ocrx_word' id='word_1_173' title='bbox 2265 3642 2569 3709; x_wconf 89' lang='lat' dir='ltr'>fidelibus</span> 
     </span>
     <span class='ocr_line' id='line_1_29' title="bbox 614 3726 2566 3812; baseline 0.003 -22"><span class='ocrx_word' id='word_1_174' title='bbox 614 3733 918 3812; x_wconf 66' lang='grc' dir='ltr'><strong><em>συνεργοῖς</em></strong></span> <span class='ocrx_word' id='word_1_175' title='bbox 959 3727 1225 3793; x_wconf 83' lang='grc'>8(1111188</span> <span class='ocrx_word' id='word_1_176' title='bbox 1278 3733 1346 3791; x_wconf 88' lang='grc'>88</span> <span class='ocrx_word' id='word_1_177' title='bbox 1397 3726 1783 3793; x_wconf 82' lang='lat' dir='ltr'>corroboret.</span> <span class='ocrx_word' id='word_1_178' title='bbox 1873 3728 2080 3792; x_wconf 85' lang='lat' dir='ltr'>Novit</span> <span class='ocrx_word' id='word_1_179' title='bbox 2122 3726 2448 3793; x_wconf 89' lang='lat' dir='ltr'>Dominus</span> <span class='ocrx_word' id='word_1_180' title='bbox 2493 3729 2566 3795; x_wconf 87' lang='lat' dir='ltr'>in</span> 
     </span>
     <span class='ocr_line' id='line_1_30' title="bbox 613 3811 2567 3897; baseline 0 -19"><span class='ocrx_word' id='word_1_181' title='bbox 613 3834 811 3897; x_wconf 91' lang='lat' dir='ltr'>quem</span> <span class='ocrx_word' id='word_1_182' title='bbox 851 3814 1055 3878; x_wconf 89' lang='lat' dir='ltr'>finem</span> <span class='ocrx_word' id='word_1_183' title='bbox 1096 3820 1353 3879; x_wconf 89' lang='lat' dir='ltr'>nostros</span> <span class='ocrx_word' id='word_1_184' title='bbox 1403 3812 1657 3878; x_wconf 87' lang='lat' dir='ltr'>labores</span> <span class='ocrx_word' id='word_1_185' title='bbox 1711 3811 2022 3879; x_wconf 88' lang='lat' dir='ltr'>adhibere</span> <span class='ocrx_word' id='word_1_186' title='bbox 2063 3812 2361 3879; x_wconf 87' lang='lat' dir='ltr'>voluerit.</span> <span class='ocrx_word' id='word_1_187' title='bbox 2448 3813 2567 3878; x_wconf 93' lang='lat' dir='ltr'>In-</span> 
     </span>
     <span class='ocr_line' id='line_1_31' title="bbox 613 3897 2567 3981; baseline -0.001 -16"><span class='ocrx_word' id='word_1_188' title='bbox 613 3906 866 3965; x_wconf 88' lang='lat' dir='ltr'>stemus</span> <span class='ocrx_word' id='word_1_189' title='bbox 920 3920 1043 3964; x_wconf 92' lang='lat' dir='ltr'>nos</span> <span class='ocrx_word' id='word_1_190' title='bbox 1100 3918 1138 3963; x_wconf 95' lang='lat' dir='ltr'>o</span> <span class='ocrx_word' id='word_1_191' title='bbox 1185 3906 1466 3981; x_wconf 83' lang='lat' dir='ltr'>portuno</span> <span class='ocrx_word' id='word_1_192' title='bbox 1509 3904 1578 3962; x_wconf 92' lang='lat' dir='ltr'>et</span> <span class='ocrx_word' id='word_1_193' title='bbox 1618 3898 1990 3980; x_wconf 87' lang='lat' dir='ltr'>importune</span> <span class='ocrx_word' id='word_1_194' title='bbox 2034 3898 2191 3964; x_wconf 90' lang='lat' dir='ltr'>dum</span> <span class='ocrx_word' id='word_1_195' title='bbox 2235 3897 2567 3964; x_wconf 89' lang='lat' dir='ltr'>Dominus</span> 
     </span>
     <span class='ocr_line' id='line_1_32' title="bbox 613 3983 2566 4051; baseline 0.001 -2"><span class='ocrx_word' id='word_1_196' title='bbox 613 3983 724 4051; x_wconf 89' lang='lat' dir='ltr'>hic</span> <span class='ocrx_word' id='word_1_197' title='bbox 780 3993 1015 4050; x_wconf 84' lang='lat' dir='ltr'>servat.</span> <span class='ocrx_word' id='word_1_198' title='bbox 1173 3983 1262 4048; x_wconf 91' lang='lat' dir='ltr'>rit</span> <span class='ocrx_word' id='word_1_199' title='bbox 1314 3993 1536 4048; x_wconf 90' lang='lat' dir='ltr'>tamen</span> <span class='ocrx_word' id='word_1_200' title='bbox 1592 3984 1790 4048; x_wconf 89' lang='lat' dir='ltr'>etiam</span> <span class='ocrx_word' id='word_1_201' title='bbox 1842 3984 2051 4050; x_wconf 90' lang='lat' dir='ltr'>nostri</span> <span class='ocrx_word' id='word_1_202' title='bbox 2103 3983 2348 4050; x_wconf 89' lang='lat' dir='ltr'>laboris</span> <span class='ocrx_word' id='word_1_203' title='bbox 2406 4005 2566 4051; x_wconf 91' lang='grc'>811118</span> 
     </span>
     <span class='ocr_line' id='line_1_33' title="bbox 609 4069 2566 4153; baseline -0.001 -17"><span class='ocrx_word' id='word_1_204' title='bbox 609 4070 889 4149; x_wconf 83' lang='lat' dir='ltr'>fructus,</span> <span class='ocrx_word' id='word_1_205' title='bbox 947 4091 1141 4136; x_wconf 90' lang='lat' dir='ltr'>suum</span> <span class='ocrx_word' id='word_1_206' title='bbox 1183 4088 1420 4153; x_wconf 88' lang='lat' dir='ltr'>operae</span> <span class='ocrx_word' id='word_1_207' title='bbox 1461 4069 1768 4151; x_wconf 87' lang='lat' dir='ltr'>pretium,</span> <span class='ocrx_word' id='word_1_208' title='bbox 1812 4069 2070 4134; x_wconf 87' lang='lat' dir='ltr'>etiamsi</span> <span class='ocrx_word' id='word_1_209' title='bbox 2112 4078 2408 4153; x_wconf 89' lang='lat' dir='ltr'>oporteat</span> <span class='ocrx_word' id='word_1_210' title='bbox 2450 4069 2566 4134; x_wconf 88' lang='lat' dir='ltr'>ad·</span> 
     </span>
     <span class='ocr_line' id='line_1_34' title="bbox 608 4153 2565 4239; baseline -0.001 -18"><span class='ocrx_word' id='word_1_211' title='bbox 608 4156 743 4222; x_wconf 88' lang='lat' dir='ltr'>huc</span> <span class='ocrx_word' id='word_1_212' title='bbox 800 4154 1172 4222; x_wconf 90' lang='lat' dir='ltr'>sordescere</span> <span class='ocrx_word' id='word_1_213' title='bbox 1236 4154 1450 4239; x_wconf 89' lang='lat' dir='ltr'>magis</span> <span class='ocrx_word' id='word_1_214' title='bbox 1525 4154 1638 4237; x_wconf 90' lang='lat' dir='ltr'>qui</span> <span class='ocrx_word' id='word_1_215' title='bbox 1691 4153 1936 4219; x_wconf 83' lang='lat' dir='ltr'>sordidi</span> <span class='ocrx_word' id='word_1_216' title='bbox 1998 4163 2170 4220; x_wconf 89' lang='lat' dir='ltr'>sunt.</span> <span class='ocrx_word' id='word_1_217' title='bbox 2270 4156 2565 4220; x_wconf 83' lang='lat' dir='ltr'>Multum</span> 
     </span>
     <span class='ocr_line' id='line_1_35' title="bbox 611 4239 2566 4326; baseline -0.001 -20"><span class='ocrx_word' id='word_1_218' title='bbox 611 4262 721 4307; x_wconf 90' lang='lat' dir='ltr'>me</span> <span class='ocrx_word' id='word_1_219' title='bbox 764 4242 1014 4308; x_wconf 90' lang='lat' dir='ltr'>cruciat</span> <span class='ocrx_word' id='word_1_220' title='bbox 1055 4240 1138 4306; x_wconf 97' lang='grc'>(18</span> <span class='ocrx_word' id='word_1_221' title='bbox 1179 4240 1295 4306; x_wconf 89' lang='grc'>1110</span> <span class='ocrx_word' id='word_1_222' title='bbox 1331 4240 1444 4323; x_wconf 90' lang='lat' dir='ltr'>qui</span> <span class='ocrx_word' id='word_1_223' title='bbox 1477 4240 1598 4304; x_wconf 87' lang='lat' dir='ltr'>tibi</span> <span class='ocrx_word' id='word_1_224' title='bbox 1641 4239 1722 4305; x_wconf 89' lang='lat' dir='ltr'>de</span> <span class='ocrx_word' id='word_1_225' title='bbox 1765 4240 2013 4326; x_wconf 77' lang='lat' dir='ltr'>synodo</span> <span class='ocrx_word' id='word_1_226' title='bbox 2055 4239 2387 4307; x_wconf 87' lang='lat' dir='ltr'>indicavit.</span> <span class='ocrx_word' id='word_1_227' title='bbox 2454 4241 2566 4306; x_wconf 83' lang='lat' dir='ltr'>Ah</span> 
     </span>
     <span class='ocr_line' id='line_1_36' title="bbox 607 4323 2566 4411; baseline -0.001 -18"><span class='ocrx_word' id='word_1_228' title='bbox 607 4347 776 4411; x_wconf 88' lang='lat' dir='ltr'>quae</span> <span class='ocrx_word' id='word_1_229' title='bbox 829 4334 930 4391; x_wconf 89' lang='lat' dir='ltr'>est</span> <span class='ocrx_word' id='word_1_230' title='bbox 982 4327 1111 4392; x_wconf 90' lang='lat' dir='ltr'>ista</span> <span class='ocrx_word' id='word_1_231' title='bbox 1163 4326 1424 4392; x_wconf 88' lang='lat' dir='ltr'>fiducia.</span> <span class='ocrx_word' id='word_1_232' title='bbox 1523 4323 1714 4406; x_wconf 80' lang='lat' dir='ltr'>Quae</span> <span class='ocrx_word' id='word_1_233' title='bbox 1771 4325 2248 4392; x_wconf 85' lang='lat' dir='ltr'>ecclesiasticae</span> <span class='ocrx_word' id='word_1_234' title='bbox 2288 4327 2566 4392; x_wconf 86' lang='lat' dir='ltr'>actionis</span> 
     </span>
     <span class='ocr_line' id='line_1_37' title="bbox 607 4409 2563 4496; baseline 0.001 -20"><span class='ocrx_word' id='word_1_235' title='bbox 607 4411 968 4496; x_wconf 78' lang='lat' dir='ltr'>ignoratio!</span> <span class='ocrx_word' id='word_1_236' title='bbox 1037 4410 1275 4478; x_wconf 84' lang='lat' dir='ltr'>Saluta</span> <span class='ocrx_word' id='word_1_237' title='bbox 1310 4409 1659 4494; x_wconf 87' lang='lat' dir='ltr'>diligenter</span> <span class='ocrx_word' id='word_1_238' title='bbox 1680 4409 1978 4476; x_wconf 78' lang='lat' dir='ltr'>Marcum</span> <span class='ocrx_word' id='word_1_239' title='bbox 1991 4412 2050 4495; x_wconf 85' lang='lat'>²)</span> <span class='ocrx_word' id='word_1_240' title='bbox 2087 4419 2155 4477; x_wconf 98' lang='grc'>88</span> <span class='ocrx_word' id='word_1_241' title='bbox 2188 4411 2349 4477; x_wconf 86' lang='grc'>81108</span> <span class='ocrx_word' id='word_1_242' title='bbox 2384 4432 2563 4496; x_wconf 79' lang='lat' dir='ltr'>sym-</span> 
     </span>
     <span class='ocr_line' id='line_1_38' title="bbox 603 4499 2562 4582; baseline 0 -20"><span class='ocrx_word' id='word_1_243' title='bbox 603 4505 878 4582; x_wconf 80' lang='lat' dir='ltr'>mystas,</span> <span class='ocrx_word' id='word_1_244' title='bbox 923 4504 1121 4580; x_wconf 89' lang='lat' dir='ltr'>atque</span> <span class='ocrx_word' id='word_1_245' title='bbox 1163 4515 1443 4562; x_wconf 88' lang='lat' dir='ltr'>uxorem</span> <span class='ocrx_word' id='word_1_246' title='bbox 1485 4502 1711 4560; x_wconf 88' lang='lat' dir='ltr'>nostro</span> <span class='ocrx_word' id='word_1_247' title='bbox 1755 4499 2017 4561; x_wconf 84' lang='lat' dir='ltr'>nomine</span> <span class='ocrx_word' id='word_1_248' title='bbox 2031 4549 2047 4575; x_wconf 92' lang='lat'>‚</span> <span class='ocrx_word' id='word_1_249' title='bbox 2107 4518 2306 4581; x_wconf 88' lang='lat' dir='ltr'>quam</span> <span class='ocrx_word' id='word_1_250' title='bbox 2348 4505 2562 4564; x_wconf 89' lang='lat' dir='ltr'>tecum</span> 
     </span>
     <span class='ocr_line' id='line_1_39' title="bbox 605 4581 2557 4733; baseline 0 -85"><span class='ocrx_word' id='word_1_251' title='bbox 605 4589 676 4648; x_wconf 91' lang='lat' dir='ltr'>et</span> <span class='ocrx_word' id='word_1_252' title='bbox 695 4603 843 4733; x_wconf 59' lang='lat' dir='ltr'>mfa</span> <span class='ocrx_word' id='word_1_253' title='bbox 864 4582 1124 4662; x_wconf 88' lang='lat' dir='ltr'>salutat,</span> <span class='ocrx_word' id='word_1_254' title='bbox 1144 4584 1202 4668; x_wconf 80' lang='lat'>⁸)</span> <span class='ocrx_word' id='word_1_255' title='bbox 1238 4603 1389 4649; x_wconf 84' lang='lat' dir='ltr'>cum</span> <span class='ocrx_word' id='word_1_256' title='bbox 1426 4583 1555 4648; x_wconf 89' lang='lat' dir='ltr'>tuis</span> <span class='ocrx_word' id='word_1_257' title='bbox 1590 4581 1858 4667; x_wconf 86' lang='lat' dir='ltr'>collegis</span> <span class='ocrx_word' id='word_1_258' title='bbox 1891 4581 2216 4649; x_wconf 89' lang='lat' dir='ltr'>fidelibus.</span> <span class='ocrx_word' id='word_1_259' title='bbox 2283 4586 2557 4669; x_wconf 85' lang='lat' dir='ltr'>Argent.</span> 
     </span>
     <span class='ocr_line' id='line_1_40' title="bbox 609 4668 1165 4735; baseline 0.004 -3"><span class='ocrx_word' id='word_1_260' title='bbox 609 4673 709 4735; x_wconf 90' lang='grc'>10.</span> <span class='ocrx_word' id='word_1_261' title='bbox 793 4668 935 4733; x_wconf 89' lang='grc'>111111</span> <span class='ocrx_word' id='word_1_262' title='bbox 984 4671 1165 4734; x_wconf 85' lang='grc'>1542.</span> 
     </span>
    </p>
   </div>
   <div class='ocr_carea' id='block_1_10' title="bbox 1652 4804 2300 4873">
    <p class='ocr_par' dir='ltr' id='par_1_10' title="bbox 1652 4804 2300 4873">
     <span class='ocr_line' id='line_1_41' title="bbox 1652 4804 2300 4873; baseline 0.003 -3"><span class='ocrx_word' id='word_1_263' title='bbox 1652 4804 1745 4871; x_wconf 83' lang='grc' dir='ltr'>Μ.</span> <span class='ocrx_word' id='word_1_264' title='bbox 1790 4805 2087 4872; x_wconf 87' lang='lat' dir='ltr'>Bucerus</span> <span class='ocrx_word' id='word_1_265' title='bbox 2129 4813 2300 4873; x_wconf 90' lang='lat' dir='ltr'>tuus.</span> 
     </span>
    </p>
   </div>
   <div class='ocr_carea' id='block_1_11' title="bbox 605 4969 1018 4982">
    <p class='ocr_par' dir='ltr' id='par_1_11' title="bbox 605 4969 1018 4982">
     <span class='ocr_line' id='line_1_42' title="bbox 605 4969 1018 4982; baseline 0 1185"><span class='ocrx_word' id='word_1_266' title='bbox 605 4969 1018 4982; x_wconf 95' lang='lat' dir='ltr'> </span> 
     </span>
    </p>
   </div>
   <div class='ocr_carea' id='block_1_12' title="bbox 609 5061 2556 5338">
    <p class='ocr_par' dir='ltr' id='par_1_12' title="bbox 638 5061 2556 5202">
     <span class='ocr_line' id='line_1_43' title="bbox 638 5061 2556 5133; baseline 0.002 -19"><span class='ocrx_word' id='word_1_267' title='bbox 638 5061 770 5124; x_wconf 71' lang='grc'>401.</span> <span class='ocrx_word' id='word_1_268' title='bbox 809 5063 869 5124; x_wconf 89' lang='lat'>1)</span> <span class='ocrx_word' id='word_1_269' title='bbox 907 5061 1179 5116; x_wconf 61' lang='lat' dir='ltr'>Smlerus</span> <span class='ocrx_word' id='word_1_270' title='bbox 1221 5062 1285 5115; x_wconf 69' lang='lat' dir='ltr'>iu</span> <span class='ocrx_word' id='word_1_271' title='bbox 1316 5061 1597 5130; x_wconf 62' lang='lat' dir='ltr'>margine.-</span> <span class='ocrx_word' id='word_1_272' title='bbox 1651 5062 1993 5117; x_wconf 81' lang='lat' dir='ltr'>Professores</span> <span class='ocrx_word' id='word_1_273' title='bbox 2030 5070 2163 5133; x_wconf 84' lang='lat' dir='ltr'>puto</span> <span class='ocrx_word' id='word_1_274' title='bbox 2201 5064 2556 5118; x_wconf 80' lang='lat' dir='ltr'>Basileenses.</span> 
     </span>
     <span class='ocr_line' id='line_1_44' title="bbox 814 5129 2133 5202; baseline 0.002 -19"><span class='ocrx_word' id='word_1_275' title='bbox 814 5131 868 5196; x_wconf 82' lang='lat'>2)</span> <span class='ocrx_word' id='word_1_276' title='bbox 902 5131 1166 5184; x_wconf 55' lang='lat' dir='ltr'>Beronum</span> <span class='ocrx_word' id='word_1_277' title='bbox 1219 5146 1263 5183; x_wconf 77' lang='grc' dir='ltr'>ο.</span> <span class='ocrx_word' id='word_1_278' title='bbox 1291 5131 1563 5202; x_wconf 69' lang='lat' dir='ltr'>Berteehy</span> <span class='ocrx_word' id='word_1_279' title='bbox 1590 5129 2133 5200; x_wconf 65' lang='lat' dir='ltr'>Rorsckaememem,</span> 
     </span>
    </p>

    <p class='ocr_par' dir='ltr' id='par_1_13' title="bbox 609 5198 2384 5338">
     <span class='ocr_line' id='line_1_45' title="bbox 609 5198 2384 5271; baseline 0.002 -17"><span class='ocrx_word' id='word_1_280' title='bbox 609 5198 658 5254; x_wconf 72' lang='lat' dir='ltr'><em>S</em></span> <span class='ocrx_word' id='word_1_281' title='bbox 708 5200 1048 5267; x_wconf 71' lang='lat' dir='ltr'>Leonhardi,</span> <span class='ocrx_word' id='word_1_282' title='bbox 1093 5199 1504 5268; x_wconf 71' lang='lat' dir='ltr'>Oeoolampadii</span> <span class='ocrx_word' id='word_1_283' title='bbox 1535 5206 1588 5254; x_wconf 79' lang='lat' dir='ltr'>et</span> <span class='ocrx_word' id='word_1_284' title='bbox 1619 5201 1876 5271; x_wconf 70' lang='lat' dir='ltr'>Myconii</span> <span class='ocrx_word' id='word_1_285' title='bbox 1907 5200 2082 5269; x_wconf 69' lang='lat' dir='ltr'>fidum</span> <span class='ocrx_word' id='word_1_286' title='bbox 2115 5201 2384 5257; x_wconf 63' lang='lat' dir='ltr'>Achaten.</span> 
     </span>
     <span class='ocr_line' id='line_1_46' title="bbox 816 5268 1822 5338; baseline 0.003 -16"><span class='ocrx_word' id='word_1_287' title='bbox 816 5269 875 5335; x_wconf 89' lang='grc'>3)</span> <span class='ocrx_word' id='word_1_288' title='bbox 912 5268 997 5336; x_wconf 79' lang='lat' dir='ltr'>Cf.</span> <span class='ocrx_word' id='word_1_289' title='bbox 1034 5284 1121 5338; x_wconf 80' lang='lat' dir='ltr'>ep.</span> <span class='ocrx_word' id='word_1_290' title='bbox 1151 5269 1564 5338; x_wconf 71' lang='lat' dir='ltr'>praecedentem</span> <span class='ocrx_word' id='word_1_291' title='bbox 1598 5269 1732 5325; x_wconf 82' lang='lat' dir='ltr'>Not.</span> <span class='ocrx_word' id='word_1_292' title='bbox 1767 5269 1822 5325; x_wconf 77' lang='lat'>4.</span> 
     </span>
    </p>
   </div>
   <div class='ocr_carea' id='block_1_13' title="bbox 2191 353 3092 422">
    <p class='ocr_par' dir='ltr' id='par_1_14' title="bbox 2191 353 3092 422">
     <span class='ocr_line' id='line_1_47' title="bbox 2191 353 3092 422; baseline -0.003 0"><span class='ocrx_word' id='word_1_293' title='bbox 2191 353 2711 422; x_wconf 72' lang='lat' dir='ltr'><strong>EPISTOLAE</strong></span> <span class='ocrx_word' id='word_1_294' title='bbox 2751 358 3092 420; x_wconf 83' lang='lat'>400—403</span> 
     </span>
    </p>
   </div>
   <div class='ocr_carea' id='block_1_14' title="bbox 2480 5129 3301 5198">
    <p class='ocr_par' dir='ltr' id='par_1_15' title="bbox 2480 5129 3301 5198">
     <span class='ocr_line' id='line_1_48' title="bbox 2480 5129 3301 5198; baseline -0.005 -9"><span class='ocrx_word' id='word_1_295' title='bbox 2480 5131 2560 5189; x_wconf 76' lang='lat' dir='ltr'>ad</span> <span class='ocrx_word' id='word_1_296' title='bbox 2662 5129 2840 5198; x_wconf 66' lang='lat' dir='ltr'>aim,</span> <span class='ocrx_word' id='word_1_297' title='bbox 2878 5131 3009 5184; x_wconf 79' lang='lat' dir='ltr'>olim</span> <span class='ocrx_word' id='word_1_298' title='bbox 3043 5136 3301 5185; x_wconf 67' lang='lat' dir='ltr'>strenuus</span> 
     </span>
    </p>
   </div>
   <div class='ocr_carea' id='block_1_15' title="bbox 2610 547 2647 5302">
    <p class='ocr_par' dir='ltr' id='par_1_16' title="bbox 2610 547 2647 5302">
     <span class='ocr_line' id='line_1_49' title="bbox 2610 547 2647 5302; baseline 0 0"><span class='ocrx_word' id='word_1_299' title='bbox 2610 547 2647 5302; x_wconf 95' lang='lat' dir='ltr'> </span> 
     </span>
    </p>
   </div>
   <div class='ocr_carea' id='block_1_16' title="bbox 4518 359 4639 420">
    <p class='ocr_par' dir='ltr' id='par_1_17' title="bbox 4518 359 4639 420">
     <span class='ocr_line' id='line_1_50' title="bbox 4518 359 4639 420; baseline 0.017 -2"><span class='ocrx_word' id='word_1_300' title='bbox 4518 359 4639 420; x_wconf 83' lang='lat'>408</span> 
     </span>
    </p>
   </div>
   <div class='ocr_carea' id='block_1_17' title="bbox 3178 593 4150 815">
    <p class='ocr_par' dir='ltr' id='par_1_18' title="bbox 3178 593 4150 815">
     <span class='ocr_line' id='line_1_51' title="bbox 3588 593 3743 664; baseline 0.006 -1"><span class='ocrx_word' id='word_1_301' title='bbox 3588 593 3743 664; x_wconf 79' lang='lat'>4⁰2.</span> 
     </span>
     <span class='ocr_line' id='line_1_52' title="bbox 3178 746 4150 815; baseline 0 -1"><span class='ocrx_word' id='word_1_302' title='bbox 3178 747 3649 815; x_wconf 76' lang='lat' dir='ltr'><strong>OALVINUS</strong></span> <span class='ocrx_word' id='word_1_303' title='bbox 3687 746 4150 814; x_wconf 72' lang='lat' dir='ltr'>PARELLO.</span> 
     </span>
    </p>
   </div>
   <div class='ocr_carea' id='block_1_18' title="bbox 2867 916 4180 1014">
    <p class='ocr_par' dir='ltr' id='par_1_19' title="bbox 2867 916 4180 1014">
     <span class='ocr_line' id='line_1_53' title="bbox 2867 916 4180 1014; baseline -0.001 -29"><span class='ocrx_word' id='word_1_304' title='bbox 2867 918 3114 985; x_wconf 79' lang='lat' dir='ltr'>Obitum</span> <span class='ocrx_word' id='word_1_305' title='bbox 3154 925 3379 985; x_wconf 71' lang='lat' dir='ltr'>narrat</span> <span class='ocrx_word' id='word_1_306' title='bbox 3423 921 3569 984; x_wconf 84' lang='lat' dir='ltr'>Am.</span> <span class='ocrx_word' id='word_1_307' title='bbox 3604 916 3879 1014; x_wconf 60' lang='lat' dir='ltr'>⁸Pon-alis,-</span> <span class='ocrx_word' id='word_1_308' title='bbox 3920 919 4180 1001; x_wconf 72' lang='lat' dir='ltr'>syndici.</span> 
     </span>
    </p>
   </div>
   <div class='ocr_carea' id='block_1_19' title="bbox 2689 1088 4637 1298">
    <p class='ocr_par' dir='ltr' id='par_1_20' title="bbox 2689 1088 4637 1298">
     <span class='ocr_line' id='line_1_54' title="bbox 2689 1088 4636 1161; baseline 0.002 -20"><span class='ocrx_word' id='word_1_309' title='bbox 2689 1088 2879 1156; x_wconf 83' lang='lat' dir='ltr'>(Manu</span> <span class='ocrx_word' id='word_1_310' title='bbox 2914 1090 3118 1159; x_wconf 85' lang='lat' dir='ltr'>scripta</span> <span class='ocrx_word' id='word_1_311' title='bbox 3153 1107 3260 1144; x_wconf 90' lang='grc'>11011</span> <span class='ocrx_word' id='word_1_312' title='bbox 3298 1095 3492 1145; x_wconf 84' lang='lat' dir='ltr'>exstat.</span> <span class='ocrx_word' id='word_1_313' title='bbox 3564 1090 3730 1144; x_wconf 87' lang='lat' dir='ltr'>Edita</span> <span class='ocrx_word' id='word_1_314' title='bbox 3779 1096 3864 1144; x_wconf 87' lang='grc'>888</span> <span class='ocrx_word' id='word_1_315' title='bbox 3910 1108 3943 1143; x_wconf 90' lang='grc'>8</span> <span class='ocrx_word' id='word_1_316' title='bbox 3979 1090 4123 1143; x_wconf 78' lang='lat' dir='ltr'>Beza</span> <span class='ocrx_word' id='word_1_317' title='bbox 4171 1090 4255 1144; x_wconf 86' lang='lat' dir='ltr'>ed.</span> <span class='ocrx_word' id='word_1_318' title='bbox 4293 1091 4428 1145; x_wconf 83' lang='lat' dir='ltr'>Gen.</span> <span class='ocrx_word' id='word_1_319' title='bbox 4466 1109 4517 1161; x_wconf 87' lang='lat' dir='ltr'>p.</span> <span class='ocrx_word' id='word_1_320' title='bbox 4553 1090 4636 1158; x_wconf 82' lang='grc'>88,</span> 
     </span>
     <span class='ocr_line' id='line_1_55' title="bbox 2690 1156 4637 1229; baseline 0.002 -18"><span class='ocrx_word' id='word_1_321' title='bbox 2690 1158 2848 1212; x_wconf 87' lang='lat' dir='ltr'>Laus.</span> <span class='ocrx_word' id='word_1_322' title='bbox 2897 1175 2951 1227; x_wconf 91' lang='lat' dir='ltr'>p.</span> <span class='ocrx_word' id='word_1_323' title='bbox 2989 1157 3083 1224; x_wconf 88' lang='grc'>81,</span> <span class='ocrx_word' id='word_1_324' title='bbox 3138 1159 3348 1216; x_wconf 84' lang='grc' dir='ltr'>Η81101.</span> <span class='ocrx_word' id='word_1_325' title='bbox 3397 1176 3450 1229; x_wconf 89' lang='lat' dir='ltr'>p.</span> <span class='ocrx_word' id='word_1_326' title='bbox 3488 1158 3585 1223; x_wconf 88' lang='grc'>90,</span> <span class='ocrx_word' id='word_1_327' title='bbox 3634 1159 3843 1214; x_wconf 88' lang='lat' dir='ltr'>Chouet</span> <span class='ocrx_word' id='word_1_328' title='bbox 3888 1176 3945 1227; x_wconf 88' lang='lat' dir='ltr'>p.</span> <span class='ocrx_word' id='word_1_329' title='bbox 3980 1156 4051 1211; x_wconf 78' lang='lat'>48</span> <span class='ocrx_word' id='word_1_330' title='bbox 4127 1162 4301 1214; x_wconf 79' lang='lat' dir='ltr'>Amat.</span> <span class='ocrx_word' id='word_1_331' title='bbox 4348 1177 4401 1229; x_wconf 90' lang='lat' dir='ltr'>p.</span> <span class='ocrx_word' id='word_1_332' title='bbox 4438 1159 4523 1214; x_wconf 76' lang='lat'>22.</span> <span class='ocrx_word' id='word_1_333' title='bbox 4568 1190 4637 1199; x_wconf 91' lang='lat'><em>-</em></span> 
     </span>
     <span class='ocr_line' id='line_1_56' title="bbox 3212 1201 4122 1298; baseline -0.001 -16"><span class='ocrx_word' id='word_1_334' title='bbox 3212 1229 3438 1298; x_wconf 79' lang='lat' dir='ltr'>Anglioe</span> <span class='ocrx_word' id='word_1_335' title='bbox 3473 1228 3673 1297; x_wconf 77' lang='lat' dir='ltr'>legitur</span> <span class='ocrx_word' id='word_1_336' title='bbox 3707 1228 3767 1281; x_wconf 79' lang='grc'>1.</span> <span class='ocrx_word' id='word_1_337' title='bbox 3804 1229 3848 1281; x_wconf 93' lang='lat'>1.</span> <span class='ocrx_word' id='word_1_338' title='bbox 3884 1244 3937 1297; x_wconf 79' lang='lat' dir='ltr'>p.</span> <span class='ocrx_word' id='word_1_339' title='bbox 3972 1201 4122 1294; x_wconf 67' lang='lat' dir='ltr'>soi.)</span> 
     </span>
    </p>
   </div>
   <div class='ocr_carea' id='block_1_20' title="bbox 2660 1397 4636 4910">
    <p class='ocr_par' dir='ltr' id='par_1_21' title="bbox 2660 1397 4636 4910">
     <span class='ocr_line' id='line_1_57' title="bbox 2857 1397 4636 1484; baseline 0.001 -20"><span class='ocrx_word' id='word_1_340' title='bbox 2857 1397 3132 1464; x_wconf 89' lang='lat' dir='ltr'>Utinam</span> <span class='ocrx_word' id='word_1_341' title='bbox 3198 1400 3293 1464; x_wconf 89' lang='lat' dir='ltr'>ita</span> <span class='ocrx_word' id='word_1_342' title='bbox 3347 1398 3431 1464; x_wconf 89' lang='lat' dir='ltr'>ad</span> <span class='ocrx_word' id='word_1_343' title='bbox 3495 1401 3862 1482; x_wconf 85' lang='lat' dir='ltr'>praesentis</span> <span class='ocrx_word' id='word_1_344' title='bbox 3926 1400 4103 1464; x_wconf 90' lang='lat' dir='ltr'>vitae</span> <span class='ocrx_word' id='word_1_345' title='bbox 4167 1410 4636 1484; x_wconf 89' lang='lat' dir='ltr'>contemptum,</span> 
     </span>
     <span class='ocr_line' id='line_1_58' title="bbox 2688 1484 4635 1561; baseline 0.003 -14"><span class='ocrx_word' id='word_1_346' title='bbox 2688 1504 2763 1550; x_wconf 92' lang='lat' dir='ltr'>ac</span> <span class='ocrx_word' id='word_1_347' title='bbox 2804 1493 3066 1549; x_wconf 87' lang='lat' dir='ltr'>sanctae</span> <span class='ocrx_word' id='word_1_348' title='bbox 3109 1485 3339 1549; x_wconf 88' lang='lat' dir='ltr'>mortis</span> <span class='ocrx_word' id='word_1_349' title='bbox 3385 1485 3879 1550; x_wconf 86' lang='lat' dir='ltr'>meditationem</span> <span class='ocrx_word' id='word_1_350' title='bbox 3921 1484 4201 1561; x_wconf 87' lang='lat' dir='ltr'>erudiar,</span> <span class='ocrx_word' id='word_1_351' title='bbox 4248 1495 4322 1551; x_wconf 91' lang='lat' dir='ltr'>ut</span> <span class='ocrx_word' id='word_1_352' title='bbox 4364 1486 4473 1552; x_wconf 91' lang='lat' dir='ltr'>hic</span> <span class='ocrx_word' id='word_1_353' title='bbox 4516 1508 4635 1551; x_wconf 87' lang='lat' dir='ltr'>an-</span> 
     </span>
     <span class='ocr_line' id='line_1_59' title="bbox 2687 1569 4632 1653; baseline 0.002 -19"><span class='ocrx_word' id='word_1_354' title='bbox 2687 1592 2814 1635; x_wconf 88' lang='lat' dir='ltr'>nus</span> <span class='ocrx_word' id='word_1_355' title='bbox 2870 1571 3098 1634; x_wconf 88' lang='lat' dir='ltr'>multis</span> <span class='ocrx_word' id='word_1_356' title='bbox 3158 1571 3412 1653; x_wconf 90' lang='lat' dir='ltr'>piorum</span> <span class='ocrx_word' id='word_1_357' title='bbox 3467 1569 3809 1637; x_wconf 87' lang='lat' dir='ltr'>funeribus</span> <span class='ocrx_word' id='word_1_358' title='bbox 3871 1571 4037 1635; x_wconf 88' lang='lat' dir='ltr'>mihi</span> <span class='ocrx_word' id='word_1_359' title='bbox 4100 1570 4436 1637; x_wconf 88' lang='lat' dir='ltr'>luctuosus</span> <span class='ocrx_word' id='word_1_360' title='bbox 4491 1572 4632 1638; x_wconf 87' lang='lat' dir='ltr'>fuit.</span> 
     </span>
     <span class='ocr_line' id='line_1_60' title="bbox 2691 1654 4633 1740; baseline 0.002 -21"><span class='ocrx_word' id='word_1_361' title='bbox 2691 1655 2948 1721; x_wconf 71' lang='lat' dir='ltr'>Porazis</span> <span class='ocrx_word' id='word_1_362' title='bbox 2974 1655 3020 1740; x_wconf 87' lang='lat'>¹)</span> <span class='ocrx_word' id='word_1_363' title='bbox 3066 1657 3317 1738; x_wconf 87' lang='lat' dir='ltr'>primus</span> <span class='ocrx_word' id='word_1_364' title='bbox 3372 1655 3555 1721; x_wconf 88' lang='lat' dir='ltr'>urbis</span> <span class='ocrx_word' id='word_1_365' title='bbox 3608 1656 3922 1740; x_wconf 82' lang='lat' dir='ltr'>syndicus</span> <span class='ocrx_word' id='word_1_366' title='bbox 3976 1654 4061 1722; x_wconf 88' lang='lat' dir='ltr'>ad</span> <span class='ocrx_word' id='word_1_367' title='bbox 4102 1654 4465 1722; x_wconf 91' lang='lat' dir='ltr'>Dominum</span> <span class='ocrx_word' id='word_1_368' title='bbox 4509 1659 4633 1722; x_wconf 92' lang='lat' dir='ltr'>mi-</span> 
     </span>
     <span class='ocr_line' id='line_1_61' title="bbox 2685 1741 4635 1826; baseline 0.003 -22"><span class='ocrx_word' id='word_1_369' title='bbox 2685 1741 2930 1825; x_wconf 85' lang='lat' dir='ltr'>gravit:</span> <span class='ocrx_word' id='word_1_370' title='bbox 2990 1743 3175 1807; x_wconf 90' lang='lat' dir='ltr'>cuius</span> <span class='ocrx_word' id='word_1_371' title='bbox 3220 1761 3398 1806; x_wconf 89' lang='lat' dir='ltr'>mors</span> <span class='ocrx_word' id='word_1_372' title='bbox 3441 1741 3648 1819; x_wconf 88' lang='lat' dir='ltr'>nobis,</span> <span class='ocrx_word' id='word_1_373' title='bbox 3705 1753 3782 1807; x_wconf 89' lang='lat' dir='ltr'>ut</span> <span class='ocrx_word' id='word_1_374' title='bbox 3824 1762 3943 1825; x_wconf 86' lang='lat' dir='ltr'>par</span> <span class='ocrx_word' id='word_1_375' title='bbox 3985 1752 4145 1818; x_wconf 86' lang='lat' dir='ltr'>erat,</span> <span class='ocrx_word' id='word_1_376' title='bbox 4191 1743 4397 1808; x_wconf 88' lang='lat' dir='ltr'>tristis</span> <span class='ocrx_word' id='word_1_377' title='bbox 4437 1755 4635 1826; x_wconf 88' lang='lat' dir='ltr'>atque</span> 
     </span>
     <span class='ocr_line' id='line_1_62' title="bbox 2685 1826 4635 1910; baseline 0.002 -19"><span class='ocrx_word' id='word_1_378' title='bbox 2685 1827 2917 1892; x_wconf 89' lang='lat' dir='ltr'>acerba</span> <span class='ocrx_word' id='word_1_379' title='bbox 2958 1826 3100 1891; x_wconf 86' lang='lat' dir='ltr'>fuit.</span> <span class='ocrx_word' id='word_1_380' title='bbox 3189 1827 3405 1909; x_wconf 83' lang='lat' dir='ltr'>Ipsius</span> <span class='ocrx_word' id='word_1_381' title='bbox 3447 1848 3602 1892; x_wconf 88' lang='lat' dir='ltr'>vero</span> <span class='ocrx_word' id='word_1_382' title='bbox 3645 1830 3878 1892; x_wconf 90' lang='lat' dir='ltr'>mortis</span> <span class='ocrx_word' id='word_1_383' title='bbox 3923 1829 4170 1910; x_wconf 87' lang='lat' dir='ltr'>species</span> <span class='ocrx_word' id='word_1_384' title='bbox 4215 1838 4287 1893; x_wconf 90' lang='lat' dir='ltr'>ut</span> <span class='ocrx_word' id='word_1_385' title='bbox 4331 1828 4635 1895; x_wconf 89' lang='lat' dir='ltr'>nonnihil</span> 
     </span>
     <span class='ocr_line' id='line_1_63' title="bbox 2684 1910 4633 1990; baseline 0.003 -15"><span class='ocrx_word' id='word_1_386' title='bbox 2684 1910 2847 1975; x_wconf 89' lang='lat' dir='ltr'>mihi</span> <span class='ocrx_word' id='word_1_387' title='bbox 2901 1912 3120 1977; x_wconf 87' lang='lat' dir='ltr'>solatii</span> <span class='ocrx_word' id='word_1_388' title='bbox 3174 1912 3423 1990; x_wconf 89' lang='lat' dir='ltr'>attulit,</span> <span class='ocrx_word' id='word_1_389' title='bbox 3493 1913 3590 1977; x_wconf 82' lang='lat' dir='ltr'>ita</span> <span class='ocrx_word' id='word_1_390' title='bbox 3646 1934 3732 1979; x_wconf 86' lang='lat' dir='ltr'>ex</span> <span class='ocrx_word' id='word_1_391' title='bbox 3783 1912 4059 1978; x_wconf 89' lang='lat' dir='ltr'>adverso</span> <span class='ocrx_word' id='word_1_392' title='bbox 4113 1914 4282 1978; x_wconf 91' lang='lat' dir='ltr'>mihi</span> <span class='ocrx_word' id='word_1_393' title='bbox 4339 1914 4633 1980; x_wconf 90' lang='lat' dir='ltr'>dolorem</span> 
     </span>
     <span class='ocr_line' id='line_1_64' title="bbox 2683 1995 4634 2083; baseline 0.003 -21"><span class='ocrx_word' id='word_1_394' title='bbox 2683 1999 2884 2076; x_wconf 89' lang='lat' dir='ltr'>auxit,</span> <span class='ocrx_word' id='word_1_395' title='bbox 2931 1995 3090 2062; x_wconf 91' lang='lat' dir='ltr'>dum</span> <span class='ocrx_word' id='word_1_396' title='bbox 3132 1999 3344 2081; x_wconf 87' lang='lat' dir='ltr'>cogito</span> <span class='ocrx_word' id='word_1_397' title='bbox 3387 2006 3709 2082; x_wconf 85' lang='lat' dir='ltr'>quantum</span> <span class='ocrx_word' id='word_1_398' title='bbox 3747 2000 3819 2063; x_wconf 90' lang='lat' dir='ltr'>in</span> <span class='ocrx_word' id='word_1_399' title='bbox 3855 2020 3932 2065; x_wconf 92' lang='lat' dir='ltr'>eo</span> <span class='ocrx_word' id='word_1_400' title='bbox 3964 1999 4231 2066; x_wconf 86' lang='lat' dir='ltr'>homine</span> <span class='ocrx_word' id='word_1_401' title='bbox 4273 1999 4634 2083; x_wconf 87' lang='lat' dir='ltr'>perdideri-</span> 
     </span>
     <span class='ocr_line' id='line_1_65' title="bbox 2682 2083 4633 2169; baseline 0.003 -22"><span class='ocrx_word' id='word_1_402' title='bbox 2682 2103 2845 2148; x_wconf 89' lang='lat' dir='ltr'>mus.</span> <span class='ocrx_word' id='word_1_403' title='bbox 2935 2083 3264 2148; x_wconf 88' lang='lat' dir='ltr'>Postridie</span> <span class='ocrx_word' id='word_1_404' title='bbox 3305 2104 3497 2165; x_wconf 91' lang='lat' dir='ltr'>quam</span> <span class='ocrx_word' id='word_1_405' title='bbox 3556 2085 3627 2148; x_wconf 92' lang='lat' dir='ltr'>in</span> <span class='ocrx_word' id='word_1_406' title='bbox 3669 2086 3974 2150; x_wconf 90' lang='lat' dir='ltr'>morbum</span> <span class='ocrx_word' id='word_1_407' title='bbox 4015 2085 4364 2164; x_wconf 86' lang='lat' dir='ltr'>inciderat,</span> <span class='ocrx_word' id='word_1_408' title='bbox 4424 2107 4633 2169; x_wconf 89' lang='lat' dir='ltr'>quum</span> 
     </span>
     <span class='ocr_line' id='line_1_66' title="bbox 2682 2168 4633 2254; baseline 0.002 -20"><span class='ocrx_word' id='word_1_409' title='bbox 2682 2189 2972 2234; x_wconf 90' lang='lat' dir='ltr'>essemus</span> <span class='ocrx_word' id='word_1_410' title='bbox 3016 2168 3188 2252; x_wconf 89' lang='lat' dir='ltr'>apud</span> <span class='ocrx_word' id='word_1_411' title='bbox 3246 2190 3394 2234; x_wconf 90' lang='lat' dir='ltr'>eum</span> <span class='ocrx_word' id='word_1_412' title='bbox 3451 2191 3573 2254; x_wconf 85' lang='lat' dir='ltr'>ego</span> <span class='ocrx_word' id='word_1_413' title='bbox 3629 2177 3698 2235; x_wconf 92' lang='lat' dir='ltr'>et</span> <span class='ocrx_word' id='word_1_414' title='bbox 3756 2170 4036 2248; x_wconf 63' lang='lat' dir='ltr'>Vir-etue,</span> <span class='ocrx_word' id='word_1_415' title='bbox 4094 2170 4516 2237; x_wconf 85' lang='lat' dir='ltr'>denunciavit</span> <span class='ocrx_word' id='word_1_416' title='bbox 4560 2193 4633 2238; x_wconf 89' lang='lat' dir='ltr'>se</span> 
     </span>
     <span class='ocr_line' id='line_1_67' title="bbox 2682 2254 4628 2339; baseline 0.002 -21"><span class='ocrx_word' id='word_1_417' title='bbox 2682 2254 2762 2318; x_wconf 92' lang='lat' dir='ltr'>de</span> <span class='ocrx_word' id='word_1_418' title='bbox 2806 2254 2946 2319; x_wconf 91' lang='lat' dir='ltr'>vita</span> <span class='ocrx_word' id='word_1_419' title='bbox 2987 2254 3364 2336; x_wconf 89' lang='lat' dir='ltr'>periclitari:</span> <span class='ocrx_word' id='word_1_420' title='bbox 3419 2257 3725 2321; x_wconf 88' lang='lat' dir='ltr'>morbum</span> <span class='ocrx_word' id='word_1_421' title='bbox 3766 2257 3942 2321; x_wconf 90' lang='lat' dir='ltr'>enim</span> <span class='ocrx_word' id='word_1_422' title='bbox 4000 2277 4192 2339; x_wconf 88' lang='lat' dir='ltr'>quem</span> <span class='ocrx_word' id='word_1_423' title='bbox 4236 2258 4628 2338; x_wconf 89' lang='lat' dir='ltr'>patiebatur,</span> 
     </span>
     <span class='ocr_line' id='line_1_68' title="bbox 2680 2339 4631 2408; baseline 0.003 -5"><span class='ocrx_word' id='word_1_424' title='bbox 2680 2339 2961 2404; x_wconf 85' lang='lat' dir='ltr'>familiae</span> <span class='ocrx_word' id='word_1_425' title='bbox 3017 2362 3173 2405; x_wconf 88' lang='lat' dir='ltr'>suae</span> <span class='ocrx_word' id='word_1_426' title='bbox 3226 2360 3368 2406; x_wconf 91' lang='lat' dir='ltr'>esse</span> <span class='ocrx_word' id='word_1_427' title='bbox 3422 2340 3706 2406; x_wconf 87' lang='lat' dir='ltr'>fatalem.</span> <span class='ocrx_word' id='word_1_428' title='bbox 3796 2342 4165 2408; x_wconf 88' lang='lat' dir='ltr'>Habuimus</span> <span class='ocrx_word' id='word_1_429' title='bbox 4207 2340 4442 2407; x_wconf 90' lang='lat' dir='ltr'>deinde</span> <span class='ocrx_word' id='word_1_430' title='bbox 4483 2343 4631 2408; x_wconf 89' lang='lat' dir='ltr'>lon·</span> 
     </span>
     <span class='ocr_line' id='line_1_69' title="bbox 2679 2425 4629 2510; baseline 0.002 -21"><span class='ocrx_word' id='word_1_431' title='bbox 2679 2445 2838 2509; x_wconf 87' lang='lat' dir='ltr'>gum</span> <span class='ocrx_word' id='word_1_432' title='bbox 2913 2445 3281 2490; x_wconf 89' lang='lat' dir='ltr'>sermonem</span> <span class='ocrx_word' id='word_1_433' title='bbox 3346 2425 3427 2490; x_wconf 92' lang='grc'>(18</span> <span class='ocrx_word' id='word_1_434' title='bbox 3494 2428 3690 2492; x_wconf 89' lang='lat' dir='ltr'>rebus</span> <span class='ocrx_word' id='word_1_435' title='bbox 3756 2428 3985 2493; x_wconf 86' lang='lat' dir='ltr'>variis:</span> <span class='ocrx_word' id='word_1_436' title='bbox 4066 2427 4159 2494; x_wconf 90' lang='lat' dir='ltr'>sic</span> <span class='ocrx_word' id='word_1_437' title='bbox 4222 2428 4629 2510; x_wconf 89' lang='lat' dir='ltr'>loquebatur,</span> 
     </span>
     <span class='ocr_line' id='line_1_70' title="bbox 2678 2511 4633 2597; baseline 0.003 -22"><span class='ocrx_word' id='word_1_438' title='bbox 2678 2512 2867 2594; x_wconf 90' lang='lat' dir='ltr'>quasi</span> <span class='ocrx_word' id='word_1_439' title='bbox 2910 2532 3073 2576; x_wconf 90' lang='lat' dir='ltr'>sana</span> <span class='ocrx_word' id='word_1_440' title='bbox 3115 2518 3286 2576; x_wconf 87' lang='lat' dir='ltr'>esset</span> <span class='ocrx_word' id='word_1_441' title='bbox 3328 2531 3404 2576; x_wconf 92' lang='lat' dir='ltr'>ac</span> <span class='ocrx_word' id='word_1_442' title='bbox 3438 2511 3699 2596; x_wconf 84' lang='lat' dir='ltr'>integra</span> <span class='ocrx_word' id='word_1_443' title='bbox 3732 2512 4125 2579; x_wconf 83' lang='lat' dir='ltr'>valetudine.</span> <span class='ocrx_word' id='word_1_444' title='bbox 4193 2513 4411 2579; x_wconf 90' lang='lat' dir='ltr'>Biduo</span> <span class='ocrx_word' id='word_1_445' title='bbox 4454 2514 4633 2597; x_wconf 87' lang='lat' dir='ltr'>quod</span> 
     </span>
     <span class='ocr_line' id='line_1_71' title="bbox 2676 2597 4632 2680; baseline 0.003 -20"><span class='ocrx_word' id='word_1_446' title='bbox 2676 2597 2979 2680; x_wconf 89' lang='lat' dir='ltr'>proxime</span> <span class='ocrx_word' id='word_1_447' title='bbox 3023 2604 3370 2679; x_wconf 90' lang='lat' dir='ltr'>sequutum</span> <span class='ocrx_word' id='word_1_448' title='bbox 3425 2612 3525 2662; x_wconf 90' lang='lat' dir='ltr'>est</span> <span class='ocrx_word' id='word_1_449' title='bbox 3581 2599 3794 2663; x_wconf 87' lang='lat' dir='ltr'>acrius</span> <span class='ocrx_word' id='word_1_450' title='bbox 3851 2597 4202 2676; x_wconf 86' lang='lat' dir='ltr'>laboravit,</span> <span class='ocrx_word' id='word_1_451' title='bbox 4262 2600 4357 2665; x_wconf 93' lang='lat' dir='ltr'>sic</span> <span class='ocrx_word' id='word_1_452' title='bbox 4402 2612 4632 2666; x_wconf 90' lang='lat' dir='ltr'>tamen</span> 
     </span>
     <span class='ocr_line' id='line_1_72' title="bbox 2676 2682 4630 2771; baseline 0.003 -25"><span class='ocrx_word' id='word_1_453' title='bbox 2676 2691 2752 2747; x_wconf 92' lang='lat' dir='ltr'>ut</span> <span class='ocrx_word' id='word_1_454' title='bbox 2805 2683 3070 2766; x_wconf 85' lang='lat' dir='ltr'>ingenio</span> <span class='ocrx_word' id='word_1_455' title='bbox 3134 2691 3201 2747; x_wconf 92' lang='lat' dir='ltr'>et</span> <span class='ocrx_word' id='word_1_456' title='bbox 3252 2682 3559 2765; x_wconf 90' lang='lat' dir='ltr'>loquendi</span> <span class='ocrx_word' id='word_1_457' title='bbox 3626 2683 4017 2749; x_wconf 84' lang='lat' dir='ltr'>dexteritate</span> <span class='ocrx_word' id='word_1_458' title='bbox 4074 2706 4182 2749; x_wconf 86' lang='lat' dir='ltr'>ma</span> <span class='ocrx_word' id='word_1_459' title='bbox 4233 2684 4246 2698; x_wconf 85' lang='lat'><strong>‘</strong></span> <span class='ocrx_word' id='word_1_460' title='bbox 4345 2685 4630 2771; x_wconf 81' lang='lat' dir='ltr'>vigeret,</span> 
     </span>
     <span class='ocr_line' id='line_1_73' title="bbox 2677 2705 4630 2851; baseline 0.004 -19"><span class='ocrx_word' id='word_1_461' title='bbox 2677 2787 2874 2850; x_wconf 88' lang='lat' dir='ltr'>quam</span> <span class='ocrx_word' id='word_1_462' title='bbox 2916 2775 3058 2833; x_wconf 91' lang='lat' dir='ltr'>tota</span> <span class='ocrx_word' id='word_1_463' title='bbox 3103 2768 3263 2832; x_wconf 85' lang='lat' dir='ltr'>vita:</span> <span class='ocrx_word' id='word_1_464' title='bbox 3320 2768 3611 2851; x_wconf 87' lang='lat' dir='ltr'>quisquis</span> <span class='ocrx_word' id='word_1_465' title='bbox 3655 2767 3737 2833; x_wconf 89' lang='lat' dir='ltr'>ad</span> <span class='ocrx_word' id='word_1_466' title='bbox 3782 2790 3936 2834; x_wconf 89' lang='lat' dir='ltr'>eum</span> <span class='ocrx_word' id='word_1_467' title='bbox 3984 2705 4286 2835; x_wconf 63' lang='lat' dir='ltr'>visendgils</span> <span class='ocrx_word' id='word_1_468' title='bbox 4275 2792 4474 2838; x_wconf 90' lang='lat' dir='ltr'>causa</span> <span class='ocrx_word' id='word_1_469' title='bbox 4516 2793 4630 2839; x_wconf 89' lang='lat' dir='ltr'>ac-</span> 
     </span>
     <span class='ocr_line' id='line_1_74' title="bbox 2676 2851 4630 2939; baseline 0.002 -21"><span class='ocrx_word' id='word_1_470' title='bbox 2676 2863 2963 2919; x_wconf 87' lang='lat' dir='ltr'>cesserat</span> <span class='ocrx_word' id='word_1_471' title='bbox 2978 2904 2994 2930; x_wconf 96' lang='lat'>,</span> <span class='ocrx_word' id='word_1_472' title='bbox 3056 2851 3359 2918; x_wconf 86' lang='lat' dir='ltr'>audiebat</span> <span class='ocrx_word' id='word_1_473' title='bbox 3411 2855 3815 2937; x_wconf 86' lang='lat' dir='ltr'>praeclaram</span> <span class='ocrx_word' id='word_1_474' title='bbox 3876 2855 4160 2939; x_wconf 89' lang='lat' dir='ltr'>aliquam</span> <span class='ocrx_word' id='word_1_475' title='bbox 4219 2856 4630 2923; x_wconf 90' lang='lat' dir='ltr'>exhortatio-</span> 
     </span>
     <span class='ocr_line' id='line_1_75' title="bbox 2675 2939 4633 3024; baseline 0.003 -21"><span class='ocrx_word' id='word_1_476' title='bbox 2675 2958 2864 3004; x_wconf 87' lang='lat' dir='ltr'>nem:</span> <span class='ocrx_word' id='word_1_477' title='bbox 2911 2960 2987 3004; x_wconf 88' lang='lat' dir='ltr'>ac</span> <span class='ocrx_word' id='word_1_478' title='bbox 3029 2960 3112 3004; x_wconf 92' lang='lat' dir='ltr'>ne</span> <span class='ocrx_word' id='word_1_479' title='bbox 3146 2951 3336 3022; x_wconf 90' lang='lat' dir='ltr'>putes</span> <span class='ocrx_word' id='word_1_480' title='bbox 3366 2939 3623 3004; x_wconf 87' lang='lat' dir='ltr'>futilem</span> <span class='ocrx_word' id='word_1_481' title='bbox 3655 2940 3855 3005; x_wconf 89' lang='lat' dir='ltr'>fuisse</span> <span class='ocrx_word' id='word_1_482' title='bbox 3888 2940 4370 3024; x_wconf 88' lang='lat' dir='ltr'>loquacitatem,</span> <span class='ocrx_word' id='word_1_483' title='bbox 4457 2964 4633 3008; x_wconf 90' lang='lat' dir='ltr'>uan-</span> 
     </span>
     <span class='ocr_line' id='line_1_76' title="bbox 2675 2964 4631 3110; baseline 0.003 -21"><span class='ocrx_word' id='word_1_484' title='bbox 2675 3032 2817 3089; x_wconf 85' lang='lat' dir='ltr'>tum</span> <span class='ocrx_word' id='word_1_485' title='bbox 2873 3024 3017 3090; x_wconf 89' lang='lat' dir='ltr'>fieri</span> <span class='ocrx_word' id='word_1_486' title='bbox 3064 3025 3282 3107; x_wconf 88' lang='lat' dir='ltr'>potuit</span> <span class='ocrx_word' id='word_1_487' title='bbox 3348 3026 3687 3107; x_wconf 84' lang='lat' dir='ltr'>aptissime</span> <span class='ocrx_word' id='word_1_488' title='bbox 3744 3026 4022 3110; x_wconf 86' lang='lat' dir='ltr'>singulis</span> <span class='ocrx_word' id='word_1_489' title='bbox 4080 2964 4631 3109; x_wconf 63' lang='lat' dir='ltr'>accommodabat,</span> 
     </span>
     <span class='ocr_line' id='line_1_77' title="bbox 2674 3109 4630 3196; baseline 0.003 -21"><span class='ocrx_word' id='word_1_490' title='bbox 2674 3109 2849 3193; x_wconf 90' lang='lat' dir='ltr'>quod</span> <span class='ocrx_word' id='word_1_491' title='bbox 2890 3109 3022 3175; x_wconf 88' lang='lat' dir='ltr'>illis</span> <span class='ocrx_word' id='word_1_492' title='bbox 3065 3110 3445 3176; x_wconf 90' lang='lat' dir='ltr'>conveniret</span> <span class='ocrx_word' id='word_1_493' title='bbox 3484 3131 3560 3176; x_wconf 91' lang='grc'>80</span> <span class='ocrx_word' id='word_1_494' title='bbox 3603 3110 3952 3194; x_wconf 87' lang='lat' dir='ltr'>prodesset.</span> <span class='ocrx_word' id='word_1_495' title='bbox 4018 3112 4253 3196; x_wconf 83' lang='lat' dir='ltr'>Coepit</span> <span class='ocrx_word' id='word_1_496' title='bbox 4284 3113 4442 3179; x_wconf 90' lang='lat' dir='ltr'>inde</span> <span class='ocrx_word' id='word_1_497' title='bbox 4485 3136 4630 3180; x_wconf 89' lang='lat' dir='ltr'>me-</span> 
     </span>
     <span class='ocr_line' id='line_1_78' title="bbox 2672 3194 4632 3281; baseline 0.003 -22"><span class='ocrx_word' id='word_1_498' title='bbox 2672 3195 2951 3262; x_wconf 89' lang='lat' dir='ltr'>liuscule</span> <span class='ocrx_word' id='word_1_499' title='bbox 3013 3194 3286 3272; x_wconf 86' lang='lat' dir='ltr'>habere,</span> <span class='ocrx_word' id='word_1_500' title='bbox 3353 3205 3428 3260; x_wconf 91' lang='lat' dir='ltr'>nt</span> <span class='ocrx_word' id='word_1_501' title='bbox 3493 3216 3645 3278; x_wconf 89' lang='lat' dir='ltr'>spes</span> <span class='ocrx_word' id='word_1_502' title='bbox 3697 3198 3941 3281; x_wconf 88' lang='lat' dir='ltr'>optima</span> <span class='ocrx_word' id='word_1_503' title='bbox 4005 3209 4177 3264; x_wconf 89' lang='lat' dir='ltr'>esset</span> <span class='ocrx_word' id='word_1_504' title='bbox 4239 3199 4632 3265; x_wconf 90' lang='lat' dir='ltr'>restitutum</span> 
     </span>
     <span class='ocr_line' id='line_1_79' title="bbox 2672 3279 4631 3365; baseline 0.003 -19"><span class='ocrx_word' id='word_1_505' title='bbox 2672 3279 3051 3365; x_wconf 90' lang='lat' dir='ltr'>propediem</span> <span class='ocrx_word' id='word_1_506' title='bbox 3084 3281 3187 3346; x_wconf 90' lang='lat' dir='ltr'>iri.</span> <span class='ocrx_word' id='word_1_507' title='bbox 3252 3280 3576 3347; x_wconf 72' lang='lat' dir='ltr'>Triduum</span> <span class='ocrx_word' id='word_1_508' title='bbox 3612 3282 3878 3350; x_wconf 90' lang='lat' dir='ltr'>duravit</span> <span class='ocrx_word' id='word_1_509' title='bbox 3915 3283 4022 3350; x_wconf 88' lang='lat' dir='ltr'>hic</span> <span class='ocrx_word' id='word_1_510' title='bbox 4064 3292 4306 3350; x_wconf 87' lang='lat' dir='ltr'>status:</span> <span class='ocrx_word' id='word_1_511' title='bbox 4352 3284 4631 3351; x_wconf 89' lang='lat' dir='ltr'>tandem</span> 
     </span>
     <span class='ocr_line' id='line_1_80' title="bbox 2670 3366 4632 3447; baseline 0.002 -15"><span class='ocrx_word' id='word_1_512' title='bbox 2670 3367 2912 3432; x_wconf 89' lang='lat' dir='ltr'>iterum</span> <span class='ocrx_word' id='word_1_513' title='bbox 2953 3366 3223 3432; x_wconf 91' lang='lat' dir='ltr'>morbus</span> <span class='ocrx_word' id='word_1_514' title='bbox 3257 3369 3329 3431; x_wconf 92' lang='lat' dir='ltr'>in</span> <span class='ocrx_word' id='word_1_515' title='bbox 3453 3388 3730 3447; x_wconf 86' lang='lat' dir='ltr'>vescere,</span> <span class='ocrx_word' id='word_1_516' title='bbox 3768 3380 3846 3434; x_wconf 89' lang='lat' dir='ltr'>ut</span> <span class='ocrx_word' id='word_1_517' title='bbox 3886 3381 4215 3436; x_wconf 89' lang='lat' dir='ltr'>constaret</span> <span class='ocrx_word' id='word_1_518' title='bbox 4256 3371 4632 3437; x_wconf 88' lang='lat' dir='ltr'>maximum</span> 
     </span>
     <span class='ocr_line' id='line_1_81' title="bbox 2673 3453 4629 3541; baseline 0.003 -24"><span class='ocrx_word' id='word_1_519' title='bbox 2673 3473 2814 3518; x_wconf 91' lang='lat' dir='ltr'>esse</span> <span class='ocrx_word' id='word_1_520' title='bbox 2848 3453 3232 3536; x_wconf 87' lang='lat' dir='ltr'>periculum.</span> <span class='ocrx_word' id='word_1_521' title='bbox 3387 3474 3472 3518; x_wconf 92' lang='lat' dir='ltr'>uo</span> <span class='ocrx_word' id='word_1_522' title='bbox 3528 3463 3749 3520; x_wconf 86' lang='lat' dir='ltr'>tamen</span> <span class='ocrx_word' id='word_1_523' title='bbox 3803 3455 4103 3522; x_wconf 88' lang='lat' dir='ltr'>afflictior</span> <span class='ocrx_word' id='word_1_524' title='bbox 4145 3464 4287 3521; x_wconf 91' lang='lat' dir='ltr'>erat</span> <span class='ocrx_word' id='word_1_525' title='bbox 4329 3478 4629 3541; x_wconf 87' lang='lat' dir='ltr'>corpore,</span> 
     </span>
     <span class='ocr_line' id='line_1_82' title="bbox 2672 3537 4631 3622; baseline 0.003 -19"><span class='ocrx_word' id='word_1_526' title='bbox 2672 3559 2748 3603; x_wconf 91' lang='lat' dir='ltr'>eo</span> <span class='ocrx_word' id='word_1_527' title='bbox 2813 3539 3081 3622; x_wconf 85' lang='lat' dir='ltr'>spiritus</span> <span class='ocrx_word' id='word_1_528' title='bbox 3145 3537 3429 3604; x_wconf 88' lang='lat' dir='ltr'>vividior</span> <span class='ocrx_word' id='word_1_529' title='bbox 3489 3539 3705 3605; x_wconf 88' lang='lat' dir='ltr'>fiebat.</span> <span class='ocrx_word' id='word_1_530' title='bbox 3819 3542 4029 3606; x_wconf 75' lang='lat' dir='ltr'>Taceo</span> <span class='ocrx_word' id='word_1_531' title='bbox 4095 3543 4383 3607; x_wconf 90' lang='lat' dir='ltr'>medium</span> <span class='ocrx_word' id='word_1_532' title='bbox 4454 3542 4631 3608; x_wconf 90' lang='lat' dir='ltr'>illud</span> 
     </span>
     <span class='ocr_line' id='line_1_83' title="bbox 2670 3622 4631 3707; baseline 0.004 -19"><span class='ocrx_word' id='word_1_533' title='bbox 2670 3631 2947 3707; x_wconf 89' lang='lat' dir='ltr'>tempus.</span> <span class='ocrx_word' id='word_1_534' title='bbox 3037 3622 3185 3705; x_wconf 77' lang='lat' dir='ltr'>Quo</span> <span class='ocrx_word' id='word_1_535' title='bbox 3230 3622 3335 3688; x_wconf 89' lang='lat' dir='ltr'>die</span> <span class='ocrx_word' id='word_1_536' title='bbox 3378 3631 3678 3691; x_wconf 87' lang='lat' dir='ltr'>mortuus</span> <span class='ocrx_word' id='word_1_537' title='bbox 3720 3633 3837 3706; x_wconf 89' lang='lat' dir='ltr'>est,</span> <span class='ocrx_word' id='word_1_538' title='bbox 3883 3628 4139 3693; x_wconf 89' lang='lat' dir='ltr'>circiter</span> <span class='ocrx_word' id='word_1_539' title='bbox 4179 3650 4422 3694; x_wconf 87' lang='lat' dir='ltr'>nonam</span> <span class='ocrx_word' id='word_1_540' title='bbox 4466 3641 4631 3695; x_wconf 86' lang='lat' dir='ltr'>ante</span> 
     </span>
     <span class='ocr_line' id='line_1_84' title="bbox 2672 3708 4632 3795; baseline 0.003 -21"><span class='ocrx_word' id='word_1_541' title='bbox 2672 3709 3042 3788; x_wconf 88' lang='lat' dir='ltr'>meridiem,</span> <span class='ocrx_word' id='word_1_542' title='bbox 3101 3708 3256 3774; x_wconf 90' lang='lat' dir='ltr'>illuc</span> <span class='ocrx_word' id='word_1_543' title='bbox 3321 3710 3621 3776; x_wconf 88' lang='lat' dir='ltr'>venimus</span> <span class='ocrx_word' id='word_1_544' title='bbox 3684 3731 3804 3794; x_wconf 86' lang='lat' dir='ltr'>ego</span> <span class='ocrx_word' id='word_1_545' title='bbox 3868 3722 3937 3777; x_wconf 91' lang='lat' dir='ltr'>et</span> <span class='ocrx_word' id='word_1_546' title='bbox 4017 3712 4282 3779; x_wconf 68' lang='lat' dir='ltr'>ViretuS.</span> <span class='ocrx_word' id='word_1_547' title='bbox 4392 3712 4632 3795; x_wconf 78' lang='lat' dir='ltr'>Quum</span> 
     </span>
     <span class='ocr_line' id='line_1_85' title="bbox 2671 3793 4630 3883; baseline 0.003 -23"><span class='ocrx_word' id='word_1_548' title='bbox 2671 3815 2879 3878; x_wconf 88' lang='lat' dir='ltr'>pauca</span> <span class='ocrx_word' id='word_1_549' title='bbox 2916 3793 3120 3859; x_wconf 89' lang='lat' dir='ltr'>verba</span> <span class='ocrx_word' id='word_1_550' title='bbox 3163 3795 3458 3860; x_wconf 88' lang='lat' dir='ltr'>fecissem</span> <span class='ocrx_word' id='word_1_551' title='bbox 3483 3797 3562 3861; x_wconf 91' lang='lat' dir='ltr'>de</span> <span class='ocrx_word' id='word_1_552' title='bbox 3607 3817 3821 3876; x_wconf 90' lang='lat' dir='ltr'>cruce,</span> <span class='ocrx_word' id='word_1_553' title='bbox 3868 3797 3947 3862; x_wconf 92' lang='lat' dir='ltr'>de</span> <span class='ocrx_word' id='word_1_554' title='bbox 3981 3800 4194 3883; x_wconf 81' lang='lat' dir='ltr'>gratia</span> <span class='ocrx_word' id='word_1_555' title='bbox 4215 3798 4490 3878; x_wconf 89' lang='lat' dir='ltr'>Christi,</span> <span class='ocrx_word' id='word_1_556' title='bbox 4538 3800 4630 3866; x_wconf 89' lang='lat' dir='ltr'>de</span> 
     </span>
     <span class='ocr_line' id='line_1_86' title="bbox 2671 3880 4631 3967; baseline 0.003 -21"><span class='ocrx_word' id='word_1_557' title='bbox 2671 3901 2788 3963; x_wconf 88' lang='lat' dir='ltr'>spe</span> <span class='ocrx_word' id='word_1_558' title='bbox 2834 3880 3006 3946; x_wconf 90' lang='lat' dir='ltr'>vitae</span> <span class='ocrx_word' id='word_1_559' title='bbox 3048 3888 3368 3960; x_wconf 86' lang='lat' dir='ltr'>aeternae,</span> <span class='ocrx_word' id='word_1_560' title='bbox 3408 3881 3791 3948; x_wconf 87' lang='lat' dir='ltr'>nolebamus</span> <span class='ocrx_word' id='word_1_561' title='bbox 3834 3884 4012 3948; x_wconf 90' lang='lat' dir='ltr'>enim</span> <span class='ocrx_word' id='word_1_562' title='bbox 4056 3885 4328 3967; x_wconf 83' lang='lat' dir='ltr'>prolixis</span> <span class='ocrx_word' id='word_1_563' title='bbox 4369 3905 4631 3951; x_wconf 90' lang='lat' dir='ltr'>sermo-</span> 
     </span>
     <span class='ocr_line' id='line_1_87' title="bbox 2668 3967 4629 4053; baseline 0.003 -23"><span class='ocrx_word' id='word_1_564' title='bbox 2668 3967 2862 4032; x_wconf 91' lang='lat' dir='ltr'>nibus</span> <span class='ocrx_word' id='word_1_565' title='bbox 2906 3987 3058 4030; x_wconf 92' lang='lat' dir='ltr'>eum</span> <span class='ocrx_word' id='word_1_566' title='bbox 3089 3967 3384 4049; x_wconf 85' lang='lat' dir='ltr'>fatigare,</span> <span class='ocrx_word' id='word_1_567' title='bbox 3429 3969 3687 4050; x_wconf 84' lang='lat' dir='ltr'>excepit</span> <span class='ocrx_word' id='word_1_568' title='bbox 3723 3989 3793 4033; x_wconf 89' lang='lat' dir='ltr'>se</span> <span class='ocrx_word' id='word_1_569' title='bbox 3827 3971 4115 4053; x_wconf 89' lang='lat' dir='ltr'>accipere</span> <span class='ocrx_word' id='word_1_570' title='bbox 4135 3971 4264 4035; x_wconf 92' lang='lat' dir='ltr'>Dei</span> <span class='ocrx_word' id='word_1_571' title='bbox 4299 3972 4629 4037; x_wconf 89' lang='lat' dir='ltr'>nuncium</span> 
     </span>
     <span class='ocr_line' id='line_1_88' title="bbox 2671 4054 4630 4138; baseline 0.004 -23"><span class='ocrx_word' id='word_1_572' title='bbox 2671 4062 2747 4116; x_wconf 91' lang='lat' dir='ltr'>nt</span> <span class='ocrx_word' id='word_1_573' title='bbox 2787 4072 2910 4135; x_wconf 90' lang='lat' dir='ltr'>par</span> <span class='ocrx_word' id='word_1_574' title='bbox 2951 4058 3110 4130; x_wconf 88' lang='lat' dir='ltr'>erat,</span> <span class='ocrx_word' id='word_1_575' title='bbox 3156 4072 3227 4117; x_wconf 92' lang='lat' dir='ltr'>se</span> <span class='ocrx_word' id='word_1_576' title='bbox 3262 4054 3439 4116; x_wconf 89' lang='lat' dir='ltr'>enim</span> <span class='ocrx_word' id='word_1_577' title='bbox 3476 4054 3638 4118; x_wconf 90' lang='lat' dir='ltr'>scire</span> <span class='ocrx_word' id='word_1_578' title='bbox 3675 4074 3871 4138; x_wconf 87' lang='lat' dir='ltr'>quam</span> <span class='ocrx_word' id='word_1_579' title='bbox 3907 4058 4040 4120; x_wconf 93' lang='lat' dir='ltr'>vim</span> <span class='ocrx_word' id='word_1_580' title='bbox 4074 4055 4345 4121; x_wconf 88' lang='lat' dir='ltr'>haberet</span> <span class='ocrx_word' id='word_1_581' title='bbox 4364 4055 4630 4122; x_wconf 85' lang='lat' dir='ltr'>Christi</span> 
     </span>
     <span class='ocr_line' id='line_1_89' title="bbox 2668 4136 4625 4208; baseline 0.003 -7"><span class='ocrx_word' id='word_1_582' title='bbox 2668 4137 3101 4203; x_wconf 88' lang='lat' dir='ltr'>ministerium</span> <span class='ocrx_word' id='word_1_583' title='bbox 3153 4136 3236 4202; x_wconf 86' lang='lat' dir='ltr'>ad</span> <span class='ocrx_word' id='word_1_584' title='bbox 3294 4138 3770 4205; x_wconf 85' lang='lat' dir='ltr'>confirmandas</span> <span class='ocrx_word' id='word_1_585' title='bbox 3821 4141 4251 4207; x_wconf 85' lang='lat' dir='ltr'>conscientias</span> <span class='ocrx_word' id='word_1_586' title='bbox 4301 4141 4625 4208; x_wconf 88' lang='lat' dir='ltr'>fidelium.</span> 
     </span>
     <span class='ocr_line' id='line_1_90' title="bbox 2668 4222 4629 4310; baseline 0.003 -23"><span class='ocrx_word' id='word_1_587' title='bbox 2668 4222 2816 4290; x_wconf 89' lang='lat' dir='ltr'>Illic</span> <span class='ocrx_word' id='word_1_588' title='bbox 2862 4222 2944 4287; x_wconf 90' lang='lat' dir='ltr'>de</span> <span class='ocrx_word' id='word_1_589' title='bbox 2989 4222 3353 4288; x_wconf 90' lang='lat' dir='ltr'>ministerio</span> <span class='ocrx_word' id='word_1_590' title='bbox 3410 4242 3488 4288; x_wconf 91' lang='lat' dir='ltr'>ac</span> <span class='ocrx_word' id='word_1_591' title='bbox 3537 4234 3675 4290; x_wconf 92' lang='lat' dir='ltr'>toto</span> <span class='ocrx_word' id='word_1_592' title='bbox 3730 4226 3907 4291; x_wconf 87' lang='lat' dir='ltr'>illius</span> <span class='ocrx_word' id='word_1_593' title='bbox 3960 4248 4083 4293; x_wconf 90' lang='lat' dir='ltr'>usu</span> <span class='ocrx_word' id='word_1_594' title='bbox 4127 4228 4222 4292; x_wconf 83' lang='lat' dir='ltr'>ita</span> <span class='ocrx_word' id='word_1_595' title='bbox 4273 4227 4629 4310; x_wconf 88' lang='lat' dir='ltr'>splendide</span> 
     </span>
     <span class='ocr_line' id='line_1_91' title="bbox 2668 4308 4627 4397; baseline 0.004 -24"><span class='ocrx_word' id='word_1_596' title='bbox 2668 4308 2995 4388; x_wconf 86' lang='lat' dir='ltr'>disseruit,</span> <span class='ocrx_word' id='word_1_597' title='bbox 3040 4319 3115 4372; x_wconf 89' lang='lat' dir='ltr'>ut</span> <span class='ocrx_word' id='word_1_598' title='bbox 3155 4328 3278 4373; x_wconf 91' lang='lat' dir='ltr'>nos</span> <span class='ocrx_word' id='word_1_599' title='bbox 3311 4318 3577 4392; x_wconf 87' lang='lat' dir='ltr'>stupore</span> <span class='ocrx_word' id='word_1_600' title='bbox 3617 4310 3842 4378; x_wconf 88' lang='lat' dir='ltr'>ambos</span> <span class='ocrx_word' id='word_1_601' title='bbox 3875 4313 4193 4392; x_wconf 85' lang='lat' dir='ltr'>afficeret,</span> <span class='ocrx_word' id='word_1_602' title='bbox 4240 4334 4317 4379; x_wconf 86' lang='lat' dir='ltr'>ac</span> <span class='ocrx_word' id='word_1_603' title='bbox 4360 4314 4627 4397; x_wconf 84' lang='lat' dir='ltr'>quoties</span> 
     </span>
     <span class='ocr_line' id='line_1_92' title="bbox 2667 4394 4627 4482; baseline 0.004 -24"><span class='ocrx_word' id='word_1_604' title='bbox 2667 4394 2833 4459; x_wconf 88' lang='lat' dir='ltr'>mihi</span> <span class='ocrx_word' id='word_1_605' title='bbox 2874 4394 2947 4460; x_wconf 88' lang='lat' dir='ltr'>in</span> <span class='ocrx_word' id='word_1_606' title='bbox 2991 4403 3284 4459; x_wconf 88' lang='lat' dir='ltr'>mentem</span> <span class='ocrx_word' id='word_1_607' title='bbox 3328 4395 3510 4460; x_wconf 90' lang='lat' dir='ltr'>venit</span> <span class='ocrx_word' id='word_1_608' title='bbox 3550 4395 3763 4462; x_wconf 87' lang='lat' dir='ltr'>adhuc</span> <span class='ocrx_word' id='word_1_609' title='bbox 3810 4396 4210 4482; x_wconf 89' lang='lat' dir='ltr'>obstupesco.</span> <span class='ocrx_word' id='word_1_610' title='bbox 4275 4397 4390 4465; x_wconf 83' lang='lat' dir='ltr'>Sic</span> <span class='ocrx_word' id='word_1_611' title='bbox 4435 4399 4627 4466; x_wconf 87' lang='lat' dir='ltr'>enim</span> 
     </span>
     <span class='ocr_line' id='line_1_93' title="bbox 2664 4479 4628 4568; baseline 0.004 -24"><span class='ocrx_word' id='word_1_612' title='bbox 2664 4479 3081 4564; x_wconf 85' lang='lat' dir='ltr'>loquebatur,</span> <span class='ocrx_word' id='word_1_613' title='bbox 3144 4491 3217 4545; x_wconf 93' lang='lat' dir='ltr'>ut</span> <span class='ocrx_word' id='word_1_614' title='bbox 3259 4481 3593 4547; x_wconf 89' lang='lat' dir='ltr'>videretur</span> <span class='ocrx_word' id='word_1_615' title='bbox 3649 4484 4008 4548; x_wconf 89' lang='lat' dir='ltr'>orationem</span> <span class='ocrx_word' id='word_1_616' title='bbox 4062 4486 4142 4551; x_wconf 89' lang='lat' dir='ltr'>ab</span> <span class='ocrx_word' id='word_1_617' title='bbox 4187 4483 4403 4568; x_wconf 88' lang='lat' dir='ltr'>aliquo</span> <span class='ocrx_word' id='word_1_618' title='bbox 4460 4507 4628 4552; x_wconf 84' lang='lat' dir='ltr'>nos-</span> 
     </span>
     <span class='ocr_line' id='line_1_94' title="bbox 2666 4564 4626 4656; baseline 0.005 -26"><span class='ocrx_word' id='word_1_619' title='bbox 2666 4575 2841 4632; x_wconf 86' lang='lat' dir='ltr'>trum</span> <span class='ocrx_word' id='word_1_620' title='bbox 2899 4565 3015 4630; x_wconf 90' lang='lat' dir='ltr'>diu</span> <span class='ocrx_word' id='word_1_621' title='bbox 3071 4586 3148 4631; x_wconf 92' lang='grc'>80</span> <span class='ocrx_word' id='word_1_622' title='bbox 3202 4564 3554 4651; x_wconf 83' lang='lat' dir='ltr'>diligenter</span> <span class='ocrx_word' id='word_1_623' title='bbox 3616 4566 3998 4634; x_wconf 88' lang='lat' dir='ltr'>meditatam</span> <span class='ocrx_word' id='word_1_624' title='bbox 4052 4571 4314 4656; x_wconf 78' lang='lat' dir='ltr'>referre.</span> <span class='ocrx_word' id='word_1_625' title='bbox 4413 4572 4626 4640; x_wconf 82' lang='lat' dir='ltr'>Hanc</span> 
     </span>
     <span class='ocr_line' id='line_1_95' title="bbox 2664 4651 4626 4733; baseline 0.004 -16"><span class='ocrx_word' id='word_1_626' title='bbox 2664 4659 2920 4733; x_wconf 89' lang='lat' dir='ltr'>partem</span> <span class='ocrx_word' id='word_1_627' title='bbox 2963 4652 3056 4717; x_wconf 89' lang='lat' dir='ltr'>sic</span> <span class='ocrx_word' id='word_1_628' title='bbox 3099 4651 3527 4718; x_wconf 89' lang='lat' dir='ltr'>concludebat</span> <span class='ocrx_word' id='word_1_629' title='bbox 3542 4703 3556 4728; x_wconf 89' lang='lat'>,</span> <span class='ocrx_word' id='word_1_630' title='bbox 3618 4662 3693 4719; x_wconf 92' lang='grc'>118</span> <span class='ocrx_word' id='word_1_631' title='bbox 3750 4653 3993 4720; x_wconf 83' lang='grc'>(1108188</span> <span class='ocrx_word' id='word_1_632' title='bbox 4046 4676 4119 4722; x_wconf 89' lang='grc'>88</span> <span class='ocrx_word' id='word_1_633' title='bbox 4158 4657 4626 4725; x_wconf 89' lang='lat' dir='ltr'>remissionem</span> 
     </span>
     <span class='ocr_line' id='line_1_96' title="bbox 2660 4737 4622 4825; baseline 0.003 -22"><span class='ocrx_word' id='word_1_634' title='bbox 2660 4745 3093 4820; x_wconf 88' lang='lat' dir='ltr'>peccatorum,</span> <span class='ocrx_word' id='word_1_635' title='bbox 3138 4757 3332 4819; x_wconf 90' lang='lat' dir='ltr'>quam</span> <span class='ocrx_word' id='word_1_636' title='bbox 3373 4758 3457 4802; x_wconf 92' lang='lat' dir='ltr'>ex</span> <span class='ocrx_word' id='word_1_637' title='bbox 3500 4737 3806 4805; x_wconf 88' lang='lat' dir='ltr'>mandato</span> <span class='ocrx_word' id='word_1_638' title='bbox 3841 4740 4093 4807; x_wconf 88' lang='lat' dir='ltr'>Christi</span> <span class='ocrx_word' id='word_1_639' title='bbox 4132 4742 4622 4825; x_wconf 80' lang='lat' dir='ltr'>polliceremur,</span> 
     </span>
     <span class='ocr_line' id='line_1_97' title="bbox 2663 4822 4622 4910; baseline 0.005 -23"><span class='ocrx_word' id='word_1_640' title='bbox 2663 4842 2799 4887; x_wconf 93' lang='lat' dir='ltr'>non</span> <span class='ocrx_word' id='word_1_641' title='bbox 2855 4822 3047 4887; x_wconf 84' lang='lat' dir='ltr'>aliter</span> <span class='ocrx_word' id='word_1_642' title='bbox 3095 4824 3388 4907; x_wconf 88' lang='lat' dir='ltr'>accipere</span> <span class='ocrx_word' id='word_1_643' title='bbox 3443 4844 3640 4906; x_wconf 91' lang='lat' dir='ltr'>quam</span> <span class='ocrx_word' id='word_1_644' title='bbox 3688 4824 3746 4891; x_wconf 91' lang='lat' dir='ltr'>si</span> <span class='ocrx_word' id='word_1_645' title='bbox 3811 4827 4085 4910; x_wconf 86' lang='lat' dir='ltr'>angelus</span> <span class='ocrx_word' id='word_1_646' title='bbox 4138 4828 4263 4894; x_wconf 87' lang='lat' dir='ltr'>sibi</span> <span class='ocrx_word' id='word_1_647' title='bbox 4331 4850 4369 4894; x_wconf 91' lang='lat' dir='ltr'>e</span> <span class='ocrx_word' id='word_1_648' title='bbox 4431 4830 4622 4896; x_wconf 91' lang='lat' dir='ltr'>coelo</span> 
     </span>
    </p>
   </div>
   <div class='ocr_carea' id='block_1_21' title="bbox 2660 4978 3073 4989">
    <p class='ocr_par' dir='ltr' id='par_1_22' title="bbox 2660 4978 3073 4989">
     <span class='ocr_line' id='line_1_98' title="bbox 2660 4978 3073 4989; baseline 0 1178"><span class='ocrx_word' id='word_1_649' title='bbox 2660 4978 3073 4989; x_wconf 95' lang='lat' dir='ltr'> </span> 
     </span>
    </p>
   </div>
   <div class='ocr_carea' id='block_1_22' title="bbox 2660 5060 4621 5343">
    <p class='ocr_par' dir='ltr' id='par_1_23' title="bbox 2696 5060 4617 5139">
     <span class='ocr_line' id='line_1_99' title="bbox 2696 5060 4617 5139; baseline 0.006 -26"><span class='ocrx_word' id='word_1_650' title='bbox 2696 5061 2830 5122; x_wconf 72' lang='lat'>402.</span> <span class='ocrx_word' id='word_1_651' title='bbox 2870 5063 2924 5126; x_wconf 90' lang='lat' dir='ltr'>l)</span> <span class='ocrx_word' id='word_1_652' title='bbox 2962 5061 3096 5116; x_wconf 79' lang='lat' dir='ltr'>Ami</span> <span class='ocrx_word' id='word_1_653' title='bbox 3132 5061 3335 5116; x_wconf 80' lang='lat' dir='ltr'>Porral</span> <span class='ocrx_word' id='word_1_654' title='bbox 3393 5060 3624 5118; x_wconf 61' lang='lat' dir='ltr'>Calvino</span> <span class='ocrx_word' id='word_1_655' title='bbox 3658 5063 4085 5133; x_wconf 66' lang='grc' dir='ltr'>αᾱᾱίαίεεὺηοιε,</span> <span class='ocrx_word' id='word_1_656' title='bbox 4115 5065 4250 5134; x_wconf 71' lang='lat' dir='ltr'>plue</span> <span class='ocrx_word' id='word_1_657' title='bbox 4285 5067 4442 5123; x_wconf 72' lang='lat' dir='ltr'>semel</span> <span class='ocrx_word' id='word_1_658' title='bbox 4473 5084 4617 5139; x_wconf 65' lang='grc' dir='ltr'>αρι-</span> 
     </span>
    </p>

    <p class='ocr_par' dir='ltr' id='par_1_24' title="bbox 2660 5131 4621 5343">
     <span class='ocr_line' id='line_1_100' title="bbox 2732 5131 4615 5211; baseline 0.009 -34"><span class='ocrx_word' id='word_1_659' title='bbox 2732 5200 2743 5211; x_wconf 47' lang='lat'><em>·</em></span> <span class='ocrx_word' id='word_1_660' title='bbox 3563 5132 3573 5145; x_wconf 85' lang='grc'>’</span> <span class='ocrx_word' id='word_1_661' title='bbox 3634 5131 3839 5188; x_wconf 77' lang='lat' dir='ltr'>civicae</span> <span class='ocrx_word' id='word_1_662' title='bbox 3875 5134 4079 5191; x_wconf 68' lang='lat' dir='ltr'>vindex</span> <span class='ocrx_word' id='word_1_663' title='bbox 4114 5135 4242 5190; x_wconf 80' lang='lat' dir='ltr'>adv.</span> <span class='ocrx_word' id='word_1_664' title='bbox 4267 5138 4615 5208; x_wconf 68' lang='lat' dir='ltr'>episcopm.</span> 
     </span>
     <span class='ocr_line' id='line_1_101' title="bbox 2668 5198 4621 5274; baseline 0.005 -21"><span class='ocrx_word' id='word_1_665' title='bbox 2668 5198 2808 5254; x_wconf 65' lang='lat' dir='ltr'>Vnde</span> <span class='ocrx_word' id='word_1_666' title='bbox 2841 5198 3022 5269; x_wconf 66' lang='lat' dir='ltr'>Roget</span> <span class='ocrx_word' id='word_1_667' title='bbox 3045 5199 3198 5254; x_wconf 76' lang='lat' dir='ltr'>Hist.</span> <span class='ocrx_word' id='word_1_668' title='bbox 3236 5200 3317 5254; x_wconf 63' lang='lat' dir='ltr'>aa</span> <span class='ocrx_word' id='word_1_669' title='bbox 3348 5201 3545 5270; x_wconf 74' lang='lat' dir='ltr'>poupk</span> <span class='ocrx_word' id='word_1_670' title='bbox 3579 5201 3733 5257; x_wconf 77' lang='lat' dir='ltr'>deG.</span> <span class='ocrx_word' id='word_1_671' title='bbox 3763 5204 3997 5271; x_wconf 62' lang='lat' dir='ltr'>pacm.</span> <span class='ocrx_word' id='word_1_672' title='bbox 4053 5203 4271 5274; x_wconf 74' lang='lat' dir='ltr'>Galiffe,</span> <span class='ocrx_word' id='word_1_673' title='bbox 4308 5208 4621 5263; x_wconf 66' lang='lat' dir='ltr'>Beana-sou</span> 
     </span>
     <span class='ocr_line' id='line_1_102' title="bbox 2660 5267 4285 5343; baseline 0.004 -21"><span class='ocrx_word' id='word_1_674' title='bbox 2660 5267 2897 5337; x_wconf 68' lang='lat' dir='ltr'>Huyooes</span> <span class='ocrx_word' id='word_1_675' title='bbox 2923 5285 2989 5337; x_wconf 80' lang='lat' dir='ltr'>p.</span> <span class='ocrx_word' id='word_1_676' title='bbox 3029 5269 3145 5324; x_wconf 85' lang='grc'>131.</span> <span class='ocrx_word' id='word_1_677' title='bbox 3181 5269 3285 5324; x_wconf 81' lang='grc'>295</span> <span class='ocrx_word' id='word_1_678' title='bbox 3317 5273 3413 5324; x_wconf 77' lang='lat' dir='ltr'>etc.</span> <span class='ocrx_word' id='word_1_679' title='bbox 3483 5269 3883 5341; x_wconf 68' lang='lat' dir='ltr'>Kampeoludte</span> <span class='ocrx_word' id='word_1_680' title='bbox 3910 5290 3972 5343; x_wconf 72' lang='lat' dir='ltr'>p.</span> <span class='ocrx_word' id='word_1_681' title='bbox 4009 5273 4130 5328; x_wconf 83' lang='grc'>289.</span> <span class='ocrx_word' id='word_1_682' title='bbox 4165 5274 4285 5330; x_wconf 87' lang='grc'>301.</span> 
     </span>
    </p>
   </div>
   <div class='ocr_carea' id='block_1_23' title="bbox 4962 33 5048 4848">
    <p class='ocr_par' dir='ltr' id='par_1_25' title="bbox 4962 33 5048 4848">
     <span class='ocr_line' id='line_1_103' title="bbox 4962 33 5048 4848; baseline 0 0"><span class='ocrx_word' id='word_1_683' title='bbox 4962 33 5048 4848; x_wconf 95' lang='lat' dir='ltr'> </span> 
     </span>
    </p>
   </div>
  </div>
 </body>
</html>
