5050 6167
384 438 496 498 145

366 623 645 691 lucteris.
734 623 836 689 Ne
869 632 936 689 te
973 634 1284 691 moveant
1318 625 1429 710 qui
1476 625 1557 690 iis
1603 625 1812 691 literis
1846 625 2033 690 nulla
2063 625 2318 690 ratione

364 711 523 774 moti
574 716 761 788 sunt,
818 710 979 776 adeo
1029 718 1106 777 ut
1158 713 1372 795 magis
1425 710 1825 779 contendant
1878 730 2065 778 secus
2122 730 2316 794 agere

363 797 485 862 etsi
517 794 739 861 verbis
775 806 843 862 et
875 797 1085 862 literis
1121 818 1277 881 egre
1326 798 1382 862 'e
1416 799 1823 863 mentiantur
1857 796 2049 863 aliter
2082 797 2314 874 facere,

362 890 441 946 ut
478 880 793 947 intellexi.
883 882 1037 947 Non
1080 905 1238 967 ergo
1277 819 1430 971 fest]
1481 883 1653 968 qnod
1696 883 1816 949 hos
1858 884 2154 961 moreris,
2199 881 2315 947 sed

362 967 705 1033 Christum
770 978 1028 1033 tantum
1085 977 1155 1034 et
1211 969 1551 1035 ecclesiam
1604 969 1942 1035 intuearis.
2045 969 2317 1033 Fratres

363 1072 439 1118 ac
479 1063 749 1119 senatus
791 1052 917 1120 dici
960 1076 1092 1120 non
1134 1065 1348 1138 potest
1381 1063 1700 1139 quantum
1734 1053 2205 1121 aedificationis
2241 1073 2318 1119 ac

363 1139 825 1205 consolationis
874 1148 1312 1225 perceperunt
1363 1162 1446 1206 ex
1498 1141 1708 1206 literis
1764 1161 2045 1224 quarum
2102 1142 2316 1224 gratia

360 1224 665 1290 omnibus
708 1226 955 1309 gratias
997 1247 1152 1326 ages
1194 1248 1391 1310 quam
1434 1228 1776 1294 maximas.
1864 1227 2051 1292 Vale.
2141 1226 2314 1291 Neo-

360 1312 545 1388 comi,
608 1315 707 1375 30.
767 1311 1067 1377 Ianuarii
1128 1319 1309 1378 1541.
1400 1311 1635 1379 Saluta
1650 1314 1709 1398 ²)
1768 1332 2007 1396 quoeso
2065 1333 2311 1378 omnes.

358 1396 664 1462 Farellus
708 1407 863 1464 tuus
906 1418 983 1463 ac
1025 1418 1254 1465 omnes
1296 1399 1411 1483 qui
1452 1398 1562 1465 hic
1605 1411 1783 1464 sunt.

883 1533 1065 1600 Cura
1105 1556 1369 1602 causam
1411 1537 1691 1601 fratrum
1736 1535 2143 1602 afflictorum.

1271 1978 1422 2049 278.

846 2116 1317 2185 OALVINUS
1362 2118 1827 2185 FARELLO.

538 2289 988 2355 Nar-rationem
1030 2291 1107 2355 de
1146 2290 1440 2372 colloquio
1501 2288 1951 2357 Womaciensi
2004 2292 2323 2356 continuat

359 2381 413 2441 et
452 2378 547 2443 ad
584 2378 771 2460 finem
804 2376 1110 2458 perducit.
1201 2376 1454 2441 Invitus
1486 2376 1675 2442 etiam
1707 2376 1795 2442 ad
1824 2378 2079 2443 comitia
2103 2375 2319 2443 Raus-

360 2462 661 2530 bcmensia
696 2462 1088 2545 profecturus
1130 2468 1220 2528 est
1261 2463 1446 2528 iussu
1487 2467 1743 2528 senatus
1800 2469 1856 2528 et
1901 2468 2141 2545 petente
2184 2461 2319 2529 Me-

360 2548 737 2615 lanchthone.
832 2548 1144 2613 Geuevam
1196 2549 1259 2615 si
1300 2569 1424 2614 non
1479 2548 1874 2632 demi-mabit,
1928 2554 2085 2616 certe
2138 2570 2319 2615 excu-

358 2637 551 2701 sandi
593 2656 791 2702 causa
830 2635 918 2700 ad
960 2641 1199 2717 tempus
1240 2654 1307 2699 se
1346 2655 1414 2700 cc
1455 2633 1733 2716 conferet.

364 2807 667 2877 (Impressa
700 2806 787 2860 ed.
825 2805 1029 2860 Genev.
1070 2804 1205 2860 1576
1240 2823 1362 2888 pag.
1389 2804 1511 2872 415,
1546 2806 1648 2860 Ed.
1672 2805 1806 2861 1617
1834 2825 1956 2877 pag.
1981 2806 2103 2877 578,
2139 2809 2319 2863 Amst.

830 2941 836 2947 ι
902 2892 1023 2945 pag.
1059 2873 1179 2929 260.
1246 2876 1397 2929 Abbi
1435 2892 1543 2930 non
1578 2877 1804 2943 exstat.)

536 3061 835 3130 Tandem
857 3065 977 3130 sub
1010 3066 1208 3130 finem
1231 3065 1407 3129 tertii
1429 3064 1676 3130 mensis
1699 3062 1967 3130 domum
1988 3065 2316 3132 rediimus.

362 3149 665 3218 Subinde
689 3152 865 3217 enim
889 3170 1095 3217 novas
1117 3157 1291 3216 artes
1312 3151 1774 3235 excogitarunt
1793 3150 1911 3227 illi,
1948 3162 2027 3217 ut
2059 3159 2321 3235 tempus

362 3234 771 3302 extrahendo
835 3258 958 3303 nos
1024 3235 1424 3303 deluderent.
1524 3236 1748 3319 Quum
1812 3245 2030 3303 autem
2085 3237 2323 3304 Caesar

363 3323 893 3408 appropinquare
929 3321 1274 3403 diceretur,
1312 3323 1702 3407 putabamus
1738 3344 1848 3390 eos
1882 3324 2042 3391 satis
2077 3325 2323 3391 bonum

362 3417 778 3492 praetextum
819 3409 1062 3476 habere
1107 3407 1192 3475 ad
1234 3429 1306 3476 se
1349 3408 1825 3493 explicandum.
1906 3409 2082 3475 Nam
2115 3431 2322 3494 quum

326 3504 503 3579 „tota
541 3496 794 3560 actione
828 3494 1417 3579 impudentissimis
1440 3494 2095 3580 tergiversationibus
2116 3496 2324 3578 elapsi

363 3589 591 3648 essent
647 3602 734 3647 ne
790 3579 1376 3666 congrederentur,
1433 3602 1551 3648 cur
1606 3601 1744 3647 non
1797 3582 2050 3650 causati
2104 3588 2325 3648 essent

364 3668 489 3734 sibi
534 3669 669 3733 iam
713 3687 848 3733 non
893 3687 1035 3734 esse
1076 3668 1410 3752 integrum
1462 3666 1768 3750 incipere,
1827 3689 2028 3750 quum
2088 3665 2326 3735 caesar

362 3753 801 3819 Ratisbonam
843 3752 1188 3837 pergeret?
1277 3751 1498 3834 Quum
1558 3761 1781 3818 autem
1834 3775 1905 3819 se
1959 3774 2188 3819 omnes
2238 3753 2322 3819 ad

366 3839 731 3907 discessum
777 3840 1212 3923 accingerent,
1271 3859 1419 3905 ecce
1465 3838 1563 3903 illi
1607 3859 1694 3902 ex
1734 3838 2067 3922 insperato
2125 3839 2323 3905 collo·

365 3924 613 4009 quendi
676 3926 932 4008 copiam
996 3926 1183 3991 nobis
1240 3924 1498 3992 faciunt
1524 3924 1603 4012 ¹):
1682 3924 1821 3991 sive
1898 3924 2071 4008 quod
2137 3931 2326 3991 tauta

367 4011 711 4078 vicinitate
758 4010 1055 4077 Caesaris
1096 4032 1217 4076 nos
1269 4010 1578 4076 nonnihil
1622 4009 1953 4094 perculsos
1994 4011 2134 4076 fore
2177 4032 2324 4094 spe-

367 4098 635 4163 rabant:
705 4098 844 4163 sive
905 4096 1075 4180 quod
1142 4095 1453 4163 videbant
1510 4098 1580 4161 in
1639 4118 1762 4162 sua
1859 4106 2135 4161 otestate
2187 4097 2325 4162 fore

369 4181 723 4262 discedere,
796 4185 1049 4266 quoties
1128 4182 1388 4247 liberet:
1468 4183 1609 4249 sive
1673 4203 1798 4265 quo
1910 4180 2190 4248 dedecus
2255 4203 2326 4249 se

370 4269 663 4352 effugere
708 4289 841 4333 non
886 4289 1076 4351 posse
1122 4268 1532 4346 verebantur,
1591 4268 1646 4332 si
1692 4266 1859 4332 nihil
1904 4268 2009 4333 vel
2050 4268 2122 4332 in
2180 4291 2213 4333 s

370 4356 540 4421 ciem
602 4353 838 4419 saltem
901 4354 1313 4435 inchoarent,
1379 4375 1584 4437 quum
1636 4374 1863 4419 omnes
1920 4375 2084 4437 quas
2139 4375 2226 4419 no
2272 4354 2329 4420 is

370 4441 839 4523 imposuerant¹
861 4437 1264 4504 conditiones
1298 4441 1782 4524 recepissemus,
1871 4439 1955 4504 Iu
1992 4440 2114 4506 hoc
2149 4440 2324 4504 enim

370 4534 587 4592 totum
632 4546 924 4589 mensem
970 4525 1426 4605 incubuerunt,
1471 4535 1543 4590 ut
1584 4525 1997 4608 iniquissima
2037 4546 2330 4609 quaeque

372 4610 763 4697 postulando
807 4630 928 4674 uos
972 4608 1056 4674 ad
1098 4610 1346 4695 aliquid
1386 4609 1763 4695 negandum
1809 4610 2163 4695 adiget-ent.
2225 4612 2332 4677 Ita

374 4699 729 4765 iactassent
764 4718 805 4761 a
838 4697 1023 4763 nobis
1057 4695 1264 4763 fuisse
1298 4695 1861 4781 impedimentum.
1912 4697 2139 4763 Nostri
2173 4719 2330 4764 vero

375 4807 497 4850 sua
531 4783 849 4867 patientia
883 4803 994 4852 eos
1028 4782 1327 4848 frustrati
1362 4793 1520 4849 sunt
1560 4784 1628 4848 in
1666 4783 1789 4848 hac
1824 4785 2327 4866 exspectatione.

378 5022 645 5078 doma.
683 5022 765 5076 18.
802 5022 1357 5090 Iamno-whom&
1400 5028 1451 5078 et
1496 5021 1711 5077 Farclli
1836 5021 1848 5034 ‘

377 5092 699 5217 mist
729 5092 1031 5216 αάαὴβζοζνύι
1085 5091 1871 5234 Μοξζω.ωπᾋῳσ3ι)’ᾳαεω
1907 5161 2247 5216 Ges-evm
2279 5166 2332 5217 et

384 5229 694 5286 Romen-scs
727 5231 1002 5285 arbitrum
1034 5246 1170 5285 suae
1200 5231 1316 5286 litis
1349 5230 1465 5286 dele
1558 5237 1677 5285 ant.
1750 5229 1926 5312 Roqct
1956 5229 1999 5284 1.
2035 5229 2157 5285 269.

588 5300 649 5368 2)
683 5299 1428 5355 Haecumavorbafc'ar
1493 5300 1987 5356 immmadwcta.

419 5368 548 5430 273.
586 5371 644 5439 1)
679 5369 735 5425 d.
774 5370 857 5424 13.
892 5370 1024 5425 Im
1087 5368 1348 5437 (Skidan
1373 5385 1438 5439 p.
1474 5368 1596 5438 202,
1644 5368 1811 5439 Ocrp.
1849 5367 1974 5436 Res.
2017 5367 2084 5421 V.
2113 5382 2178 5436 p.
2216 5365 2331 5436 26.)

599 5454 818 5511 Caluini
846 5471 1030 5525 opem.
1113 5455 1231 5513 Vol.
1263 5454 1372 5510 XI.

2037 5021 2331 5077 Gabinium

1882 5097 2030 5146 setus
2044 5091 2332 5146 Bassscam

2085 437 2235 497 1541
2287 434 2451 501 IAN
2455 435 2669 503 UAR.

4254 453 4374 513 146

2419 626 2700 691 Animos
2763 627 2942 692 enim
3004 628 3503 696 obstinaverant
3555 630 3640 697 ad
3703 633 4105 717 recipiendas
4157 637 4380 719 potius

2419 710 2742 795 quaslibet
2784 713 3206 794 conditiones,
3262 736 3458 799 quam
3512 725 3588 782 ut
3641 718 3851 784 videri
3901 729 4169 803 possent
4222 723 4378 788 sub-

2418 798 2785 882 terfugisse.
2874 797 3215 883 Quidquid
3258 823 3414 887 ergo
3468 802 3656 868 salva
3708 825 3943 871 causae
4000 805 4378 874 defensione

2419 882 2688 949 concedi
2744 885 2971 969 potuit,
3028 884 3451 953 admiserunt.
3551 889 3845 955 Ventum
3901 901 4001 958 est
4054 893 4123 956 in
4176 894 4378 959 collo·

2420 969 2666 1052 quium.
2758 970 3020 1052 Ekcius,
3038 972 3098 1056 2)
3141 993 3335 1056 quem
3379 973 3738 1041 adversarii
3783 983 4065 1042 actorem
4115 977 4375 1064 delege-

2418 1062 2589 1135 rant,
2634 1056 2993 1122 orationem
3031 1057 3262 1124 habuit
3299 1057 3579 1125 duarum
3616 1059 3947 1127 horarum.
4034 1062 4098 1128 P
4196 1066 4210 1079 '

2418 1139 2759 1224 respoudit
2781 1142 3114 1225 aliquanto
3134 1144 3415 1211 brevius.
3477 1147 3538 1211 A
3563 1146 3839 1231 prandio
3859 1147 4108 1214 Ekcius
4126 1149 4373 1215 iterum

2418 1225 2734 1292 detonuit.
2825 1227 3153 1295 Postridie
3199 1229 3546 1314 Philippus
3588 1253 3844 1297 summa
3899 1231 4218 1300 modestia
4272 1256 4376 1300 re-

2418 1312 2696 1395 spondit
2789 1314 3040 1380 Ekcius
3086 1317 3330 1381 iterum
3375 1338 3415 1382 a
3458 1317 3752 1400 prandio.
3842 1319 4376 1386 Prouunciarunt

2419 1398 2575 1464 boni
2620 1407 2686 1463 et
2728 1401 2934 1465 sancti
2980 1399 3224 1466 iudices
3269 1403 3431 1469 satis
3476 1402 3556 1468 de
3590 1424 3667 1470 eo
3687 1404 3961 1471 articulo
3983 1426 4126 1471 esse
4149 1404 4373 1490 dispu-

2417 1491 2652 1548 tatum.
2730 1482 2955 1565 Quum
2989 1486 3352 1552 adversarii
3385 1489 3594 1572 primo
3628 1499 3695 1554 et
3728 1491 3959 1555 ultimo
3995 1490 4134 1557 loco
4170 1492 4374 1557 dixis-

2419 1577 2587 1648 sent,
2635 1573 3011 1654 excepimus
3055 1571 3268 1637 videri
3311 1575 3499 1639 nobis
3542 1574 3707 1639 illud
3750 1576 4174 1644 intolerabile.
4263 1577 4378 1643 Illi

2419 1656 2860 1741 Areopagitae
2895 1657 3238 1724 inflexibili
3272 1661 3601 1743 gravitate
3622 1671 3913 1742 perstare
3933 1663 4003 1726 in
4026 1664 4375 1729 sententia.

2421 1739 2850 1808 Obtinuimus
2893 1750 3116 1808 tamen
3159 1752 3237 1809 ut
3279 1746 3515 1812 iterum
3571 1746 3801 1813 liceret
3854 1747 4065 1832 loqui:
4125 1747 4238 1814 sed
4298 1769 4379 1814 ea

2420 1826 2594 1911 lege,
2655 1836 2730 1893 ut
2776 1839 3144 1929 postremas
3195 1831 3582 1932 adversarii⁸
3611 1831 3941 1899 haberent.
4039 1833 4380 1917 Philippus

2421 1913 2937 2100 θὲἱὲωὲἛῗίἓ
2987 1914 4379 2089 mixti-¹:³0ttussffifflffsszffg

2422 2103 2581 2149 suae
2621 2087 2866 2152 actioni
2907 2088 3234 2170 imposuit.
3325 2089 3524 2154 Dices
3577 2089 3749 2155 hanc
3793 2091 4114 2156 rationem
4165 2092 4383 2156 videri

2422 2170 2543 2234 tibi
2588 2171 2862 2236 minime
2913 2172 3237 2239 idoneam.
3329 2174 3548 2253 Nulla,
3608 2177 3833 2255 fateor,
3888 2177 4100 2260 magis
4154 2178 4383 2263 inepta

2422 2256 2711 2321 inveniri
2775 2259 3023 2341 potuit:
3091 2259 3207 2326 sed
3268 2261 3423 2344 quia
3487 2281 3570 2325 ex
3637 2261 3916 2326 aliorum
3982 2264 4381 2347 praescripto

2423 2341 2753 2425 agendum
2817 2344 2942 2409 fuit
3008 2346 3225 2425 uobis,
3292 2367 3561 2412 necesse
3628 2346 3976 2413 habuimus
4034 2347 4102 2413 id
4157 2350 4379 2432 ipsum

2422 2428 2607 2509 sequi
2672 2429 2843 2512 quod
2908 2451 3322 2515 summopere
3385 2432 3486 2497 dis
3534 2431 3782 2498 licebat.
3885 2433 4035 2499 Non
4098 2435 4381 2500 referam

2422 2513 2531 2580 hic
2576 2524 2821 2596 quanto
2864 2516 3060 2592 fastu,
3106 2527 3353 2600 quanta
3394 2538 3477 2583 au
3601 2519 3682 2595 ia,
3739 2519 4108 2598 insolentia,
4161 2521 4381 2603 impu-

2423 2598 2678 2678 dentia,
2738 2601 3131 2667 vociferatus
3185 2604 3272 2668 sit
3328 2604 3440 2669 ille
3496 2614 3795 2687 nugator.
3900 2606 4202 2688 Propone
4258 2605 4381 2671 tibi

2422 2685 2710 2769 effigiem
2776 2685 3037 2753 barbari
3104 2689 3436 2772 sophistae
3500 2689 3677 2755 inter
3740 2689 4084 2756 illiteratos
4149 2690 4380 2756 stolide

2423 2771 2838 2850 exsultantis,
2864 2780 2930 2838 et
2953 2773 3222 2841 habebis
3245 2774 3580 2842 dimidiam
3604 2783 3859 2859 partem
3882 2775 4088 2841 Ekcii.
4126 2775 4381 2841 Iterum

2422 2858 2949 2939 pronunciamnt
3007 2858 3159 2925 boni
3216 2863 3586 2945 cognitores
3643 2860 3816 2928 hanc
3870 2862 4381 2928 controversiam

2425 2944 2587 3008 satis
2633 2943 2981 3028 diligenter
3021 2947 3333 3030 utrinque
3383 2947 3588 3013 fuisse
3644 2968 4004 3013 excussam.
4094 2948 4382 3013 Tantum

2423 3027 2548 3094 hoc
2591 3037 2858 3110 restare,
2903 3040 2981 3095 ut
3023 3037 3302 3114 quatuor
3342 3032 3518 3097 inter
3544 3053 3614 3098 se
3636 3034 4223 3112 committerentur,
4270 3036 4386 3117 qui

2424 3115 2775 3180 formulam
2821 3116 3106 3216 aliquam
3152 3117 3652 3184 conscriberent.
3752 3118 3860 3183 Ita
3902 3140 4092 3203 posse
4136 3117 4221 3185 ad
4263 3119 4384 3184 ali-

2425 3220 2624 3284 quam
2657 3222 3147 3268 conseuslonem
3182 3204 3531 3287 perveniri.
3607 3203 4017 3269 Permissum
4045 3204 4386 3272 Granveao

2426 3295 2500 3351 ut
2544 3287 2817 3371 eligeret
2837 3309 2997 3372 quos
3017 3288 3240 3355 vellet.
3331 3289 3456 3355 Ele
3507 3290 3557 3354 't
3581 3288 3956 3373 Philippum
3978 3296 4045 3355 et
4065 3289 4387 3357 Bucerum

2426 3394 2467 3437 a
2525 3373 2733 3438 nobis.
2834 3375 2940 3441 Ab
2999 3373 3394 3441 adversariis
3452 3310 3720 3441 {hemum
3776 3383 3843 3442 et
3895 3396 3927 3440 s
4186 3396 4386 3442 neum

2427 3459 2899 3544 Moguutinum
2914 3460 2971 3548 ⁸)
3017 3482 3211 3544 quem
3253 3460 3583 3527 iudicabat
3626 3461 3764 3526 fore
3809 3460 3955 3527 aliis
3996 3462 4388 3528 moderatio-

2426 3566 2588 3611 rem.
2689 3543 2946 3611 Verum
2998 3567 3199 3631 quum
3253 3546 3367 3612 ille
3421 3568 3555 3612 non
3607 3553 3781 3612 esset
3834 3553 4135 3631 repertus
4190 3546 4389 3626 domi,

2427 3652 2648 3696 errore
2660 3631 2980 3699 adductus
3003 3644 3103 3698 est
3118 3631 3592 3698 Dominicanus
3608 3631 3875 3716 quidam
3892 3632 4309 3718 Mesinyerus:
4326 3632 4387 3719 4)

2428 3738 2560 3782 non
2605 3717 2814 3792 homo,
2864 3717 2981 3785 sed
3021 3720 3193 3783 furia
3235 3718 3812 3801 importunissima.
3900 3717 4025 3783 Ille
4068 3719 4389 3803 principio

2427 3802 2594 3868 nihil
2641 3805 2832 3886 aequi
2876 3803 3238 3869 admittere.
3339 3802 3475 3869 Sed
3518 3824 3720 3886 quum
3764 3803 4009 3870 Ekcius
4050 3825 4091 3869 a
4146 3803 4390 3870 Gaesa-

2394 3889 2633 3966 ‚rianis
2678 3888 2988 3955 delinitus
3034 3890 3426 3976 (abutuntur
3462 3899 3679 3955 autem
3717 3899 4028 3972 tanquam
4066 3890 4387 3976 morione)

2433 3972 2717 4040 dedisset
2774 3974 2946 4058 quod
3009 3987 3150 4041 tota
3215 3976 3470 4041 actione
3536 3983 3803 4040 strenue
3867 3986 4253 4059 negaverat,
4320 3985 4389 4040 et

2437 4060 2821 4126 Granvellus
2864 4063 3271 4145 approbaret,
3335 4061 3443 4126 hic
3489 4059 3886 4144 Mesinyerus
3927 4063 4137 4145 posita
4179 4062 4388 4146 perti-

2430 4146 2622 4212 nacia
2665 4147 2897 4212 leviter
2941 4148 3264 4213 assentiri.
3376 4146 3720 4229 Philippus
3760 4155 3828 4211 et
3869 4145 4158 4213 But-ems
4202 4146 4389 4212 dixe-

2430 4239 2592 4297 runt
2634 4253 2704 4298 se
2747 4232 2915 4297 nihil
2960 4234 3093 4297 illic
3136 4232 3362 4298 videre
3412 4232 3585 4316 quod
3628 4230 4211 4316 reprehenderent:
4273 4232 4390 4297 sed

2434 4319 2604 4385 velle
2647 4318 2731 4384 ad
2775 4340 2892 4384 nos
2937 4320 3196 4384 referre.
3288 4320 3465 4383 Dum
3489 4318 3953 4392 consultamus,
3982 4318 4391 4384 advocantur

2432 4424 2660 4470 omnes
2697 4426 2736 4468 a
2776 4403 3126 4482 GranvelZO,
3164 4405 3524 4469 recitantur
3550 4403 3846 4469 Caesaris
3868 4404 4114 4481 literae,
4152 4404 4389 4488 quibus

2431 4492 2811 4555 missionem
2869 4491 3057 4555 nobis
3113 4488 3323 4555 dabat.
3414 4489 3522 4555 Ita
3576 4511 3647 4554 re
3702 4490 3944 4555 infecta
3995 4487 4388 4555 discessum:

2432 4575 2547 4640 sed
2591 4579 2745 4659 quia
2791 4574 3027 4641 Caesar
3069 4577 3393 4658 promittit
3427 4598 3497 4643 se
3533 4575 3933 4641 Ratisbonae
3967 4576 4390 4659 cogniturum

2434 4660 2513 4726 de
2558 4661 2682 4728 hac
2726 4682 2939 4741 causa,
2985 4662 3321 4726 decretum
3382 4671 3483 4727 est
3536 4671 3610 4725 ut
3667 4661 3918 4745 aliquot
3975 4660 4260 4745 theologi
4311 4681 4390 4724 eo

2433 4747 2933 4814 adducerentur.
3033 4747 3166 4813 Ubi
3223 4746 3522 4812 auditum
3573 4747 3773 4811 fuerit
3827 4745 4157 4812 Gaesarem
4209 4755 4392 4811 recta

2430 4833 2592 4900 illuc
2614 4832 3024 4912 contendere,
3048 4854 3169 4899 nos
3191 4833 3346 4899 hinc
3366 4834 3711 4898 solvemus.
3801 4832 3916 4898 Me
3944 4833 4120 4898 enim
4143 4831 4394 4896 Buccro

2433 4918 2736 4984 adiunxit
2780 4931 3065 4985 senatus.
3155 4919 3304 4985 Hoc
3354 4917 3698 5000 Philippus
3760 4939 3894 4982 non
3952 4918 4096 4982 sine
4149 4937 4394 5001 magna

2435 5006 2866 5072 obtestatione
2929 5005 3239 5089 petierat:
3307 5003 3480 5088 quod
3546 5004 3689 5069 ideo
3756 5003 3932 5082 dico,
4000 5023 4084 5067 ne
4147 5022 4254 5066 me
4311 5002 4396 5068 de

2440 5147 2848 5155 ---—-—--.———-—

2641 5227 2702 5297 2)
2750 5226 3123 5310 Wiedemaqtm
3162 5228 3240 5282 D.
3276 5227 3400 5282 Ich.
3437 5225 3577 5281 Ech.
3650 5223 3916 5293 Reqmb.
3955 5221 4090 5277 1865
4125 5239 4184 5292 p.
4220 5223 4343 5279 300.

2644 5297 2705 5434 {3
2739 5292 4090 5502 ffssfflessf'ffffrffiss‘ssassoeffifflff
4123 5359 4309 5431 (cea.)
