5050 6167
403 458 530 523 253

405 648 577 710 (Anto
714 645 827 701 bon
849 664 960 701 non
982 653 1181 704 exstat.
1235 648 1463 718 Legitur
1496 665 1661 702 manu
1676 650 1965 704 Ionvillaei
1999 648 2272 719 descripta
2304 649 2362 701 in

402 714 546 768 Bibl.
666 731 789 768 neV.
827 714 958 769 Ood.
983 716 1129 782 1112,
1166 717 1258 772 fol.
1292 717 1341 770 2.
1412 718 1740 772 nocentiora
1773 717 2087 789 apographa
2120 718 2362 787 reperies

400 782 537 837 ibid.
574 782 704 837 Ood.
741 783 873 850 111,
922 786 1013 841 sol.
1049 784 1147 851 53,
1201 788 1258 840 in
1294 787 1463 842 Arch.
1510 787 1668 841 Bern.
1718 787 1859 857 Epp.
1906 787 1966 841 Τ.
2006 786 2133 841 vn.
2169 804 2223 857 p.
2259 784 2363 839 398

997 862 1055 908 et
1088 872 1174 925 ap.
1213 855 1426 909 Simler.
1462 855 1590 908 Vol.
1628 855 1742 922 50.)

575 978 839 1074 Scripsi
887 992 1005 1060 tibi
1061 1013 1180 1076 per
1236 992 1658 1060 Fortunatam
1683 993 1732 1081 ι)
1786 994 2019 1078 gallice
2035 1046 2051 1073 ,
2120 994 2358 1077 partim

402 1074 558 1158 quia
600 1075 922 1142 eiusmodi
975 1079 1314 1162 negotium
1369 1080 1730 1146 tractabam
1776 1088 1855 1145 ut
1904 1080 2131 1146 literas
2169 1100 2358 1162 opor-

403 1168 572 1225 teret
630 1161 712 1227 iis
786 1165 1271 1231 communicare
1323 1166 1434 1247 qui
1488 1166 1690 1231 latine
1755 1186 1890 1230 non
1958 1166 2357 1250 intelligunt,

400 1248 642 1330 partim
699 1249 855 1330 quia
913 1271 998 1314 ex
1052 1249 1223 1316 lecto
1277 1250 1605 1317 dictabam
1671 1272 1794 1317 nec
1856 1251 2019 1316 mihi
2082 1262 2225 1317 erat
2287 1252 2358 1315 in

399 1341 709 1417 promptu
776 1337 1199 1402 amanuensis
1254 1339 1363 1420 qui
1434 1337 1632 1403 aliam
1698 1339 1992 1423 linguam
2057 1339 2357 1420 excipere

399 1431 620 1501 posset
660 1440 855 1502 quam
900 1421 1221 1504 gallicam.
1290 1421 1595 1503 Quatuor
1636 1424 1772 1489 fere
1819 1424 1997 1489 horis
2040 1436 2184 1507 post
2219 1422 2357 1489 abi-

400 1513 544 1568 tum
591 1503 931 1572 Fortunati
966 1509 1156 1573 venit
1197 1507 1590 1587 Aleoeamler,
1645 1530 1841 1592 quem
1900 1510 2083 1575 misit
2124 1508 2207 1574 ad
2250 1529 2357 1574 me

401 1588 686 1657 Ioannes
743 1592 1071 1658 Gir-ardus
1136 1606 1215 1659 ut
1268 1602 1446 1659 certo
1512 1594 1871 1662 indicarem
1927 1594 2082 1679 quid
2136 1604 2355 1660 actum

402 1677 489 1741 sit
528 1676 600 1740 in
659 1698 857 1743 causa
912 1679 1212 1745 fratrum.
1315 1678 1568 1765 Scripsi
1623 1692 1844 1747 autem
1899 1680 1981 1747 ad
2027 1680 2357 1747 Farellum

402 1760 574 1845 quod
617 1764 912 1845 proferre
963 1765 1165 1830 licuit.
1253 1764 1428 1831 Nam
1488 1768 1838 1833 secretiora
1893 1768 2161 1833 consilia
2206 1788 2354 1851 pre-

400 1867 582 1912 mere
626 1870 838 1932 cogor,
884 1870 1125 1936 magno
1168 1873 1315 1917 meo
1352 1873 1504 1918 cum
1549 1851 1788 1918 dolore.
1879 1853 1983 1917 De
2026 1851 2355 1937 legatione

400 1933 622 1999 minus
667 1935 1002 2014 contendi,
1063 1938 1215 2020 quia
1268 1937 1554 2003 sciebam
1608 1959 1717 2003 me
1778 1961 1909 2004 non
1966 1938 2354 2022 impetratu-

400 2040 569 2085 rum.
660 2020 761 2085 Ne
819 2021 1045 2088 literae
1103 2022 1363 2107 quidem
1423 2024 1615 2089 datae
1668 2034 1827 2090 sunt
1891 2024 2117 2108 quales
2179 2024 2354 2090 vole-

402 2105 569 2169 bam.
590 2107 650 2187 ²)
737 2104 1130 2190 Quanquam
1200 2131 1345 2174 meo
1413 2124 1681 2193 rogatu,
1749 2119 2093 2194 postquam
2154 2110 2356 2176 allata

403 2212 570 2274 quae
594 2190 892 2260 Farellus
926 2196 1214 2273 miserat,
1253 2194 1500 2279 aliquid
1536 2194 1946 2261 addiderunt.
2013 2195 2351 2279 Siquidem

400 2275 594 2342 biduo
638 2286 809 2356 ante,
856 2280 1230 2346 admonitus
1270 2280 1555 2347 Macrini
1570 2279 1625 2367 ³)
1668 2281 1896 2357 literis,
1941 2281 2352 2347 obtinueram

401 2371 475 2427 ut
537 2362 947 2431 scriberetur.
1048 2367 1359 2432 Correcta
1412 2367 1616 2451 igitur
1668 2367 1970 2433 nonnihil
2022 2379 2123 2433 est
2175 2368 2353 2451 prior

398 2447 515 2513 illa
532 2449 813 2515 formula
846 2461 994 2534 post
1032 2460 1369 2536 acceptum
1409 2452 1765 2518 secundum
1802 2454 2133 2520 nuncium.
2199 2454 2353 2519 Duo

400 2534 614 2618 capita
656 2537 941 2603 inserta:
989 2540 1412 2606 confessionis
1448 2559 1615 2622 quae
1635 2541 1934 2623 Aquensi
1980 2540 2196 2605 curiae
2238 2538 2351 2604 ob-

400 2619 531 2685 lata
571 2620 787 2687 fuerat
821 2624 1221 2708 approbatiO,
1268 2634 1336 2690 et
1371 2625 1743 2709 deprecatio
1784 2645 1869 2690 ne
1913 2625 2210 2692 abiurare
2246 2646 2351 2692 co·

400 2714 730 2790 gerentur.
797 2708 1142 2774 Nihildum
1189 2711 1269 2776 ad
1313 2710 1463 2776 illas
1508 2710 1731 2776 literas
1776 2718 1922 2776 erat
1963 2732 2354 2794 responsum

399 2811 602 2874 quum
644 2792 929 2860 discessi.
1020 2797 1271 2862 Verum
1314 2799 1369 2862 si
1411 2797 1566 2879 quid
1613 2797 1925 2862 afferetur
1967 2796 2174 2862 habeo
2217 2796 2354 2867 illic

398 2877 519 2959 qui
555 2879 723 2943 mihi
765 2881 989 2945 statim
1034 2883 1294 2949 scribat.
1362 2882 1627 2949 Ourabo
1670 2893 1744 2948 ut
1776 2904 1899 2951 nec
1943 2882 2352 2965 diligentiam

400 2984 521 3029 nec
584 2965 781 3030 fidem
847 2988 1057 3033 meam
1127 2968 1498 3034 desiderent
1560 2970 1653 3052 pii
1710 2970 1969 3035 fratrea.
2070 2969 2351 3034 Interim

400 3047 662 3115 hortare
713 3051 889 3136 ipsos
933 3064 1009 3119 ut
1047 3056 1118 3121 in
1161 3055 1382 3121 Deum
1432 3077 1642 3122 unum
1699 3055 2081 3139 respiciant,
2140 3076 2352 3139 neque

401 3155 441 3200 a
472 3135 718 3202 mundo
761 3148 876 3204 aut
917 3160 1115 3208 carne
1160 3143 1479 3208 auxilium
1522 3149 1934 3226 exspectent,
1988 3141 2055 3207 id
2101 3153 2231 3221 est,
2277 3149 2353 3207 ut

399 3240 475 3285 eo
518 3221 654 3287 solo
696 3225 940 3291 auxilio
976 3230 1268 3295 contenti
1313 3229 1446 3294 sint
1487 3228 1660 3312 quod
1701 3229 2031 3295 Dominus
2075 3227 2347 3295 dederit.

397 3304 479 3372 Si
545 3309 707 3374 velit
771 3318 848 3375 ut
913 3313 995 3379 ab
1065 3313 1441 3381 hominibus
1509 3315 1932 3394 deserantur,
2010 3316 2211 3380 etiam
2276 3316 2349 3379 in

399 3414 656 3459 summa
719 3394 1170 3481 desperatione
1235 3401 1317 3468 ab
1381 3402 1523 3486 ipso
1580 3401 1929 3485 pendeant.
2033 3399 2139 3467 De
2203 3421 2349 3467 meo

396 3480 567 3548 istuc
621 3482 915 3550 adventu
986 3486 1154 3552 nihil
1217 3509 1486 3571 possum
1550 3508 1840 3554 asserere
1906 3486 2083 3553 aliud
2149 3508 2348 3570 quam

397 3566 573 3651 quod
616 3590 874 3652 semper
917 3570 1074 3638 dixi.
1165 3572 1242 3641 Si
1291 3573 1579 3641 Bucerus
1623 3573 1808 3639 brevi
1852 3572 2141 3654 redierit,
2199 3596 2348 3658 per·

397 3654 657 3720 traham
704 3678 854 3722 eum
890 3679 1162 3724 mecum.
1188 3705 1203 3720 .
1254 3660 1504 3745 Magno
1553 3682 1663 3725 ere
1717 3660 1895 3726 enim
1953 3660 2229 3726 interest
2275 3667 2350 3725 ut

398 3759 653 3806 mecum
710 3743 950 3809 veniat.
1052 3743 1177 3811 Sin
1232 3746 1431 3813 nimis
1484 3682 1596 3811 dIiu
1650 3756 1970 3827 moretur,
2030 3768 2114 3813 ex
2171 3756 2237 3813 tc
2281 3756 2351 3812 et

398 3823 652 3891 Farello
695 3830 1046 3897 consilium
1096 3834 1368 3916 capiam.
1456 3833 1603 3899 Hoc
1646 3833 1858 3899 scribo
1901 3839 1980 3899 ut
2032 3832 2200 3900 scias
2243 3854 2350 3899 me

398 3933 532 3977 non
581 3914 1062 4000 tergiversandi
1104 3919 1321 3984 animo
1374 3927 1598 4001 petere
1655 3928 1731 3984 ut
1773 3918 1947 3984 diem
1990 3919 2152 3984 mihi
2198 3942 2347 4004 pro-

398 3998 660 4083 rogetis.
746 4000 1037 4067 Causam
1094 4013 1312 4069 autem
1357 4026 1489 4069 non
1532 4025 1766 4087 parum
1820 4005 2246 4088 promovebit,
2292 4004 2351 4070 si

399 4094 604 4150 totam
648 4088 968 4153 actionem
1020 4088 1197 4155 inter
1250 4090 1412 4156 duas
1473 4092 1668 4157 urbes
1724 4091 1911 4157 nobis
2013 4091 2349 4169 erscribas,

397 4190 530 4237 non
583 4180 657 4237 ιιι
711 4181 1028 4257 patronus
1082 4174 1349 4241 alterius
1405 4175 1617 4259 partis
1674 4176 1788 4243 sed
1839 4185 1916 4242 ut
2034 4177 2046 4190 '
2089 4177 2348 4243 toricus.

399 4256 505 4322 De
550 4259 829 4326 comitiis
872 4259 1204 4346 intelliges
1257 4284 1342 4327 ex
1395 4264 1559 4329 meis
1612 4262 1695 4328 ad
1742 4261 2070 4328 Far-ellum
2123 4261 2350 4338 literis,

398 4364 561 4427 quas
596 4352 811 4411 tecum
855 4347 1018 4413 iussi
1064 4347 1557 4415 communicare.
1648 4348 1814 4414 Heri
1868 4347 2088 4431 accepi
2130 4369 2171 4413 a
2214 4347 2349 4413 Bu-

398 4449 535 4496 cero
576 4432 816 4511 literas,
835 4435 894 4517 ⁴)
949 4434 1185 4517 quibus
1240 4434 1571 4518 significat
1612 4433 1679 4498 id
1777 4433 1905 4499 uod
1951 4455 2209 4518 semper
2251 4432 2349 4497 di-

398 4517 804 4597 vinaveram‚
849 4529 1104 4586 nostros
1148 4521 1395 4586 auxilia
1435 4540 1678 4605 negare
1767 4520 1998 4600 aesari,
2042 4519 2173 4586 nisi
2215 4541 2349 4604 pax

400 4603 523 4669 sibi
594 4607 1121 4671 constitueretur.
1231 4606 1464 4690 Itaque
1535 4603 1867 4673 Caesarem
1930 4604 2200 4674 rediisse
2265 4605 2349 4672 ad

400 4689 685 4771 priorem
751 4690 1325 4758 consultationem:
1400 4691 1811 4759 adversarios
1875 4692 1977 4758 bis
2037 4692 2213 4758 inter
2278 4714 2350 4759 se

442 4980 575 5041 335.
610 4981 670 5045 1)
705 4980 783 5034 N.
826 4979 925 5035 136
958 4987 1071 5036 not.
1105 4982 1155 5035 3.

604 5052 664 5119 2)
700 5050 787 5116 cf.
824 5049 903 5106 N.
938 5052 1039 5105 321
1074 5057 1187 5106 not.
1222 5051 1272 5106 3.

607 5120 666 5183 3)
702 5120 970 5176 Fortasse
1002 5120 1095 5174 hic
1125 5120 1384 5175 habemas
1422 5128 1647 5191 poetam
1681 5122 1822 5176 satis
1855 5121 2066 5175 dar-tom
2099 5122 2220 5175 eius
2255 5137 2346 5202 ae-

399 5192 548 5254 tatis,
588 5190 817 5246 Salmous
851 5189 1085 5244 Macrin
1127 5189 1193 5243 de
1226 5190 1475 5245 Loudun
1487 5230 1504 5258 ,
1555 5190 1740 5246 Fabri
2097 5190 2108 5203 “
2179 5190 2347 5245 disa-

394 5259 615 5329 pulum,
645 5265 1059 5329 praeceptorem
1090 5258 1332 5326 filiorum
1365 5258 1577 5314 Renati
1610 5258 1894 5328 Saba-ndi,
1943 5265 1994 5314 et
2019 5259 2351 5326 ⁴'reformati-s

348 5332 351 5335 ’
399 5330 690 5451 faemina.
761 5329 1103 5450 Ianua-supra
1136 5328 1459 5384 ocati-rebat
1494 5329 1572 5383 N.
1608 5328 1729 5382 321.
1996 5342 2005 5351 ·

2220 464 2379 584 1541
2428 454 2613 525 IUL.

4290 466 4418 536 254

2467 647 2842 728 contulisse,
2886 650 3200 715 maiorem
3238 660 3493 735 partem
3528 656 3836 737 insanire,
3873 678 4002 723 non
4037 657 4230 724 modo
4263 677 4417 724 con-

2466 743 2572 797 tra
2614 755 2752 812 nos,
2797 735 2912 800 sed
2957 737 3157 801 etiam
3201 745 3430 804 contra
3477 738 3809 807 Gaesarem
3848 745 3962 826 qui
4005 750 4261 810 tantam
4297 764 4417 809 no-

2464 819 2566 889 bis
2611 820 3092 888 humanitatem
3134 824 3492 890 exhiberet.
3583 823 3718 892 Sed
3761 828 4090 895 Dominus
4146 829 4260 896 illo
4316 831 4417 895 fu-

2466 926 2615 970 rore
2659 905 2969 972 abutetur
3013 915 3088 973 ut
3129 907 3281 974 boni
3325 910 3689 977 reddantur
3732 914 3918 979 nobis
3964 917 4317 998 aequiores.

2635 992 2896 1057 Nomen
2935 993 3360 1079 WendeliniP)
3406 1004 3484 1062 ut
3524 999 3592 1062 in
3629 1006 3774 1064 tuto
3818 1002 3919 1076 sit,
3966 1003 4146 1066 omni
4182 1001 4416 1082 studi0,

2462 1098 2640 1154 cura,
2685 1076 3010 1144 industria
3052 1081 3373 1148 contende
3407 1091 3474 1148 et
3509 1085 3708 1149 effice.
3776 1087 3914 1152 Res
3954 1088 4072 1153 tibi
4117 1109 4248 1153 non
4292 1089 4420 1154 erit

2463 1163 2769 1239 difficilis,
2812 1186 3014 1247 quum
3059 1165 3404 1234 habiturus
3448 1169 3538 1235 sis
3582 1180 3886 1236 senatum
3932 1175 4090 1239 satis
4135 1195 4416 1257 propen-

2461 1270 2629 1315 sum.
2719 1249 3000 1315 Summa
3043 1260 3145 1317 est
3188 1258 3271 1317 48
3316 1255 3733 1321 florenorum.
3839 1258 4039 1323 Mitto
4082 1260 4225 1325 eius
4268 1261 4416 1325 lite-

2460 1357 2570 1400 ras
2627 1335 2804 1401 unde
2860 1339 3211 1403 convincas
3267 1340 3489 1422 ipsum
3550 1364 3692 1408 esse
3750 1343 4108 1411 Wendelino
4149 1346 4418 1411 obaera-

2462 1430 2620 1486 tum.
2709 1423 2845 1487 Eas
2889 1422 3237 1508 diligenter
3280 1427 3595 1492 servabis.
3687 1428 3815 1495 Ubi
3868 1432 4202 1496 monueris
4256 1431 4412 1514 quid

2459 1527 2622 1590 opus
2660 1508 2765 1586 sit,
2811 1508 3047 1574 melius
3087 1518 3154 1574 te
3196 1511 3618 1579 instruemus.
3722 1514 3851 1581 His
3900 1516 4110 1582 literis
4157 1516 4416 1583 Sonerio

2459 1604 2528 1657 et
2569 1586 2804 1658 Ioanni
2856 1595 3135 1661 Gir-ardo
3182 1598 3556 1680 respondeo.
3662 1599 3891 1684 Neque
3953 1603 4128 1667 enim
4184 1623 4415 1685 operae

2458 1681 2743 1761 pretium
2802 1689 2903 1745 est
2957 1679 3184 1747 eadem
3242 1684 3504 1767 saepius
3559 1694 3873 1769 repetere.
3961 1687 4129 1753 Vale
4173 1689 4416 1771 optime

2459 1772 2525 1829 et
2569 1765 2994 1849 integerrime
3037 1768 3259 1834 frater.
3352 1773 3780 1855 Argentorati
3833 1777 3928 1836 12.
3974 1773 4130 1839 Iulii
4184 1780 4366 1839 1541.

3378 1907 3661 1974 Ioannes
3707 1909 4026 1978 Calvinus
4072 1920 4240 1979 tuus.

3361 2403 3514 2475 336.

2951 2539 3445 2608 FREOHTUS
3490 2541 3926 2611 OALVINO.

2633 2710 3031 2777 Commendat
3089 2714 3147 2778 ei
3194 2714 3442 2779 exsules
3489 2713 3712 2779 Gallos
3767 2716 3838 2780 in
3881 2718 4171 2799 patriam
4213 2738 4412 2784 rever-

2455 2800 2659 2861 tentes.
2728 2795 3164 2863 Communium
3206 2798 3755 2865 Ratisbonensium
3797 2802 4144 2869 studiorum
4184 2824 4409 2869 memo-

2454 2884 2624 2947 riam
2666 2883 2898 2961 recolit,
2944 2882 3314 2950 Buceriana
3358 2885 3666 2966 quaedam
3708 2892 3766 2952 et
3821 2887 4410 2958 Melanchthoniana

2454 2968 2579 3034 sibi
2619 2970 2918 3036 mittenda
2960 2969 3296 3053 siynisicat.

2698 3141 2809 3206 (Ex
2844 3141 3183 3211 autographo
3219 3141 3358 3196 Bibl.
3396 3141 3597 3197 Genev.
3636 3142 3763 3198 Cod.
3802 3142 3919 3211 109,
3953 3144 4044 3198 fol.
4081 3143 4155 3211 6.)

2627 3347 2916 3432 Egregie
2958 3348 3066 3432 pio
3111 3347 3300 3415 docto
3343 3356 3412 3414 et
3443 3348 3702 3433 integro
3737 3350 3882 3416 viro
3917 3349 4001 3416 D.
4038 3350 4093 3417 Ι.
4132 3350 4411 3419 calvino

2454 3433 2970 3517 Argentinensis
3012 3434 3326 3501 ecclesiae
3370 3434 3622 3503 doctori
3660 3433 3925 3502 domino
3969 3444 4038 3502 et
4071 3437 4262 3503 fratri
4295 3459 4412 3504 suo

2456 3518 2826 3585 venerando

3729 3605 4148 3694 Strasspurg.

2628 3743 2929 3812 Salutem
2985 3744 3056 3808 in
3099 3742 3404 3824 Domino,
3471 3742 3728 3812 Calvina
3770 3744 3976 3811 frater
4016 3744 4407 3813 venerande.

2453 3831 2534 3898 Si
2577 3831 2799 3898 salvus
2842 3828 3111 3895 domum
3153 3827 3414 3896 rediens
3458 3831 3610 3895 istic
3655 3830 3838 3897 salva
3880 3851 4180 3915 quaeque
4224 3853 4411 3916 repe-

2453 3919 2629 3996 risti,
2688 3925 2789 3983 est
2830 3914 3004 3999 quod
3060 3914 3352 3999 gaudens
3410 3915 3829 4000 congratulor
3873 3916 4011 3982 tibi.
4101 3917 4237 3983 Nos
4279 3918 4413 3984 Dei

2453 4005 2668 4090 gratia
2707 4002 2816 4068 hic
2861 4002 3160 4067 valemus
3202 4000 3298 4067 ita
3331 4010 3406 4067 ut
3448 4023 3667 4068 coram
3713 4001 3958 4067 vidisti.
4045 4002 4190 4069 Nisi
4237 4002 4411 4086 quod

2452 4093 2707 4156 interea
2748 4088 2883 4153 tuis
2924 4087 3123 4153 etiam
3168 4088 3500 4153 caruimus
3545 4086 3789 4168 literis,
3845 4087 3913 4153 id
3972 4087 4145 4171 quod
4186 4088 4412 4154 valere

2453 4184 2754 4243 nostrum
2817 4172 3123 4238 nonnihil
3179 4181 3428 4257 gravat.
3527 4172 3819 4239 Bucen-us
3871 4182 4100 4240 noster
4155 4179 4212 4239 5.
4254 4174 4413 4239 lulii

2456 4262 2541 4327 ad
2583 4282 2689 4327 me
2733 4259 2847 4326 sed
2893 4258 3181 4326 laconice
3224 4262 3382 4325 satis
3416 4260 3696 4344 scripsit,
3741 4268 3820 4324 ut
3862 4260 3970 4326 cui
4013 4260 4289 4324 nimium
4325 4261 4414 4327 sit

2456 4347 2869 4431 negotiorum
2914 4354 2983 4411 et
3033 4342 3409 4411 turbarum:
3479 4344 3625 4410 heri
3682 4345 3981 4411 omnium
4021 4345 4412 4412 brevissime

2456 4454 2610 4499 cum
2659 4431 2838 4499 hisce
2893 4429 3207 4496 fratribus
3264 4430 3605 4497 exsulibus
3633 4434 3680 4509 ¹)
3738 4431 4027 4516 scripsit,
4084 4431 4412 4516 pollicitus

2454 4527 2677 4585 tamen
2712 4540 2782 4585 sc
2818 4517 3006 4584 brevi
3038 4518 3558 4599 perscripturum
3591 4517 3675 4582 ad
3709 4538 3815 4583 mc
3849 4518 4008 4584 satis
4042 4516 4410 4603 diligenter,

2453 4606 2844 4688 praesertim
2901 4602 2982 4668 de
3037 4601 3334 4668 articulis
3385 4602 3747 4669 conciliatis
3806 4612 3874 4669 et
3930 4625 4062 4669 non
4105 4604 4409 4670 concilia-

2452 4691 2558 4756 tis.
2582 4689 2639 4777 ²)
2703 4691 2906 4755 Forte
2949 4687 3072 4754 hoc
3115 4709 3297 4755 nunc
3334 4688 3417 4754 ad
3456 4710 3572 4755 vos
3617 4710 3769 4755 cum
3812 4688 4050 4754 harum
4094 4688 4409 4756 latoribus

2661 4978 2722 5046 5)
2761 4979 3017 5043 Riheliws
3053 4978 3308 5034 Genevae
3353 4979 3451 5032 vix
3485 4977 3648 5032 aliter
3681 4994 3752 5032 ne
3785 4979 3913 5033 otiis
3958 4980 4261 5059 implicitas
4293 4993 4409 5032 esse

2449 5050 2655 5119 potuit,
2704 5064 2773 5102 ac
2804 5048 2964 5102 libris
3000 5047 3222 5103 Calvisii
3268 5046 3594 5129 bibliopolae
3639 4994 3809 5102 maga
3811 5065 3864 5101 m
3912 5046 4217 5129 Geneveasz
4263 5063 4404 5102 com·

2452 5119 2658 5186 missis,
2696 5117 2795 5186 qui
2828 5133 2885 5170 se
2919 5117 3060 5171 male
3092 5117 3267 5184 fidum
3286 5117 3578 5171 debitorem
3606 5117 3951 5186 praestabat.
4009 5116 4261 5171 Certiora
4292 5128 4409 5170 non

2499 5202 2729 5325 macla)
2760 5255 2857 5323 qui
2902 5269 3030 5323 erqo
3073 5253 3441 5309 Ratisbonam
3487 5262 3752 5311 venerant
3797 5270 3865 5309 ex
3900 5252 4086 5307 Gallia
4131 5252 4409 5310 auxilium

2451 5327 2477 5380 i
2661 5398 2724 5461 2)
2760 5364 2840 5448 Ν,
2861 5325 3191 5447 σέΒέυέἇῘηι
3217 5324 3470 5393 patriam
3502 5324 3777 5380 redibant.
