<?xml version="1.0" encoding="UTF-8"?>
<!DOCTYPE html PUBLIC "-//W3C//DTD XHTML 1.0 Transitional//EN"
    "http://www.w3.org/TR/xhtml1/DTD/xhtml1-transitional.dtd">
<html xmlns="http://www.w3.org/1999/xhtml" xml:lang="en" lang="en">
 <head>
  <title>
</title>
<meta http-equiv="Content-Type" content="text/html;charset=utf-8" />
  <meta name='ocr-system' content='tesseract 3.04.00' />
  <meta name='ocr-capabilities' content='ocr_page ocr_carea ocr_par ocr_line ocrx_word'/>
</head>
<body>
  <div class='ocr_page' id='page_1' title='image "./ioanniscalvinio13unkngoog_0350.png"; bbox 0 0 5050 6167; ppageno 0'>
   <div class='ocr_carea' id='block_1_1' title="bbox 677 382 798 447">
    <p class='ocr_par' dir='ltr' id='par_1_1' title="bbox 677 382 798 447">
     <span class='ocr_line' id='line_1_1' title="bbox 677 382 798 447; baseline -0.008 0"><span class='ocrx_word' id='word_1_1' title='bbox 677 382 798 447; x_wconf 81' lang='lat'>671</span> 
     </span>
    </p>
   </div>
   <div class='ocr_carea' id='block_1_2' title="bbox 675 565 2637 3215">
    <p class='ocr_par' dir='ltr' id='par_1_2' title="bbox 675 565 2634 1507">
     <span class='ocr_line' id='line_1_2' title="bbox 675 565 2630 654; baseline -0.004 -20"><span class='ocrx_word' id='word_1_2' title='bbox 675 566 1122 654; x_wconf 89' lang='lat' dir='ltr'>prudentiam,</span> <span class='ocrx_word' id='word_1_3' title='bbox 1181 574 1251 631; x_wconf 88' lang='lat' dir='ltr'>et</span> <span class='ocrx_word' id='word_1_4' title='bbox 1306 566 1689 649; x_wconf 73' lang='lat' dir='ltr'><strong>cumprimis</strong></span> <span class='ocrx_word' id='word_1_5' title='bbox 1746 565 2139 649; x_wconf 78' lang='lat' dir='ltr'><strong>abnegatam</strong></span> <span class='ocrx_word' id='word_1_6' title='bbox 2182 569 2502 643; x_wconf 91' lang='lat' dir='ltr'>mentem,</span> <span class='ocrx_word' id='word_1_7' title='bbox 2560 569 2630 627; x_wconf 87' lang='lat' dir='ltr'>et</span> 
     </span>
     <span class='ocr_line' id='line_1_3' title="bbox 676 649 2629 736; baseline -0.004 -17"><span class='ocrx_word' id='word_1_8' title='bbox 676 653 761 719; x_wconf 90' lang='lat' dir='ltr'>ad</span> <span class='ocrx_word' id='word_1_9' title='bbox 804 672 1031 718; x_wconf 88' lang='lat' dir='ltr'>omnes</span> <span class='ocrx_word' id='word_1_10' title='bbox 1081 652 1259 719; x_wconf 88' lang='lat' dir='ltr'>vitae</span> <span class='ocrx_word' id='word_1_11' title='bbox 1311 661 1609 736; x_wconf 89' lang='lat' dir='ltr'>paratam</span> <span class='ocrx_word' id='word_1_12' title='bbox 1659 651 1951 717; x_wconf 89' lang='lat' dir='ltr'>iniurias.</span> <span class='ocrx_word' id='word_1_13' title='bbox 2042 650 2319 716; x_wconf 89' lang='lat' dir='ltr'>Caetera</span> <span class='ocrx_word' id='word_1_14' title='bbox 2373 649 2629 715; x_wconf 76' lang='lat' dir='ltr'>curabit</span> 
     </span>
     <span class='ocr_line' id='line_1_4' title="bbox 675 737 2628 824; baseline -0.003 -19"><span class='ocrx_word' id='word_1_15' title='bbox 675 740 818 824; x_wconf 90' lang='lat' dir='ltr'>ipse</span> <span class='ocrx_word' id='word_1_16' title='bbox 853 738 967 822; x_wconf 89' lang='lat' dir='ltr'>qui</span> <span class='ocrx_word' id='word_1_17' title='bbox 999 737 1310 804; x_wconf 90' lang='lat' dir='ltr'>ecclesiae</span> <span class='ocrx_word' id='word_1_18' title='bbox 1345 757 1500 803; x_wconf 92' lang='lat' dir='ltr'>suae</span> <span class='ocrx_word' id='word_1_19' title='bbox 1522 758 1831 822; x_wconf 90' lang='lat' dir='ltr'>praesens</span> <span class='ocrx_word' id='word_1_20' title='bbox 1852 737 2111 802; x_wconf 78' lang='lat' dir='ltr'>adsistit</span> <span class='ocrx_word' id='word_1_21' title='bbox 2131 756 2375 819; x_wconf 86' lang='lat' dir='ltr'>suaque</span> <span class='ocrx_word' id='word_1_22' title='bbox 2397 743 2628 818; x_wconf 91' lang='lat' dir='ltr'>sponte</span> 
     </span>
     <span class='ocr_line' id='line_1_5' title="bbox 676 821 2628 909; baseline -0.004 -18"><span class='ocrx_word' id='word_1_23' title='bbox 676 824 929 909; x_wconf 82' lang='lat' dir='ltr'>vigilat.</span> <span class='ocrx_word' id='word_1_24' title='bbox 1014 824 1341 906; x_wconf 80' lang='lat' dir='ltr'><strong>Equidem</strong></span> <span class='ocrx_word' id='word_1_25' title='bbox 1395 844 1593 888; x_wconf 88' lang='lat' dir='ltr'>manu</span> <span class='ocrx_word' id='word_1_26' title='bbox 1639 822 1911 887; x_wconf 87' lang='lat' dir='ltr'>Domini</span> <span class='ocrx_word' id='word_1_27' title='bbox 1953 828 2216 905; x_wconf 86' lang='lat' dir='ltr'>potente</span> <span class='ocrx_word' id='word_1_28' title='bbox 2256 821 2628 886; x_wconf 88' lang='lat' dir='ltr'>admonitus</span> 
     </span>
     <span class='ocr_line' id='line_1_6' title="bbox 677 907 2629 992; baseline -0.004 -16"><span class='ocrx_word' id='word_1_29' title='bbox 677 912 1131 992; x_wconf 80' lang='lat' dir='ltr'>excitatusque</span> <span class='ocrx_word' id='word_1_30' title='bbox 1173 930 1305 973; x_wconf 92' lang='lat' dir='ltr'>non</span> <span class='ocrx_word' id='word_1_31' title='bbox 1351 907 1545 992; x_wconf 89' lang='lat' dir='ltr'>paulo</span> <span class='ocrx_word' id='word_1_32' title='bbox 1586 908 1751 973; x_wconf 91' lang='lat' dir='ltr'>mihi</span> <span class='ocrx_word' id='word_1_33' title='bbox 1786 908 2011 973; x_wconf 88' lang='lat' dir='ltr'>videor</span> <span class='ocrx_word' id='word_1_34' title='bbox 2049 917 2116 972; x_wconf 94' lang='lat' dir='ltr'>et</span> <span class='ocrx_word' id='word_1_35' title='bbox 2153 907 2520 991; x_wconf 84' lang='lat' dir='ltr'>promptior</span> <span class='ocrx_word' id='word_1_36' title='bbox 2563 914 2629 970; x_wconf 93' lang='lat' dir='ltr'>et</span> 
     </span>
     <span class='ocr_line' id='line_1_7' title="bbox 678 992 2628 1062; baseline -0.004 0"><span class='ocrx_word' id='word_1_37' title='bbox 678 995 957 1062; x_wconf 75' lang='lat' dir='ltr'>alacrior</span> <span class='ocrx_word' id='word_1_38' title='bbox 1000 994 1085 1059; x_wconf 84' lang='lat' dir='ltr'>ad</span> <span class='ocrx_word' id='word_1_39' title='bbox 1127 994 1376 1060; x_wconf 88' lang='lat' dir='ltr'>omnia:</span> <span class='ocrx_word' id='word_1_40' title='bbox 1436 994 1550 1060; x_wconf 90' lang='lat' dir='ltr'>sed</span> <span class='ocrx_word' id='word_1_41' title='bbox 1601 995 1774 1059; x_wconf 89' lang='lat' dir='ltr'>idem</span> <span class='ocrx_word' id='word_1_42' title='bbox 1833 994 2023 1060; x_wconf 79' lang='lat' dir='ltr'>toties</span> <span class='ocrx_word' id='word_1_43' title='bbox 2075 995 2207 1058; x_wconf 91' lang='lat' dir='ltr'>iam</span> <span class='ocrx_word' id='word_1_44' title='bbox 2252 1003 2405 1058; x_wconf 88' lang='lat' dir='ltr'>ante</span> <span class='ocrx_word' id='word_1_45' title='bbox 2441 992 2628 1056; x_wconf 88' lang='lat' dir='ltr'>infir-</span> 
     </span>
     <span class='ocr_line' id='line_1_8' title="bbox 677 1077 2626 1163; baseline -0.003 -17"><span class='ocrx_word' id='word_1_46' title='bbox 677 1082 977 1147; x_wconf 88' lang='lat' dir='ltr'>mitatem</span> <span class='ocrx_word' id='word_1_47' title='bbox 1039 1100 1255 1145; x_wconf 88' lang='lat' dir='ltr'>meam</span> <span class='ocrx_word' id='word_1_48' title='bbox 1319 1088 1630 1163; x_wconf 80' lang='lat' dir='ltr'>expertus</span> <span class='ocrx_word' id='word_1_49' title='bbox 1698 1101 1738 1144; x_wconf 93' lang='lat' dir='ltr'>a</span> <span class='ocrx_word' id='word_1_50' title='bbox 1802 1100 1908 1143; x_wconf 92' lang='lat' dir='ltr'>me</span> <span class='ocrx_word' id='word_1_51' title='bbox 1973 1080 2115 1162; x_wconf 91' lang='lat' dir='ltr'>ipso</span> <span class='ocrx_word' id='word_1_52' title='bbox 2179 1077 2344 1142; x_wconf 92' lang='lat' dir='ltr'>mihi</span> <span class='ocrx_word' id='word_1_53' title='bbox 2408 1078 2626 1142; x_wconf 90' lang='lat' dir='ltr'>timeo.</span> 
     </span>
     <span class='ocr_line' id='line_1_9' title="bbox 681 1162 2628 1247; baseline -0.003 -15"><span class='ocrx_word' id='word_1_54' title='bbox 681 1165 831 1247; x_wconf 79' lang='lat' dir='ltr'>Quo</span> <span class='ocrx_word' id='word_1_55' title='bbox 873 1166 1193 1231; x_wconf 74' lang='lat' dir='ltr'>intentius</span> <span class='ocrx_word' id='word_1_56' title='bbox 1247 1164 1423 1230; x_wconf 92' lang='lat' dir='ltr'>idem</span> <span class='ocrx_word' id='word_1_57' title='bbox 1479 1164 1645 1229; x_wconf 87' lang='lat' dir='ltr'>mihi</span> <span class='ocrx_word' id='word_1_58' title='bbox 1697 1165 1997 1247; x_wconf 81' lang='lat' dir='ltr'>precibus</span> <span class='ocrx_word' id='word_1_59' title='bbox 2039 1171 2139 1230; x_wconf 92' lang='lat' dir='ltr'>est</span> <span class='ocrx_word' id='word_1_60' title='bbox 2180 1162 2628 1247; x_wconf 90' lang='lat' dir='ltr'>adpellandus,</span> 
     </span>
     <span class='ocr_line' id='line_1_10' title="bbox 679 1246 2634 1336; baseline -0.003 -19"><span class='ocrx_word' id='word_1_61' title='bbox 679 1272 808 1336; x_wconf 93' lang='lat' dir='ltr'>quo</span> <span class='ocrx_word' id='word_1_62' title='bbox 886 1272 1010 1317; x_wconf 93' lang='lat' dir='ltr'>sua</span> <span class='ocrx_word' id='word_1_63' title='bbox 1084 1272 1204 1333; x_wconf 91' lang='lat' dir='ltr'>ope</span> <span class='ocrx_word' id='word_1_64' title='bbox 1284 1249 1639 1315; x_wconf 85' lang='lat' dir='ltr'>identidem</span> <span class='ocrx_word' id='word_1_65' title='bbox 1713 1250 1926 1333; x_wconf 85' lang='lat' dir='ltr'>erigat</span> <span class='ocrx_word' id='word_1_66' title='bbox 1999 1249 2350 1332; x_wconf 86' lang='lat' dir='ltr'>fulciatque</span> <span class='ocrx_word' id='word_1_67' title='bbox 2422 1246 2634 1312; x_wconf 90' lang='lat' dir='ltr'>labas-</span> 
     </span>
     <span class='ocr_line' id='line_1_11' title="bbox 680 1334 2634 1419; baseline -0.004 -15"><span class='ocrx_word' id='word_1_68' title='bbox 680 1344 958 1415; x_wconf 88' lang='lat' dir='ltr'>centem,</span> <span class='ocrx_word' id='word_1_69' title='bbox 1002 1334 1303 1419; x_wconf 89' lang='lat' dir='ltr'>idemque</span> <span class='ocrx_word' id='word_1_70' title='bbox 1322 1342 1399 1401; x_wconf 90' lang='lat' dir='ltr'>ut</span> <span class='ocrx_word' id='word_1_71' title='bbox 1435 1343 1507 1401; x_wconf 89' lang='lat' dir='ltr'>tu</span> <span class='ocrx_word' id='word_1_72' title='bbox 1545 1336 1760 1414; x_wconf 87' lang='lat' dir='ltr'>facias,</span> <span class='ocrx_word' id='word_1_73' title='bbox 1802 1335 1898 1399; x_wconf 90' lang='lat' dir='ltr'>mi</span> <span class='ocrx_word' id='word_1_74' title='bbox 1940 1336 2160 1414; x_wconf 87' lang='lat' dir='ltr'>frater,</span> <span class='ocrx_word' id='word_1_75' title='bbox 2203 1334 2634 1400; x_wconf 88' lang='lat' dir='ltr'>vehementer</span> 
     </span>
     <span class='ocr_line' id='line_1_12' title="bbox 680 1442 932 1507; baseline -0.004 -20"><span class='ocrx_word' id='word_1_76' title='bbox 680 1442 932 1507; x_wconf 83' lang='lat' dir='ltr'>precor.</span> 
     </span>
    </p>

    <p class='ocr_par' dir='ltr' id='par_1_3' title="bbox 679 1505 2637 3143">
     <span class='ocr_line' id='line_1_13' title="bbox 853 1505 2631 1572; baseline 0 -3"><span class='ocrx_word' id='word_1_77' title='bbox 853 1505 1099 1571; x_wconf 87' lang='lat' dir='ltr'>Videre</span> <span class='ocrx_word' id='word_1_78' title='bbox 1133 1507 1308 1571; x_wconf 89' lang='lat' dir='ltr'>enim</span> <span class='ocrx_word' id='word_1_79' title='bbox 1350 1505 1517 1571; x_wconf 91' lang='lat' dir='ltr'>mihi</span> <span class='ocrx_word' id='word_1_80' title='bbox 1550 1505 1776 1571; x_wconf 87' lang='lat' dir='ltr'>videor</span> <span class='ocrx_word' id='word_1_81' title='bbox 1809 1505 2019 1571; x_wconf 88' lang='lat' dir='ltr'>nihilo</span> <span class='ocrx_word' id='word_1_82' title='bbox 2053 1505 2265 1572; x_wconf 89' lang='lat' dir='ltr'>levius</span> <span class='ocrx_word' id='word_1_83' title='bbox 2300 1511 2631 1572; x_wconf 87' lang='lat' dir='ltr'>certamen</span> 
     </span>
     <span class='ocr_line' id='line_1_14' title="bbox 679 1589 2632 1675; baseline -0.001 -17"><span class='ocrx_word' id='word_1_84' title='bbox 679 1593 868 1658; x_wconf 91' lang='lat' dir='ltr'>nobis</span> <span class='ocrx_word' id='word_1_85' title='bbox 913 1599 1180 1668; x_wconf 90' lang='lat' dir='ltr'>restare,</span> <span class='ocrx_word' id='word_1_86' title='bbox 1227 1592 1281 1657; x_wconf 91' lang='lat' dir='ltr'>si</span> <span class='ocrx_word' id='word_1_87' title='bbox 1324 1592 1694 1670; x_wconf 89' lang='lat' dir='ltr'>ministerii,</span> <span class='ocrx_word' id='word_1_88' title='bbox 1747 1589 1920 1675; x_wconf 91' lang='lat' dir='ltr'>quod</span> <span class='ocrx_word' id='word_1_89' title='bbox 1964 1601 2446 1658; x_wconf 89' lang='lat' dir='ltr'>sacrosanctum</span> <span class='ocrx_word' id='word_1_90' title='bbox 2490 1612 2632 1656; x_wconf 89' lang='lat' dir='ltr'>esse</span> 
     </span>
     <span class='ocr_line' id='line_1_15' title="bbox 681 1676 2637 1756; baseline -0.002 -12"><span class='ocrx_word' id='word_1_91' title='bbox 681 1685 752 1744; x_wconf 88' lang='lat' dir='ltr'>et</span> <span class='ocrx_word' id='word_1_92' title='bbox 806 1678 1034 1743; x_wconf 90' lang='lat' dir='ltr'>haberi</span> <span class='ocrx_word' id='word_1_93' title='bbox 1089 1676 1397 1742; x_wconf 88' lang='lat' dir='ltr'>Christus</span> <span class='ocrx_word' id='word_1_94' title='bbox 1439 1677 1689 1756; x_wconf 86' lang='lat' dir='ltr'>voluit,</span> <span class='ocrx_word' id='word_1_95' title='bbox 1749 1678 2165 1742; x_wconf 86' lang='lat' dir='ltr'>autoritatem</span> <span class='ocrx_word' id='word_1_96' title='bbox 2220 1697 2511 1743; x_wconf 86' lang='lat' dir='ltr'>asserere</span> <span class='ocrx_word' id='word_1_97' title='bbox 2566 1683 2637 1740; x_wconf 91' lang='lat' dir='ltr'>et</span> 
     </span>
     <span class='ocr_line' id='line_1_16' title="bbox 681 1760 2634 1849; baseline -0.002 -19"><span class='ocrx_word' id='word_1_98' title='bbox 681 1762 990 1830; x_wconf 88' lang='lat' dir='ltr'>ecclesiae</span> <span class='ocrx_word' id='word_1_99' title='bbox 1060 1761 1470 1846; x_wconf 83' lang='lat' dir='ltr'>disciplinam</span> <span class='ocrx_word' id='word_1_100' title='bbox 1548 1783 1785 1847; x_wconf 90' lang='lat' dir='ltr'>urgere</span> <span class='ocrx_word' id='word_1_101' title='bbox 1848 1763 2291 1841; x_wconf 88' lang='lat' dir='ltr'>instituamus,</span> <span class='ocrx_word' id='word_1_102' title='bbox 2314 1760 2370 1849; x_wconf 67' lang='grc' dir='ltr'>Β)</span> <span class='ocrx_word' id='word_1_103' title='bbox 2435 1783 2634 1844; x_wconf 88' lang='lat' dir='ltr'>quam</span> 
     </span>
     <span class='ocr_line' id='line_1_17' title="bbox 680 1846 2634 1932; baseline -0.002 -18"><span class='ocrx_word' id='word_1_104' title='bbox 680 1849 884 1914; x_wconf 87' lang='lat' dir='ltr'>fuerit</span> <span class='ocrx_word' id='word_1_105' title='bbox 916 1847 1170 1931; x_wconf 89' lang='lat' dir='ltr'>pridem</span> <span class='ocrx_word' id='word_1_106' title='bbox 1211 1849 1283 1912; x_wconf 93' lang='lat' dir='ltr'>in</span> <span class='ocrx_word' id='word_1_107' title='bbox 1327 1848 1489 1914; x_wconf 92' lang='lat' dir='ltr'>locis</span> <span class='ocrx_word' id='word_1_108' title='bbox 1532 1848 1760 1913; x_wconf 90' lang='lat' dir='ltr'>multis</span> <span class='ocrx_word' id='word_1_109' title='bbox 1802 1849 1870 1912; x_wconf 92' lang='lat' dir='ltr'>in</span> <span class='ocrx_word' id='word_1_110' title='bbox 1905 1846 2311 1932; x_wconf 79' lang='lat' dir='ltr'>profligando</span> <span class='ocrx_word' id='word_1_111' title='bbox 2337 1849 2634 1931; x_wconf 87' lang='lat' dir='ltr'>papismo</span> 
     </span>
     <span class='ocr_line' id='line_1_18' title="bbox 682 1933 2633 2018; baseline -0.002 -18"><span class='ocrx_word' id='word_1_112' title='bbox 682 1933 1040 2000; x_wconf 87' lang='lat' dir='ltr'>maioribus</span> <span class='ocrx_word' id='word_1_113' title='bbox 1092 1933 1352 1999; x_wconf 91' lang='lat' dir='ltr'>nostris.</span> <span class='ocrx_word' id='word_1_114' title='bbox 1456 1933 1549 1998; x_wconf 87' lang='lat' dir='ltr'>Et</span> <span class='ocrx_word' id='word_1_115' title='bbox 1604 1934 1823 2000; x_wconf 91' lang='lat' dir='ltr'>nescio</span> <span class='ocrx_word' id='word_1_116' title='bbox 1892 1955 1977 1999; x_wconf 89' lang='lat' dir='ltr'>an</span> <span class='ocrx_word' id='word_1_117' title='bbox 2037 1935 2371 2018; x_wconf 88' lang='lat' dir='ltr'>graviores</span> <span class='ocrx_word' id='word_1_118' title='bbox 2431 1933 2633 1998; x_wconf 87' lang='lat' dir='ltr'>etiam</span> 
     </span>
     <span class='ocr_line' id='line_1_19' title="bbox 683 2017 2634 2102; baseline -0.002 -16"><span class='ocrx_word' id='word_1_119' title='bbox 683 2019 1022 2086; x_wconf 87' lang='lat' dir='ltr'>conflictus</span> <span class='ocrx_word' id='word_1_120' title='bbox 1058 2017 1466 2102; x_wconf 83' lang='lat' dir='ltr'>experiundi,</span> <span class='ocrx_word' id='word_1_121' title='bbox 1515 2018 1772 2101; x_wconf 89' lang='lat' dir='ltr'>quando</span> <span class='ocrx_word' id='word_1_122' title='bbox 1804 2028 1882 2084; x_wconf 89' lang='lat' dir='ltr'>ut</span> <span class='ocrx_word' id='word_1_123' title='bbox 1909 2020 2227 2085; x_wconf 89' lang='lat' dir='ltr'>vitiorum</span> <span class='ocrx_word' id='word_1_124' title='bbox 2260 2017 2634 2084; x_wconf 85' lang='lat' dir='ltr'>dominatus</span> 
     </span>
     <span class='ocr_line' id='line_1_20' title="bbox 681 2103 2631 2186; baseline -0.002 -16"><span class='ocrx_word' id='word_1_125' title='bbox 681 2105 1314 2186; x_wconf 81' lang='lat' dir='ltr'>facinorosorumque</span> <span class='ocrx_word' id='word_1_126' title='bbox 1359 2103 1700 2170; x_wconf 92' lang='lat' dir='ltr'>hominum</span> <span class='ocrx_word' id='word_1_127' title='bbox 1720 2103 2073 2170; x_wconf 89' lang='lat' dir='ltr'>multitudo</span> <span class='ocrx_word' id='word_1_128' title='bbox 2094 2105 2348 2171; x_wconf 90' lang='lat' dir='ltr'>obtinet</span> <span class='ocrx_word' id='word_1_129' title='bbox 2365 2105 2631 2186; x_wconf 88' lang='lat' dir='ltr'>passim,</span> 
     </span>
     <span class='ocr_line' id='line_1_21' title="bbox 683 2189 2631 2275; baseline -0.002 -19"><span class='ocrx_word' id='word_1_130' title='bbox 683 2190 779 2256; x_wconf 91' lang='lat' dir='ltr'>sic</span> <span class='ocrx_word' id='word_1_131' title='bbox 799 2191 1090 2255; x_wconf 90' lang='lat' dir='ltr'>omnium</span> <span class='ocrx_word' id='word_1_132' title='bbox 1119 2189 1507 2272; x_wconf 88' lang='lat' dir='ltr'>simpliciter</span> <span class='ocrx_word' id='word_1_133' title='bbox 1529 2190 1747 2255; x_wconf 87' lang='lat' dir='ltr'>studia</span> <span class='ocrx_word' id='word_1_134' title='bbox 1776 2190 1930 2275; x_wconf 88' lang='lat' dir='ltr'>iugo</span> <span class='ocrx_word' id='word_1_135' title='bbox 1952 2190 2204 2257; x_wconf 86' lang='lat' dir='ltr'>Christi</span> <span class='ocrx_word' id='word_1_136' title='bbox 2237 2191 2631 2255; x_wconf 87' lang='lat' dir='ltr'>renituntur.</span> 
     </span>
     <span class='ocr_line' id='line_1_22' title="bbox 681 2274 2633 2360; baseline -0.002 -19"><span class='ocrx_word' id='word_1_137' title='bbox 681 2274 878 2342; x_wconf 88' lang='lat' dir='ltr'>Unde</span> <span class='ocrx_word' id='word_1_138' title='bbox 911 2296 1043 2339; x_wconf 90' lang='lat' dir='ltr'>non</span> <span class='ocrx_word' id='word_1_139' title='bbox 1079 2274 1292 2341; x_wconf 90' lang='lat' dir='ltr'>solum</span> <span class='ocrx_word' id='word_1_140' title='bbox 1326 2274 1571 2341; x_wconf 88' lang='lat' dir='ltr'>iudicia</span> <span class='ocrx_word' id='word_1_141' title='bbox 1605 2276 1962 2352; x_wconf 89' lang='lat' dir='ltr'>cerebrosa,</span> <span class='ocrx_word' id='word_1_142' title='bbox 1999 2276 2419 2360; x_wconf 92' lang='lat' dir='ltr'>suspiciones,</span> <span class='ocrx_word' id='word_1_143' title='bbox 2455 2274 2633 2341; x_wconf 91' lang='lat' dir='ltr'>odio-</span> 
     </span>
     <span class='ocr_line' id='line_1_23' title="bbox 682 2359 2634 2444; baseline -0.002 -16"><span class='ocrx_word' id='word_1_144' title='bbox 682 2381 795 2428; x_wconf 85' lang='lat' dir='ltr'>sae</span> <span class='ocrx_word' id='word_1_145' title='bbox 836 2359 1206 2426; x_wconf 89' lang='lat' dir='ltr'>calumniae</span> <span class='ocrx_word' id='word_1_146' title='bbox 1260 2367 1327 2425; x_wconf 91' lang='lat' dir='ltr'>et</span> <span class='ocrx_word' id='word_1_147' title='bbox 1384 2361 1880 2427; x_wconf 84' lang='lat' dir='ltr'>vociferationes</span> <span class='ocrx_word' id='word_1_148' title='bbox 1934 2362 2207 2427; x_wconf 88' lang='lat' dir='ltr'>insanae</span> <span class='ocrx_word' id='word_1_149' title='bbox 2223 2412 2237 2441; x_wconf 90' lang='lat'>,</span> <span class='ocrx_word' id='word_1_150' title='bbox 2295 2381 2460 2444; x_wconf 90' lang='lat' dir='ltr'>quae</span> <span class='ocrx_word' id='word_1_151' title='bbox 2516 2381 2634 2426; x_wconf 91' lang='lat' dir='ltr'>ceu</span> 
     </span>
     <span class='ocr_line' id='line_1_24' title="bbox 680 2445 2633 2530; baseline -0.002 -18"><span class='ocrx_word' id='word_1_152' title='bbox 680 2446 1075 2529; x_wconf 85' lang='lat' dir='ltr'>inauspicati</span> <span class='ocrx_word' id='word_1_153' title='bbox 1119 2445 1325 2510; x_wconf 84' lang='lat' dir='ltr'>animi</span> <span class='ocrx_word' id='word_1_154' title='bbox 1454 2446 1655 2511; x_wconf 88' lang='lat' dir='ltr'>rritus</span> <span class='ocrx_word' id='word_1_155' title='bbox 1698 2453 1940 2530; x_wconf 86' lang='lat' dir='ltr'>queant</span> <span class='ocrx_word' id='word_1_156' title='bbox 1978 2448 2340 2524; x_wconf 83' lang='lat' dir='ltr'>contemni,</span> <span class='ocrx_word' id='word_1_157' title='bbox 2398 2466 2633 2511; x_wconf 89' lang='lat' dir='ltr'>verum</span> 
     </span>
     <span class='ocr_line' id='line_1_25' title="bbox 683 2466 2635 2615; baseline -0.001 -18"><span class='ocrx_word' id='word_1_158' title='bbox 683 2533 885 2598; x_wconf 87' lang='lat' dir='ltr'>etiam</span> <span class='ocrx_word' id='word_1_159' title='bbox 908 2530 1307 2614; x_wconf 82' lang='lat' dir='ltr'>periculosae</span> <span class='ocrx_word' id='word_1_160' title='bbox 1344 2466 1905 2615; x_wconf 42' lang='lat' dir='ltr'>clanculariaeque</span> <span class='ocrx_word' id='word_1_161' title='bbox 1928 2532 2225 2611; x_wconf 85' lang='lat' dir='ltr'>insidiae,</span> <span class='ocrx_word' id='word_1_162' title='bbox 2263 2540 2346 2611; x_wconf 90' lang='lat' dir='ltr'>et,</span> <span class='ocrx_word' id='word_1_163' title='bbox 2384 2532 2442 2597; x_wconf 91' lang='lat' dir='ltr'>si</span> <span class='ocrx_word' id='word_1_164' title='bbox 2464 2530 2635 2614; x_wconf 89' lang='lat' dir='ltr'>quod</span> 
     </span>
     <span class='ocr_line' id='line_1_26' title="bbox 681 2615 2636 2701; baseline -0.001 -18"><span class='ocrx_word' id='word_1_165' title='bbox 681 2638 789 2683; x_wconf 88' lang='lat' dir='ltr'>res</span> <span class='ocrx_word' id='word_1_166' title='bbox 846 2626 947 2681; x_wconf 90' lang='lat' dir='ltr'>est</span> <span class='ocrx_word' id='word_1_167' title='bbox 999 2615 1318 2700; x_wconf 90' lang='lat' dir='ltr'>loquaris,</span> <span class='ocrx_word' id='word_1_168' title='bbox 1375 2617 1478 2683; x_wconf 90' lang='lat' dir='ltr'>vis</span> <span class='ocrx_word' id='word_1_169' title='bbox 1532 2619 1731 2683; x_wconf 89' lang='lat' dir='ltr'>etiam</span> <span class='ocrx_word' id='word_1_170' title='bbox 1783 2619 1953 2683; x_wconf 84' lang='lat' dir='ltr'>forte</span> <span class='ocrx_word' id='word_1_171' title='bbox 2011 2624 2257 2701; x_wconf 89' lang='lat' dir='ltr'>aperta.</span> <span class='ocrx_word' id='word_1_172' title='bbox 2359 2616 2636 2683; x_wconf 86' lang='lat' dir='ltr'>Novitas</span> 
     </span>
     <span class='ocr_line' id='line_1_27' title="bbox 683 2701 2636 2787; baseline -0.001 -20"><span class='ocrx_word' id='word_1_173' title='bbox 683 2701 863 2767; x_wconf 91' lang='lat' dir='ltr'>enim</span> <span class='ocrx_word' id='word_1_174' title='bbox 907 2701 1101 2781; x_wconf 89' lang='lat' dir='ltr'>haec,</span> <span class='ocrx_word' id='word_1_175' title='bbox 1156 2701 1215 2767; x_wconf 92' lang='lat' dir='ltr'>si</span> <span class='ocrx_word' id='word_1_176' title='bbox 1269 2701 1460 2768; x_wconf 89' lang='lat' dir='ltr'>modo</span> <span class='ocrx_word' id='word_1_177' title='bbox 1514 2702 1613 2768; x_wconf 89' lang='lat' dir='ltr'>ita</span> <span class='ocrx_word' id='word_1_178' title='bbox 1663 2701 1987 2779; x_wconf 88' lang='lat' dir='ltr'>vocanda,</span> <span class='ocrx_word' id='word_1_179' title='bbox 2043 2705 2328 2787; x_wconf 86' lang='lat' dir='ltr'>gratiam</span> <span class='ocrx_word' id='word_1_180' title='bbox 2383 2702 2636 2767; x_wconf 89' lang='lat' dir='ltr'>nullam</span> 
     </span>
     <span class='ocr_line' id='line_1_28' title="bbox 682 2786 2637 2873; baseline 0.001 -21"><span class='ocrx_word' id='word_1_181' title='bbox 682 2786 914 2865; x_wconf 88' lang='lat' dir='ltr'>habet,</span> <span class='ocrx_word' id='word_1_182' title='bbox 956 2794 1033 2852; x_wconf 91' lang='lat' dir='ltr'>ut</span> <span class='ocrx_word' id='word_1_183' title='bbox 1082 2786 1200 2851; x_wconf 89' lang='lat' dir='ltr'>illa</span> <span class='ocrx_word' id='word_1_184' title='bbox 1247 2788 1663 2870; x_wconf 88' lang='lat' dir='ltr'>personantis</span> <span class='ocrx_word' id='word_1_185' title='bbox 1721 2788 2047 2873; x_wconf 84' lang='lat' dir='ltr'>evangelii</span> <span class='ocrx_word' id='word_1_186' title='bbox 2106 2790 2279 2854; x_wconf 85' lang='lat' dir='ltr'>fama</span> <span class='ocrx_word' id='word_1_187' title='bbox 2332 2808 2637 2871; x_wconf 90' lang='lat' dir='ltr'>compen-</span> 
     </span>
     <span class='ocr_line' id='line_1_29' title="bbox 684 2871 2635 2957; baseline 0.001 -20"><span class='ocrx_word' id='word_1_188' title='bbox 684 2871 866 2938; x_wconf 90' lang='lat' dir='ltr'>dium</span> <span class='ocrx_word' id='word_1_189' title='bbox 923 2872 1131 2938; x_wconf 90' lang='lat' dir='ltr'>multo</span> <span class='ocrx_word' id='word_1_190' title='bbox 1188 2874 1437 2952; x_wconf 90' lang='lat' dir='ltr'>minus,</span> <span class='ocrx_word' id='word_1_191' title='bbox 1483 2894 1686 2957; x_wconf 91' lang='lat' dir='ltr'>quum</span> <span class='ocrx_word' id='word_1_192' title='bbox 1728 2894 2022 2940; x_wconf 90' lang='lat' dir='ltr'>summos</span> <span class='ocrx_word' id='word_1_193' title='bbox 2065 2875 2312 2957; x_wconf 89' lang='lat' dir='ltr'>pariter</span> <span class='ocrx_word' id='word_1_194' title='bbox 2364 2883 2433 2938; x_wconf 91' lang='lat' dir='ltr'>et</span> <span class='ocrx_word' id='word_1_195' title='bbox 2485 2874 2635 2938; x_wconf 87' lang='lat' dir='ltr'>infi-</span> 
     </span>
     <span class='ocr_line' id='line_1_30' title="bbox 682 2956 2636 3043; baseline 0 -20"><span class='ocrx_word' id='word_1_196' title='bbox 682 2978 828 3023; x_wconf 92' lang='lat' dir='ltr'>mos</span> <span class='ocrx_word' id='word_1_197' title='bbox 871 2958 941 3022; x_wconf 92' lang='lat' dir='ltr'>in</span> <span class='ocrx_word' id='word_1_198' title='bbox 984 2956 1283 3023; x_wconf 92' lang='lat' dir='ltr'>ordinem</span> <span class='ocrx_word' id='word_1_199' title='bbox 1325 2968 1542 3042; x_wconf 90' lang='lat' dir='ltr'>cogat,</span> <span class='ocrx_word' id='word_1_200' title='bbox 1600 2980 1930 3042; x_wconf 91' lang='lat' dir='ltr'>quumque</span> <span class='ocrx_word' id='word_1_201' title='bbox 1985 2958 2160 3043; x_wconf 89' lang='lat' dir='ltr'>apud</span> <span class='ocrx_word' id='word_1_202' title='bbox 2212 2959 2457 3025; x_wconf 86' lang='lat' dir='ltr'>multos</span> <span class='ocrx_word' id='word_1_203' title='bbox 2500 2958 2636 3042; x_wconf 93' lang='lat' dir='ltr'>pri-</span> 
     </span>
     <span class='ocr_line' id='line_1_31' title="bbox 683 3041 2635 3143; baseline 0.001 -35"><span class='ocrx_word' id='word_1_204' title='bbox 683 3041 835 3109; x_wconf 91' lang='lat' dir='ltr'>dem</span> <span class='ocrx_word' id='word_1_205' title='bbox 873 3043 1094 3109; x_wconf 91' lang='lat' dir='ltr'>odium</span> <span class='ocrx_word' id='word_1_206' title='bbox 1129 3064 1289 3143; x_wconf 82' lang='lat' dir='ltr'>erga</span> <span class='ocrx_word' id='word_1_207' title='bbox 1321 3044 1649 3112; x_wconf 87' lang='lat' dir='ltr'>sacrificos</span> <span class='ocrx_word' id='word_1_208' title='bbox 1682 3046 1978 3110; x_wconf 84' lang='lat' dir='ltr'>favorem</span> <span class='ocrx_word' id='word_1_209' title='bbox 2019 3045 2393 3111; x_wconf 88' lang='lat' dir='ltr'>conciliaret</span> <span class='ocrx_word' id='word_1_210' title='bbox 2430 3065 2635 3110; x_wconf 88' lang='lat' dir='ltr'>evan-</span> 
     </span>
    </p>

    <p class='ocr_par' dir='ltr' id='par_1_4' title="bbox 767 3129 2637 3215">
     <span class='ocr_line' id='line_1_32' title="bbox 767 3129 2637 3215; baseline 0 -21"><span class='ocrx_word' id='word_1_211' title='bbox 767 3129 876 3206; x_wconf 90' lang='lat' dir='ltr'>lio,</span> <span class='ocrx_word' id='word_1_212' title='bbox 920 3150 1099 3195; x_wconf 91' lang='lat' dir='ltr'>nunc</span> <span class='ocrx_word' id='word_1_213' title='bbox 1140 3130 1594 3197; x_wconf 80' lang='lat' dir='ltr'>ministrorum</span> <span class='ocrx_word' id='word_1_214' title='bbox 1636 3129 1784 3196; x_wconf 88' lang='lat' dir='ltr'>odio</span> <span class='ocrx_word' id='word_1_215' title='bbox 1821 3131 2021 3196; x_wconf 86' lang='lat' dir='ltr'>etiam</span> <span class='ocrx_word' id='word_1_216' title='bbox 2056 3151 2287 3197; x_wconf 85' lang='lat' dir='ltr'>causae</span> <span class='ocrx_word' id='word_1_217' title='bbox 2321 3138 2637 3215; x_wconf 87' lang='lat' dir='ltr'>gravatur</span> 
     </span>
    </p>
   </div>
   <div class='ocr_carea' id='block_1_3' title="bbox 679 3213 2675 3299">
    <p class='ocr_par' dir='ltr' id='par_1_5' title="bbox 679 3213 2675 3299">
     <span class='ocr_line' id='line_1_33' title="bbox 679 3213 2675 3299; baseline 0.001 -19"><span class='ocrx_word' id='word_1_218' title='bbox 679 3215 954 3280; x_wconf 86' lang='lat' dir='ltr'>mvidia.</span> <span class='ocrx_word' id='word_1_219' title='bbox 1044 3213 1482 3280; x_wconf 87' lang='lat' dir='ltr'>Cordatorum</span> <span class='ocrx_word' id='word_1_220' title='bbox 1524 3223 1742 3282; x_wconf 91' lang='lat' dir='ltr'>autem</span> <span class='ocrx_word' id='word_1_221' title='bbox 1760 3266 1775 3294; x_wconf 95' lang='lat'>,</span> <span class='ocrx_word' id='word_1_222' title='bbox 1834 3237 2186 3299; x_wconf 88' lang='lat' dir='ltr'>eorumque</span> <span class='ocrx_word' id='word_1_223' title='bbox 2228 3237 2391 3299; x_wconf 90' lang='lat' dir='ltr'>quos</span> <span class='ocrx_word' id='word_1_224' title='bbox 2433 3215 2638 3281; x_wconf 90' lang='lat' dir='ltr'>habe-</span> <span class='ocrx_word' id='word_1_225' title='bbox 2670 3253 2675 3259; x_wconf 88' lang='lat'><strong>·</strong></span> 
     </span>
    </p>
   </div>
   <div class='ocr_carea' id='block_1_4' title="bbox 678 3294 2638 4668">
    <p class='ocr_par' dir='ltr' id='par_1_6' title="bbox 678 3294 2638 4475">
     <span class='ocr_line' id='line_1_34' title="bbox 678 3294 2637 3385; baseline 0 -19"><span class='ocrx_word' id='word_1_226' title='bbox 678 3321 833 3366; x_wconf 89' lang='lat' dir='ltr'>mus</span> <span class='ocrx_word' id='word_1_227' title='bbox 875 3294 1173 3383; x_wconf 86' lang='lat' dir='ltr'>optimos,</span> <span class='ocrx_word' id='word_1_228' title='bbox 1217 3299 1394 3366; x_wconf 81' lang='lat' dir='ltr'>zelus</span> <span class='ocrx_word' id='word_1_229' title='bbox 1435 3301 1725 3381; x_wconf 80' lang='lat' dir='ltr'>refrixit,</span> <span class='ocrx_word' id='word_1_230' title='bbox 1784 3302 1899 3385; x_wconf 92' lang='lat' dir='ltr'>qui</span> <span class='ocrx_word' id='word_1_231' title='bbox 1940 3300 2194 3385; x_wconf 87' lang='lat' dir='ltr'>pridem</span> <span class='ocrx_word' id='word_1_232' title='bbox 2234 3300 2637 3368; x_wconf 89' lang='lat' dir='ltr'>luctantibus</span> 
     </span>
     <span class='ocr_line' id='line_1_35' title="bbox 680 3385 2635 3467; baseline 0.001 -16"><span class='ocrx_word' id='word_1_233' title='bbox 680 3385 756 3451; x_wconf 87' lang='lat' dir='ltr'>in</span> <span class='ocrx_word' id='word_1_234' title='bbox 797 3385 938 3451; x_wconf 91' lang='lat' dir='ltr'>acie</span> <span class='ocrx_word' id='word_1_235' title='bbox 970 3405 1106 3449; x_wconf 90' lang='lat' dir='ltr'>non</span> <span class='ocrx_word' id='word_1_236' title='bbox 1139 3406 1376 3467; x_wconf 92' lang='lat' dir='ltr'>parum</span> <span class='ocrx_word' id='word_1_237' title='bbox 1420 3395 1489 3451; x_wconf 91' lang='lat' dir='ltr'>et</span> <span class='ocrx_word' id='word_1_238' title='bbox 1522 3387 1886 3466; x_wconf 42' lang='lat' dir='ltr'>alacritatis,</span> <span class='ocrx_word' id='word_1_239' title='bbox 1918 3386 2302 3453; x_wconf 84' lang='lat' dir='ltr'>adferebant</span> <span class='ocrx_word' id='word_1_240' title='bbox 2342 3394 2410 3452; x_wconf 87' lang='lat' dir='ltr'>et</span> <span class='ocrx_word' id='word_1_241' title='bbox 2444 3385 2635 3452; x_wconf 90' lang='lat' dir='ltr'>adiu-</span> 
     </span>
     <span class='ocr_line' id='line_1_36' title="bbox 680 3470 2638 3556; baseline -0.001 -17"><span class='ocrx_word' id='word_1_242' title='bbox 680 3471 908 3539; x_wconf 85' lang='lat' dir='ltr'>menti.</span> <span class='ocrx_word' id='word_1_243' title='bbox 996 3470 1249 3535; x_wconf 87' lang='lat' dir='ltr'>Verum</span> <span class='ocrx_word' id='word_1_244' title='bbox 1312 3473 1389 3551; x_wconf 92' lang='lat' dir='ltr'>ii,</span> <span class='ocrx_word' id='word_1_245' title='bbox 1458 3493 1659 3555; x_wconf 92' lang='lat' dir='ltr'>quum</span> <span class='ocrx_word' id='word_1_246' title='bbox 1714 3482 1984 3556; x_wconf 89' lang='lat' dir='ltr'>propter</span> <span class='ocrx_word' id='word_1_247' title='bbox 2047 3474 2512 3539; x_wconf 89' lang='lat' dir='ltr'>conscientiam</span> <span class='ocrx_word' id='word_1_248' title='bbox 2568 3480 2638 3538; x_wconf 91' lang='lat' dir='ltr'>et</span> 
     </span>
     <span class='ocr_line' id='line_1_37' title="bbox 681 3554 2634 3641; baseline 0.002 -21"><span class='ocrx_word' id='word_1_249' title='bbox 681 3558 997 3641; x_wconf 87' lang='lat' dir='ltr'>pietatem</span> <span class='ocrx_word' id='word_1_250' title='bbox 1030 3576 1166 3621; x_wconf 92' lang='lat' dir='ltr'>non</span> <span class='ocrx_word' id='word_1_251' title='bbox 1198 3554 1625 3635; x_wconf 89' lang='lat' dir='ltr'>reluctentur,</span> <span class='ocrx_word' id='word_1_252' title='bbox 1662 3565 1884 3623; x_wconf 90' lang='lat' dir='ltr'>tamen</span> <span class='ocrx_word' id='word_1_253' title='bbox 1919 3578 2039 3625; x_wconf 89' lang='lat' dir='ltr'>nec</span> <span class='ocrx_word' id='word_1_254' title='bbox 2081 3558 2399 3624; x_wconf 86' lang='lat' dir='ltr'>adiuvant</span> <span class='ocrx_word' id='word_1_255' title='bbox 2431 3559 2634 3624; x_wconf 91' lang='lat' dir='ltr'>etiam</span> 
     </span>
     <span class='ocr_line' id='line_1_38' title="bbox 681 3639 2634 3729; baseline 0.002 -24"><span class='ocrx_word' id='word_1_256' title='bbox 681 3647 752 3706; x_wconf 88' lang='lat' dir='ltr'>et</span> <span class='ocrx_word' id='word_1_257' title='bbox 793 3639 1053 3706; x_wconf 89' lang='lat' dir='ltr'>malunt</span> <span class='ocrx_word' id='word_1_258' title='bbox 1094 3641 1297 3724; x_wconf 86' lang='lat' dir='ltr'>quieti</span> <span class='ocrx_word' id='word_1_259' title='bbox 1340 3641 1636 3709; x_wconf 88' lang='lat' dir='ltr'>adsidere</span> <span class='ocrx_word' id='word_1_260' title='bbox 1668 3650 1933 3710; x_wconf 90' lang='lat' dir='ltr'>actuum</span> <span class='ocrx_word' id='word_1_261' title='bbox 1978 3652 2390 3729; x_wconf 81' lang='lat' dir='ltr'>spectatores,</span> <span class='ocrx_word' id='word_1_262' title='bbox 2436 3664 2634 3727; x_wconf 91' lang='lat' dir='ltr'>quam</span> 
     </span>
     <span class='ocr_line' id='line_1_39' title="bbox 679 3726 2634 3811; baseline 0.001 -18"><span class='ocrx_word' id='word_1_263' title='bbox 679 3747 834 3794; x_wconf 88' lang='lat' dir='ltr'>cum</span> <span class='ocrx_word' id='word_1_264' title='bbox 888 3726 1128 3792; x_wconf 89' lang='lat' dir='ltr'>sudore</span> <span class='ocrx_word' id='word_1_265' title='bbox 1191 3727 1606 3811; x_wconf 90' lang='lat' dir='ltr'>periculoque</span> <span class='ocrx_word' id='word_1_266' title='bbox 1669 3729 1740 3794; x_wconf 92' lang='lat' dir='ltr'>in</span> <span class='ocrx_word' id='word_1_267' title='bbox 1810 3750 2011 3795; x_wconf 86' lang='lat' dir='ltr'>arena</span> <span class='ocrx_word' id='word_1_268' title='bbox 2075 3738 2343 3797; x_wconf 89' lang='lat' dir='ltr'>certare.</span> <span class='ocrx_word' id='word_1_269' title='bbox 2443 3728 2634 3795; x_wconf 88' lang='lat' dir='ltr'>Adde</span> 
     </span>
     <span class='ocr_line' id='line_1_40' title="bbox 680 3810 2632 3898; baseline 0.001 -21"><span class='ocrx_word' id='word_1_270' title='bbox 680 3810 856 3896; x_wconf 87' lang='lat' dir='ltr'>quod</span> <span class='ocrx_word' id='word_1_271' title='bbox 897 3820 1000 3878; x_wconf 90' lang='lat' dir='ltr'>est</span> <span class='ocrx_word' id='word_1_272' title='bbox 1041 3811 1609 3893; x_wconf 88' lang='lat' dir='ltr'>nocentissimum,</span> <span class='ocrx_word' id='word_1_273' title='bbox 1663 3834 1798 3880; x_wconf 90' lang='lat' dir='ltr'>non</span> <span class='ocrx_word' id='word_1_274' title='bbox 1838 3815 2038 3898; x_wconf 89' lang='lat' dir='ltr'>plena</span> <span class='ocrx_word' id='word_1_275' title='bbox 2077 3817 2251 3880; x_wconf 89' lang='lat' dir='ltr'>inter</span> <span class='ocrx_word' id='word_1_276' title='bbox 2293 3815 2489 3881; x_wconf 89' lang='lat' dir='ltr'>duces</span> <span class='ocrx_word' id='word_1_277' title='bbox 2531 3816 2632 3898; x_wconf 91' lang='lat' dir='ltr'>ip-</span> 
     </span>
     <span class='ocr_line' id='line_1_41' title="bbox 680 3897 2631 3983; baseline 0.001 -19"><span class='ocrx_word' id='word_1_278' title='bbox 680 3918 807 3976; x_wconf 81' lang='lat' dir='ltr'>sos,</span> <span class='ocrx_word' id='word_1_279' title='bbox 852 3918 1139 3980; x_wconf 87' lang='lat' dir='ltr'>quosque</span> <span class='ocrx_word' id='word_1_280' title='bbox 1194 3897 1420 3964; x_wconf 88' lang='lat' dir='ltr'>deceat</span> <span class='ocrx_word' id='word_1_281' title='bbox 1475 3920 1558 3965; x_wconf 83' lang='lat' dir='ltr'>ex</span> <span class='ocrx_word' id='word_1_282' title='bbox 1615 3900 1829 3966; x_wconf 86' lang='lat' dir='ltr'>officio</span> <span class='ocrx_word' id='word_1_283' title='bbox 1871 3907 2228 3983; x_wconf 78' lang='grc' dir='ltr'><strong><em>συμμαχεῖν,</em></strong></span> <span class='ocrx_word' id='word_1_284' title='bbox 2270 3901 2631 3977; x_wconf 89' lang='lat' dir='ltr'>consensio,</span> 
     </span>
     <span class='ocr_line' id='line_1_42' title="bbox 680 3981 2632 4070; baseline 0.001 -22"><span class='ocrx_word' id='word_1_285' title='bbox 680 3992 750 4048; x_wconf 86' lang='lat' dir='ltr'>et</span> <span class='ocrx_word' id='word_1_286' title='bbox 790 3982 862 4046; x_wconf 88' lang='lat' dir='ltr'>in</span> <span class='ocrx_word' id='word_1_287' title='bbox 896 3981 1283 4065; x_wconf 87' lang='lat' dir='ltr'>quibusdam</span> <span class='ocrx_word' id='word_1_288' title='bbox 1327 3984 1524 4050; x_wconf 86' lang='lat' dir='ltr'>etiam</span> <span class='ocrx_word' id='word_1_289' title='bbox 1567 3985 1826 4052; x_wconf 89' lang='lat' dir='ltr'>animus</span> <span class='ocrx_word' id='word_1_290' title='bbox 1865 3987 2370 4070; x_wconf 83' lang='lat' dir='ltr'>praevaricator.</span> <span class='ocrx_word' id='word_1_291' title='bbox 2458 3985 2632 4050; x_wconf 92' lang='lat' dir='ltr'>Nam</span> 
     </span>
     <span class='ocr_line' id='line_1_43' title="bbox 680 4064 2632 4157; baseline 0.002 -25"><span class='ocrx_word' id='word_1_292' title='bbox 680 4064 858 4150; x_wconf 88' lang='lat' dir='ltr'>apud</span> <span class='ocrx_word' id='word_1_293' title='bbox 901 4086 1024 4132; x_wconf 90' lang='lat' dir='ltr'>nos</span> <span class='ocrx_word' id='word_1_294' title='bbox 1066 4088 1202 4133; x_wconf 87' lang='lat' dir='ltr'>non</span> <span class='ocrx_word' id='word_1_295' title='bbox 1245 4068 1488 4135; x_wconf 87' lang='lat' dir='ltr'>desunt</span> <span class='ocrx_word' id='word_1_296' title='bbox 1545 4072 1658 4154; x_wconf 91' lang='lat' dir='ltr'>qui</span> <span class='ocrx_word' id='word_1_297' title='bbox 1698 4091 1818 4136; x_wconf 89' lang='lat' dir='ltr'>nec</span> <span class='ocrx_word' id='word_1_298' title='bbox 1859 4073 2118 4157; x_wconf 86' lang='lat' dir='ltr'>cognita</span> <span class='ocrx_word' id='word_1_299' title='bbox 2158 4070 2420 4154; x_wconf 90' lang='lat' dir='ltr'>quidem</span> <span class='ocrx_word' id='word_1_300' title='bbox 2461 4071 2632 4136; x_wconf 89' lang='lat' dir='ltr'>iudi-</span> 
     </span>
     <span class='ocr_line' id='line_1_44' title="bbox 680 4152 2631 4241; baseline 0.001 -22"><span class='ocrx_word' id='word_1_301' title='bbox 680 4161 835 4219; x_wconf 89' lang='lat' dir='ltr'>cent</span> <span class='ocrx_word' id='word_1_302' title='bbox 851 4203 867 4229; x_wconf 93' lang='lat'>,</span> <span class='ocrx_word' id='word_1_303' title='bbox 916 4161 985 4218; x_wconf 92' lang='lat' dir='ltr'>et</span> <span class='ocrx_word' id='word_1_304' title='bbox 1025 4152 1499 4220; x_wconf 87' lang='lat' dir='ltr'>andabatarum</span> <span class='ocrx_word' id='word_1_305' title='bbox 1557 4177 1737 4223; x_wconf 90' lang='lat' dir='ltr'>more</span> <span class='ocrx_word' id='word_1_306' title='bbox 1794 4156 2033 4224; x_wconf 90' lang='lat' dir='ltr'>clausis</span> <span class='ocrx_word' id='word_1_307' title='bbox 2091 4155 2295 4223; x_wconf 91' lang='lat' dir='ltr'>oculis</span> <span class='ocrx_word' id='word_1_308' title='bbox 2337 4156 2631 4241; x_wconf 80' lang='lat' dir='ltr'>gladium</span> 
     </span>
     <span class='ocr_line' id='line_1_45' title="bbox 679 4237 2632 4326; baseline 0.002 -22"><span class='ocrx_word' id='word_1_309' title='bbox 679 4238 1018 4304; x_wconf 88' lang='lat' dir='ltr'>ventilent.</span> <span class='ocrx_word' id='word_1_310' title='bbox 1086 4237 1223 4304; x_wconf 86' lang='lat' dir='ltr'>Sed</span> <span class='ocrx_word' id='word_1_311' title='bbox 1262 4260 1502 4322; x_wconf 85' lang='lat' dir='ltr'>paucos</span> <span class='ocrx_word' id='word_1_312' title='bbox 1542 4241 1842 4317; x_wconf 88' lang='lat' dir='ltr'>arbitror,</span> <span class='ocrx_word' id='word_1_313' title='bbox 1883 4244 2154 4326; x_wconf 89' lang='lat' dir='ltr'>eiusque</span> <span class='ocrx_word' id='word_1_314' title='bbox 2195 4241 2390 4325; x_wconf 90' lang='lat' dir='ltr'>plane</span> <span class='ocrx_word' id='word_1_315' title='bbox 2433 4263 2632 4326; x_wconf 88' lang='lat' dir='ltr'>gene-</span> 
     </span>
     <span class='ocr_line' id='line_1_46' title="bbox 679 4322 2631 4475; baseline 0.002 -87"><span class='ocrx_word' id='word_1_316' title='bbox 679 4323 776 4475; x_wconf 56' lang='lat' dir='ltr'>{is</span> <span class='ocrx_word' id='word_1_317' title='bbox 794 4375 809 4401; x_wconf 91' lang='lat'>,</span> <span class='ocrx_word' id='word_1_318' title='bbox 863 4333 941 4388; x_wconf 90' lang='lat' dir='ltr'>ut</span> <span class='ocrx_word' id='word_1_319' title='bbox 980 4322 1206 4389; x_wconf 89' lang='lat' dir='ltr'>videas</span> <span class='ocrx_word' id='word_1_320' title='bbox 1250 4347 1381 4391; x_wconf 94' lang='lat' dir='ltr'>non</span> <span class='ocrx_word' id='word_1_321' title='bbox 1426 4334 1671 4392; x_wconf 88' lang='lat' dir='ltr'>temere</span> <span class='ocrx_word' id='word_1_322' title='bbox 1711 4349 1752 4392; x_wconf 89' lang='lat' dir='ltr'>a</span> <span class='ocrx_word' id='word_1_323' title='bbox 1795 4327 2176 4413; x_wconf 88' lang='lat' dir='ltr'>disciplinae</span> <span class='ocrx_word' id='word_1_324' title='bbox 2218 4327 2473 4393; x_wconf 90' lang='lat' dir='ltr'>ratione</span> <span class='ocrx_word' id='word_1_325' title='bbox 2518 4327 2631 4392; x_wconf 89' lang='lat' dir='ltr'>ab·</span> 
     </span>
     <span class='ocr_line' id='line_1_47' title="bbox 732 4430 970 4474; baseline -0.004 0"><span class='ocrx_word' id='word_1_326' title='bbox 732 4430 970 4474; x_wconf 86' lang='lat' dir='ltr'>orrere.</span> 
     </span>
    </p>

    <p class='ocr_par' dir='ltr' id='par_1_7' title="bbox 852 4492 2632 4584">
     <span class='ocr_line' id='line_1_48' title="bbox 852 4492 2632 4584; baseline 0.002 -24"><span class='ocrx_word' id='word_1_327' title='bbox 852 4492 1070 4560; x_wconf 81' lang='lat' dir='ltr'>Audio</span> <span class='ocrx_word' id='word_1_328' title='bbox 1091 4502 1310 4561; x_wconf 89' lang='lat' dir='ltr'>autem</span> <span class='ocrx_word' id='word_1_329' title='bbox 1334 4496 1495 4564; x_wconf 87' lang='lat' dir='ltr'>haec</span> <span class='ocrx_word' id='word_1_330' title='bbox 1517 4496 1834 4563; x_wconf 86' lang='lat' dir='ltr'>bonorum</span> <span class='ocrx_word' id='word_1_331' title='bbox 1856 4497 2073 4563; x_wconf 87' lang='lat' dir='ltr'>studia</span> <span class='ocrx_word' id='word_1_332' title='bbox 2092 4497 2280 4565; x_wconf 69' lang='lat' dir='ltr'>Bau·</span> <span class='ocrx_word' id='word_1_333' title='bbox 2363 4518 2558 4576; x_wconf 73' lang='lat' dir='ltr'>erunt,</span> <span class='ocrx_word' id='word_1_334' title='bbox 2574 4495 2632 4584; x_wconf 79' lang='lat'>⁴)</span> 
     </span>
    </p>

    <p class='ocr_par' dir='ltr' id='par_1_8' title="bbox 679 4579 2633 4668">
     <span class='ocr_line' id='line_1_49' title="bbox 679 4579 2633 4668; baseline 0.002 -24"><span class='ocrx_word' id='word_1_335' title='bbox 679 4599 815 4645; x_wconf 87' lang='lat' dir='ltr'>non</span> <span class='ocrx_word' id='word_1_336' title='bbox 848 4579 1164 4663; x_wconf 88' lang='lat' dir='ltr'>privatim</span> <span class='ocrx_word' id='word_1_337' title='bbox 1196 4580 1392 4647; x_wconf 91' lang='lat' dir='ltr'>modo</span> <span class='ocrx_word' id='word_1_338' title='bbox 1427 4590 1541 4649; x_wconf 88' lang='lat' dir='ltr'>aut</span> <span class='ocrx_word' id='word_1_339' title='bbox 1574 4583 1796 4649; x_wconf 64' lang='lat' dir='ltr'>metim</span> <span class='ocrx_word' id='word_1_340' title='bbox 1829 4582 2202 4668; x_wconf 82' lang='lat' dir='ltr'>suggillare,</span> <span class='ocrx_word' id='word_1_341' title='bbox 2377 4582 2633 4667; x_wconf 90' lang='lat' dir='ltr'>publice</span> 
     </span>
    </p>
   </div>
   <div class='ocr_carea' id='block_1_5' title="bbox 783 4754 978 4761">
    <p class='ocr_par' dir='ltr' id='par_1_9' title="bbox 783 4754 978 4761">
     <span class='ocr_line' id='line_1_50' title="bbox 783 4754 978 4761; baseline 0 1406"><span class='ocrx_word' id='word_1_342' title='bbox 783 4754 978 4761; x_wconf 95' lang='lat' dir='ltr'> </span> 
     </span>
    </p>
   </div>
   <div class='ocr_carea' id='block_1_6' title="bbox 985 4754 1092 4761">
    <p class='ocr_par' dir='ltr' id='par_1_10' title="bbox 985 4754 1092 4761">
     <span class='ocr_line' id='line_1_51' title="bbox 985 4754 1092 4761; baseline 0.019 -2"><span class='ocrx_word' id='word_1_343' title='bbox 985 4754 1092 4761; x_wconf 44' lang='grc' dir='ltr'>ὴ.</span> 
     </span>
    </p>
   </div>
   <div class='ocr_carea' id='block_1_7' title="bbox 677 4868 2632 5348">
    <p class='ocr_par' dir='ltr' id='par_1_11' title="bbox 677 4868 2632 5348">
     <span class='ocr_line' id='line_1_52' title="bbox 886 4868 2629 4942; baseline 0.002 -20"><span class='ocrx_word' id='word_1_344' title='bbox 886 4868 947 4933; x_wconf 83' lang='grc'>3)</span> <span class='ocrx_word' id='word_1_345' title='bbox 985 4869 1143 4923; x_wconf 70' lang='lat' dir='ltr'>Inter</span> <span class='ocrx_word' id='word_1_346' title='bbox 1175 4869 1294 4925; x_wconf 68' lang='lat' dir='ltr'>alia</span> <span class='ocrx_word' id='word_1_347' title='bbox 1326 4871 1550 4926; x_wconf 71' lang='lat' dir='ltr'>Romae</span> <span class='ocrx_word' id='word_1_348' title='bbox 1591 4872 1837 4928; x_wconf 62' lang='lat' dir='ltr'>asinium</span> <span class='ocrx_word' id='word_1_349' title='bbox 1864 4872 2071 4942; x_wconf 72' lang='lat' dir='ltr'>yauiei,</span> <span class='ocrx_word' id='word_1_350' title='bbox 2108 4890 2149 4927; x_wconf 79' lang='lat' dir='ltr'>a</span> <span class='ocrx_word' id='word_1_351' title='bbox 2181 4887 2417 4942; x_wconf 65' lang='lat' dir='ltr'>quor-uon</span> <span class='ocrx_word' id='word_1_352' title='bbox 2445 4871 2629 4940; x_wconf 75' lang='lat' dir='ltr'>parti·</span> 
     </span>
     <span class='ocr_line' id='line_1_53' title="bbox 677 4936 2631 5009; baseline 0.002 -17"><span class='ocrx_word' id='word_1_353' title='bbox 677 4936 1232 4993; x_wconf 57' lang='lat' dir='ltr'>batestanorum</span> <span class='ocrx_word' id='word_1_354' title='bbox 1276 4940 1675 5009; x_wconf 57' lang='lat' dir='ltr'>olmera-t,</span> <span class='ocrx_word' id='word_1_355' title='bbox 1720 4942 1788 4996; x_wconf 81' lang='lat' dir='ltr'>de</span> <span class='ocrx_word' id='word_1_356' title='bbox 1830 4942 2152 4997; x_wconf 73' lang='lat' dir='ltr'>necessitate</span> <span class='ocrx_word' id='word_1_357' title='bbox 2196 4942 2631 4997; x_wconf 60' lang='lat' dir='ltr'>exeommunica-</span> 
     </span>
     <span class='ocr_line' id='line_1_54' title="bbox 677 5006 2632 5086; baseline 0.002 -25"><span class='ocrx_word' id='word_1_358' title='bbox 677 5006 852 5061; x_wconf 71' lang='lat' dir='ltr'>tiom‘s</span> <span class='ocrx_word' id='word_1_359' title='bbox 884 5011 936 5086; x_wconf 67' lang='lat' dir='ltr'>qt</span> <span class='ocrx_word' id='word_1_360' title='bbox 967 5008 1264 5062; x_wconf 62' lang='lat' dir='ltr'>munsterus·</span> <span class='ocrx_word' id='word_1_361' title='bbox 1096 5007 1109 5019; x_wconf 88' lang='grc'><em>“</em></span> <span class='ocrx_word' id='word_1_362' title='bbox 1229 5008 1264 5020; x_wconf 85' lang='grc'>“’</span> <span class='ocrx_word' id='word_1_363' title='bbox 1306 5008 1578 5078; x_wconf 62' lang='lat' dir='ltr'>damete·</span> <span class='ocrx_word' id='word_1_364' title='bbox 1456 5009 1467 5021; x_wconf 83' lang='lat'><em>‘</em></span> <span class='ocrx_word' id='word_1_365' title='bbox 1609 5011 1833 5079; x_wconf 70' lang='lat' dir='ltr'>saepius</span> <span class='ocrx_word' id='word_1_366' title='bbox 1874 5011 2043 5067; x_wconf 79' lang='lat' dir='ltr'>verba</span> <span class='ocrx_word' id='word_1_367' title='bbox 2084 5011 2350 5079; x_wconf 63' lang='lat' dir='ltr'>faetantes·</span> <span class='ocrx_word' id='word_1_368' title='bbox 2392 5010 2632 5080; x_wconf 69' lang='lat' dir='ltr'>papi-m·-</span> 
     </span>
     <span class='ocr_line' id='line_1_55' title="bbox 679 5152 2632 5348; baseline 0.002 -81"><span class='ocrx_word' id='word_1_369' title='bbox 679 5214 1059 5348; x_wconf 49' lang='grc' dir='ltr'><em>Ἣ</em></span> <span class='ocrx_word' id='word_1_370' title='bbox 1099 5186 1314 5338; x_wconf 38' lang='lat' dir='ltr'>ios-En?</span> <span class='ocrx_word' id='word_1_371' title='bbox 1343 5216 1582 5272; x_wconf 69' lang='lat' dir='ltr'>Ioannis</span> <span class='ocrx_word' id='word_1_372' title='bbox 1621 5165 1862 5289; x_wconf 57' lang='lat' dir='ltr'>pamm-²</span> <span class='ocrx_word' id='word_1_373' title='bbox 1903 5219 2041 5275; x_wconf 66' lang='lat' dir='ltr'>aaa</span> <span class='ocrx_word' id='word_1_374' title='bbox 2072 5165 2218 5273; x_wconf 61' lang='lat' dir='ltr'>“an-3</span> <span class='ocrx_word' id='word_1_375' title='bbox 2257 5152 2632 5273; x_wconf 37' lang='lat' dir='ltr'>rumpam</span> 
     </span>
    </p>
   </div>
   <div class='ocr_carea' id='block_1_8' title="bbox 2207 372 3110 441">
    <p class='ocr_par' dir='ltr' id='par_1_12' title="bbox 2207 372 3110 441">
     <span class='ocr_line' id='line_1_56' title="bbox 2207 372 3110 441; baseline -0.004 -1"><span class='ocrx_word' id='word_1_376' title='bbox 2207 372 2731 441; x_wconf 73' lang='lat' dir='ltr'>EPIS&#39;POLAE</span> <span class='ocrx_word' id='word_1_377' title='bbox 2779 375 3110 438; x_wconf 85' lang='lat'>529--531</span> 
     </span>
    </p>
   </div>
   <div class='ocr_carea' id='block_1_9' title="bbox 2680 573 2696 5334">
    <p class='ocr_par' dir='ltr' id='par_1_13' title="bbox 2680 573 2696 5334">
     <span class='ocr_line' id='line_1_57' title="bbox 2680 573 2696 5334; baseline 0 0"><span class='ocrx_word' id='word_1_378' title='bbox 2680 573 2696 5334; x_wconf 95' lang='lat' dir='ltr'> </span> 
     </span>
    </p>
   </div>
   <div class='ocr_carea' id='block_1_10' title="bbox 4549 367 4675 430">
    <p class='ocr_par' dir='ltr' id='par_1_14' title="bbox 4549 367 4675 430">
     <span class='ocr_line' id='line_1_58' title="bbox 4549 367 4675 430; baseline 0 -1"><span class='ocrx_word' id='word_1_379' title='bbox 4549 367 4630 430; x_wconf 82' lang='lat'>67</span> <span class='ocrx_word' id='word_1_380' title='bbox 4635 368 4675 430; x_wconf 83' lang='lat'><strong>2</strong></span> 
     </span>
    </p>
   </div>
   <div class='ocr_carea' id='block_1_11' title="bbox 2727 552 4715 4669">
    <p class='ocr_par' dir='ltr' id='par_1_15' title="bbox 2727 552 4715 3795">
     <span class='ocr_line' id='line_1_59' title="bbox 2730 552 4680 641; baseline -0.006 -13"><span class='ocrx_word' id='word_1_381' title='bbox 2730 570 2799 628; x_wconf 89' lang='lat' dir='ltr'>et</span> <span class='ocrx_word' id='word_1_382' title='bbox 2840 561 3035 627; x_wconf 89' lang='lat' dir='ltr'>editis</span> <span class='ocrx_word' id='word_1_383' title='bbox 3086 558 3273 625; x_wconf 88' lang='lat' dir='ltr'>libris</span> <span class='ocrx_word' id='word_1_384' title='bbox 3313 558 3637 636; x_wconf 89' lang='lat' dir='ltr'>cavillari,</span> <span class='ocrx_word' id='word_1_385' title='bbox 3693 579 3939 625; x_wconf 90' lang='lat' dir='ltr'>novum</span> <span class='ocrx_word' id='word_1_386' title='bbox 3997 557 4369 641; x_wconf 90' lang='lat' dir='ltr'>papismum</span> <span class='ocrx_word' id='word_1_387' title='bbox 4425 554 4565 620; x_wconf 88' lang='lat' dir='ltr'>suis</span> <span class='ocrx_word' id='word_1_388' title='bbox 4606 552 4680 617; x_wconf 83' lang='lat' dir='ltr'>in</span> 
     </span>
     <span class='ocr_line' id='line_1_60' title="bbox 2727 645 4679 731; baseline -0.001 -18"><span class='ocrx_word' id='word_1_389' title='bbox 2727 648 3044 713; x_wconf 88' lang='lat' dir='ltr'>Ioannem</span> <span class='ocrx_word' id='word_1_390' title='bbox 3080 645 3566 712; x_wconf 90' lang='lat' dir='ltr'>commentariis</span> <span class='ocrx_word' id='word_1_391' title='bbox 3599 665 3832 711; x_wconf 89' lang='lat' dir='ltr'>recens</span> <span class='ocrx_word' id='word_1_392' title='bbox 3854 646 4112 711; x_wconf 82' lang='lat' dir='ltr'>excusis</span> <span class='ocrx_word' id='word_1_393' title='bbox 4134 646 4482 731; x_wconf 88' lang='lat' dir='ltr'>appellare.</span> <span class='ocrx_word' id='word_1_394' title='bbox 4541 646 4679 711; x_wconf 84' lang='lat' dir='ltr'>Ve-</span> 
     </span>
     <span class='ocr_line' id='line_1_61' title="bbox 2730 729 4678 814; baseline -0.002 -15"><span class='ocrx_word' id='word_1_395' title='bbox 2730 755 2881 799; x_wconf 90' lang='lat' dir='ltr'>rum</span> <span class='ocrx_word' id='word_1_396' title='bbox 2924 732 3138 798; x_wconf 89' lang='lat' dir='ltr'>relatu</span> <span class='ocrx_word' id='word_1_397' title='bbox 3195 738 3451 796; x_wconf 88' lang='lat' dir='ltr'>tantum</span> <span class='ocrx_word' id='word_1_398' title='bbox 3504 729 3575 796; x_wconf 90' lang='lat' dir='ltr'>id</span> <span class='ocrx_word' id='word_1_399' title='bbox 3628 731 3906 796; x_wconf 85' lang='lat' dir='ltr'>aliorum</span> <span class='ocrx_word' id='word_1_400' title='bbox 3952 732 4229 814; x_wconf 88' lang='lat' dir='ltr'>accipio:</span> <span class='ocrx_word' id='word_1_401' title='bbox 4294 732 4458 797; x_wconf 88' lang='lat' dir='ltr'>mihi</span> <span class='ocrx_word' id='word_1_402' title='bbox 4501 732 4678 796; x_wconf 91' lang='lat' dir='ltr'>enim</span> 
     </span>
     <span class='ocr_line' id='line_1_62' title="bbox 2731 815 4680 898; baseline -0.001 -13"><span class='ocrx_word' id='word_1_403' title='bbox 2731 817 3206 886; x_wconf 89' lang='lat' dir='ltr'>commentaria</span> <span class='ocrx_word' id='word_1_404' title='bbox 3258 817 3404 882; x_wconf 91' lang='lat' dir='ltr'>visa</span> <span class='ocrx_word' id='word_1_405' title='bbox 3456 837 3591 881; x_wconf 92' lang='lat' dir='ltr'>non</span> <span class='ocrx_word' id='word_1_406' title='bbox 3646 824 3819 882; x_wconf 80' lang='lat' dir='ltr'>sunt.</span> <span class='ocrx_word' id='word_1_407' title='bbox 3910 815 4131 898; x_wconf 80' lang='lat' dir='ltr'>Quare</span> <span class='ocrx_word' id='word_1_408' title='bbox 4173 818 4245 882; x_wconf 86' lang='lat' dir='ltr'>in</span> <span class='ocrx_word' id='word_1_409' title='bbox 4288 818 4467 884; x_wconf 89' lang='lat' dir='ltr'>hisce</span> <span class='ocrx_word' id='word_1_410' title='bbox 4510 816 4680 883; x_wconf 83' lang='lat' dir='ltr'>diffi-</span> 
     </span>
     <span class='ocr_line' id='line_1_63' title="bbox 2733 901 4683 988; baseline -0.001 -19"><span class='ocrx_word' id='word_1_411' title='bbox 2733 905 3082 970; x_wconf 89' lang='lat' dir='ltr'>cultatibus</span> <span class='ocrx_word' id='word_1_412' title='bbox 3135 903 3489 981; x_wconf 89' lang='lat' dir='ltr'>cernimus,</span> <span class='ocrx_word' id='word_1_413' title='bbox 3549 922 3744 985; x_wconf 92' lang='lat' dir='ltr'>quam</span> <span class='ocrx_word' id='word_1_414' title='bbox 3789 903 3974 968; x_wconf 91' lang='lat' dir='ltr'>nobis</span> <span class='ocrx_word' id='word_1_415' title='bbox 4026 901 4377 985; x_wconf 89' lang='lat' dir='ltr'>prudentia</span> <span class='ocrx_word' id='word_1_416' title='bbox 4432 905 4683 988; x_wconf 89' lang='lat' dir='ltr'>pariter</span> 
     </span>
     <span class='ocr_line' id='line_1_64' title="bbox 2736 988 4680 1073; baseline -0.001 -17"><span class='ocrx_word' id='word_1_417' title='bbox 2736 999 2803 1057; x_wconf 90' lang='lat' dir='ltr'>et</span> <span class='ocrx_word' id='word_1_418' title='bbox 2843 988 3225 1055; x_wconf 86' lang='lat' dir='ltr'>fortitudine</span> <span class='ocrx_word' id='word_1_419' title='bbox 3283 1009 3447 1071; x_wconf 92' lang='lat' dir='ltr'>opus</span> <span class='ocrx_word' id='word_1_420' title='bbox 3490 988 3600 1053; x_wconf 89' lang='lat' dir='ltr'>sit:</span> <span class='ocrx_word' id='word_1_421' title='bbox 3660 988 3808 1067; x_wconf 89' lang='lat' dir='ltr'>illa,</span> <span class='ocrx_word' id='word_1_422' title='bbox 3865 1010 3952 1053; x_wconf 93' lang='lat' dir='ltr'>ne</span> <span class='ocrx_word' id='word_1_423' title='bbox 4002 988 4163 1072; x_wconf 89' lang='lat' dir='ltr'>quid</span> <span class='ocrx_word' id='word_1_424' title='bbox 4217 990 4680 1073; x_wconf 89' lang='lat' dir='ltr'>intempestivo</span> 
     </span>
     <span class='ocr_line' id='line_1_65' title="bbox 2733 1074 4682 1158; baseline 0.001 -18"><span class='ocrx_word' id='word_1_425' title='bbox 2733 1077 2994 1142; x_wconf 86' lang='lat' dir='ltr'>fervore</span> <span class='ocrx_word' id='word_1_426' title='bbox 3037 1074 3542 1152; x_wconf 89' lang='lat' dir='ltr'>committamus,</span> <span class='ocrx_word' id='word_1_427' title='bbox 3597 1074 3995 1140; x_wconf 89' lang='lat' dir='ltr'>christianae</span> <span class='ocrx_word' id='word_1_428' title='bbox 4034 1075 4178 1158; x_wconf 87' lang='lat' dir='ltr'>paci</span> <span class='ocrx_word' id='word_1_429' title='bbox 4222 1075 4682 1141; x_wconf 86' lang='lat' dir='ltr'>aedificationi-</span> 
     </span>
     <span class='ocr_line' id='line_1_66' title="bbox 2736 1158 4681 1246; baseline -0.001 -18"><span class='ocrx_word' id='word_1_430' title='bbox 2736 1182 2861 1246; x_wconf 91' lang='lat' dir='ltr'>que</span> <span class='ocrx_word' id='word_1_431' title='bbox 2902 1160 3211 1227; x_wconf 90' lang='lat' dir='ltr'>ecclesiae</span> <span class='ocrx_word' id='word_1_432' title='bbox 3263 1158 3639 1224; x_wconf 82' lang='lat' dir='ltr'>obfuturum</span> <span class='ocrx_word' id='word_1_433' title='bbox 3648 1183 3665 1240; x_wconf 89' lang='lat'>;</span> <span class='ocrx_word' id='word_1_434' title='bbox 3724 1160 3879 1239; x_wconf 90' lang='lat' dir='ltr'>hac,</span> <span class='ocrx_word' id='word_1_435' title='bbox 3936 1181 4021 1226; x_wconf 92' lang='lat' dir='ltr'>ne</span> <span class='ocrx_word' id='word_1_436' title='bbox 4074 1182 4193 1243; x_wconf 92' lang='lat' dir='ltr'>per</span> <span class='ocrx_word' id='word_1_437' title='bbox 4250 1161 4681 1243; x_wconf 88' lang='lat' dir='ltr'>pusillanimi-</span> 
     </span>
     <span class='ocr_line' id='line_1_67' title="bbox 2734 1244 4685 1332; baseline 0 -19"><span class='ocrx_word' id='word_1_438' title='bbox 2734 1254 2939 1313; x_wconf 85' lang='lat' dir='ltr'>tatem</span> <span class='ocrx_word' id='word_1_439' title='bbox 2972 1247 3321 1312; x_wconf 88' lang='lat' dir='ltr'>veritatem</span> <span class='ocrx_word' id='word_1_440' title='bbox 3360 1244 3730 1328; x_wconf 89' lang='lat' dir='ltr'>prodamus,</span> <span class='ocrx_word' id='word_1_441' title='bbox 3775 1246 4098 1329; x_wconf 91' lang='lat' dir='ltr'>salutique</span> <span class='ocrx_word' id='word_1_442' title='bbox 4132 1246 4420 1312; x_wconf 88' lang='lat' dir='ltr'>desimus</span> <span class='ocrx_word' id='word_1_443' title='bbox 4463 1247 4685 1332; x_wconf 88' lang='lat' dir='ltr'>gregis</span> 
     </span>
     <span class='ocr_line' id='line_1_68' title="bbox 2736 1331 4683 1415; baseline 0 -16"><span class='ocrx_word' id='word_1_444' title='bbox 2736 1332 3091 1412; x_wconf 89' lang='lat' dir='ltr'>commissi,</span> <span class='ocrx_word' id='word_1_445' title='bbox 3158 1331 3315 1397; x_wconf 92' lang='lat' dir='ltr'>olim</span> <span class='ocrx_word' id='word_1_446' title='bbox 3385 1332 3482 1397; x_wconf 91' lang='lat' dir='ltr'>rei</span> <span class='ocrx_word' id='word_1_447' title='bbox 3536 1332 3876 1415; x_wconf 86' lang='lat' dir='ltr'>sanguinis</span> <span class='ocrx_word' id='word_1_448' title='bbox 3909 1332 4231 1415; x_wconf 78' lang='lat' dir='ltr'>ipsorum.</span> <span class='ocrx_word' id='word_1_449' title='bbox 4329 1332 4683 1399; x_wconf 83' lang='lat' dir='ltr'>Caeterum</span> 
     </span>
     <span class='ocr_line' id='line_1_69' title="bbox 2736 1417 4683 1503; baseline -0.001 -18"><span class='ocrx_word' id='word_1_450' title='bbox 2736 1417 2907 1503; x_wconf 89' lang='lat' dir='ltr'>quod</span> <span class='ocrx_word' id='word_1_451' title='bbox 2942 1425 3319 1483; x_wconf 87' lang='lat' dir='ltr'>anteactum</span> <span class='ocrx_word' id='word_1_452' title='bbox 3338 1418 3785 1500; x_wconf 88' lang='lat' dir='ltr'>paroxismum</span> <span class='ocrx_word' id='word_1_453' title='bbox 3809 1418 4058 1495; x_wconf 89' lang='lat' dir='ltr'>attinet,</span> <span class='ocrx_word' id='word_1_454' title='bbox 4095 1417 4382 1500; x_wconf 89' lang='lat' dir='ltr'>aliquam</span> <span class='ocrx_word' id='word_1_455' title='bbox 4417 1420 4683 1484; x_wconf 92' lang='lat' dir='ltr'>omnino</span> 
     </span>
     <span class='ocr_line' id='line_1_70' title="bbox 2737 1501 4685 1587; baseline 0 -17"><span class='ocrx_word' id='word_1_456' title='bbox 2737 1505 3086 1571; x_wconf 88' lang='lat' dir='ltr'>sanitatem</span> <span class='ocrx_word' id='word_1_457' title='bbox 3129 1501 3425 1568; x_wconf 89' lang='lat' dir='ltr'>attulisse</span> <span class='ocrx_word' id='word_1_458' title='bbox 3458 1501 3781 1568; x_wconf 90' lang='lat' dir='ltr'>videmur.</span> <span class='ocrx_word' id='word_1_459' title='bbox 3846 1502 4020 1567; x_wconf 91' lang='lat' dir='ltr'>Nam</span> <span class='ocrx_word' id='word_1_460' title='bbox 4053 1503 4297 1570; x_wconf 74' lang='lat' dir='ltr'>Beatus</span> <span class='ocrx_word' id='word_1_461' title='bbox 4317 1506 4376 1582; x_wconf 78' lang='lat'>⁵)</span> <span class='ocrx_word' id='word_1_462' title='bbox 4421 1502 4685 1587; x_wconf 91' lang='lat' dir='ltr'>quidem</span> 
     </span>
     <span class='ocr_line' id='line_1_71' title="bbox 2736 1588 4685 1669; baseline 0 -14"><span class='ocrx_word' id='word_1_463' title='bbox 2736 1591 2939 1655; x_wconf 86' lang='lat' dir='ltr'>frater</span> <span class='ocrx_word' id='word_1_464' title='bbox 2981 1610 3169 1654; x_wconf 87' lang='lat' dir='ltr'>suam</span> <span class='ocrx_word' id='word_1_465' title='bbox 3210 1589 3343 1654; x_wconf 90' lang='lat' dir='ltr'>iam</span> <span class='ocrx_word' id='word_1_466' title='bbox 3402 1588 3809 1654; x_wconf 88' lang='lat' dir='ltr'>functionem</span> <span class='ocrx_word' id='word_1_467' title='bbox 3862 1589 4060 1655; x_wconf 88' lang='lat' dir='ltr'>habet</span> <span class='ocrx_word' id='word_1_468' title='bbox 4114 1591 4685 1669; x_wconf 85' lang='lat' dir='ltr'>confirmatiorem,</span> 
     </span>
     <span class='ocr_line' id='line_1_72' title="bbox 2736 1672 4687 1759; baseline -0.001 -17"><span class='ocrx_word' id='word_1_469' title='bbox 2736 1682 3160 1759; x_wconf 88' lang='lat' dir='ltr'>posteaquam</span> <span class='ocrx_word' id='word_1_470' title='bbox 3220 1672 3300 1738; x_wconf 91' lang='lat' dir='ltr'>de</span> <span class='ocrx_word' id='word_1_471' title='bbox 3358 1676 3689 1739; x_wconf 90' lang='lat' dir='ltr'>communi</span> <span class='ocrx_word' id='word_1_472' title='bbox 3752 1694 3948 1740; x_wconf 90' lang='lat' dir='ltr'>causa</span> <span class='ocrx_word' id='word_1_473' title='bbox 4012 1696 4255 1758; x_wconf 90' lang='lat' dir='ltr'>suoque</span> <span class='ocrx_word' id='word_1_474' title='bbox 4322 1676 4687 1742; x_wconf 89' lang='lat' dir='ltr'>ministerio</span> 
     </span>
     <span class='ocr_line' id='line_1_73' title="bbox 2736 1759 4688 1838; baseline 0 -11"><span class='ocrx_word' id='word_1_475' title='bbox 2736 1783 2953 1828; x_wconf 89' lang='lat' dir='ltr'>coram</span> <span class='ocrx_word' id='word_1_476' title='bbox 2998 1759 3322 1825; x_wconf 83' lang='lat' dir='ltr'>Diacosiis</span> <span class='ocrx_word' id='word_1_477' title='bbox 3364 1759 3693 1838; x_wconf 91' lang='lat' dir='ltr'>disseruit,</span> <span class='ocrx_word' id='word_1_478' title='bbox 3738 1761 4143 1825; x_wconf 89' lang='lat' dir='ltr'>occasionem</span> <span class='ocrx_word' id='word_1_479' title='bbox 4193 1762 4393 1826; x_wconf 89' lang='lat' dir='ltr'>etiam</span> <span class='ocrx_word' id='word_1_480' title='bbox 4435 1761 4688 1827; x_wconf 90' lang='lat' dir='ltr'>nolenti</span> 
     </span>
     <span class='ocr_line' id='line_1_74' title="bbox 2739 1844 4692 1930; baseline 0 -18"><span class='ocrx_word' id='word_1_481' title='bbox 2739 1868 2817 1913; x_wconf 92' lang='lat' dir='ltr'>ea</span> <span class='ocrx_word' id='word_1_482' title='bbox 2851 1845 3184 1929; x_wconf 88' lang='lat' dir='ltr'>tragoedia</span> <span class='ocrx_word' id='word_1_483' title='bbox 3221 1844 3696 1927; x_wconf 90' lang='lat' dir='ltr'>suppeditante.</span> <span class='ocrx_word' id='word_1_484' title='bbox 3784 1845 3932 1930; x_wconf 84' lang='lat' dir='ltr'>Ego</span> <span class='ocrx_word' id='word_1_485' title='bbox 3990 1867 4148 1911; x_wconf 90' lang='lat' dir='ltr'>vero</span> <span class='ocrx_word' id='word_1_486' title='bbox 4204 1846 4284 1911; x_wconf 91' lang='lat' dir='ltr'>de</span> <span class='ocrx_word' id='word_1_487' title='bbox 4337 1847 4692 1912; x_wconf 89' lang='lat' dir='ltr'>ministerii</span> 
     </span>
     <span class='ocr_line' id='line_1_75' title="bbox 2737 1931 4690 2015; baseline 0.001 -17"><span class='ocrx_word' id='word_1_488' title='bbox 2737 1932 2912 1999; x_wconf 91' lang='lat' dir='ltr'>sacri</span> <span class='ocrx_word' id='word_1_489' title='bbox 2951 1932 3366 2015; x_wconf 80' lang='lat' dir='ltr'>partiumque</span> <span class='ocrx_word' id='word_1_490' title='bbox 3407 1931 3550 1995; x_wconf 91' lang='lat' dir='ltr'>eius</span> <span class='ocrx_word' id='word_1_491' title='bbox 3593 1932 3947 1997; x_wconf 88' lang='lat' dir='ltr'>autoritate</span> <span class='ocrx_word' id='word_1_492' title='bbox 3992 1942 4062 1996; x_wconf 88' lang='lat' dir='ltr'>et</span> <span class='ocrx_word' id='word_1_493' title='bbox 4109 1953 4267 2010; x_wconf 88' lang='lat' dir='ltr'>usu,</span> <span class='ocrx_word' id='word_1_494' title='bbox 4328 1932 4537 2015; x_wconf 89' lang='lat' dir='ltr'>deque</span> <span class='ocrx_word' id='word_1_495' title='bbox 4582 1932 4690 1999; x_wconf 86' lang='lat' dir='ltr'>his</span> 
     </span>
     <span class='ocr_line' id='line_1_76' title="bbox 2736 2014 4691 2101; baseline -0.001 -16"><span class='ocrx_word' id='word_1_496' title='bbox 2736 2026 3016 2101; x_wconf 88' lang='lat' dir='ltr'>cognata</span> <span class='ocrx_word' id='word_1_497' title='bbox 3057 2016 3371 2082; x_wconf 88' lang='lat' dir='ltr'>ecclesiae</span> <span class='ocrx_word' id='word_1_498' title='bbox 3413 2014 3782 2100; x_wconf 88' lang='lat' dir='ltr'>disciplina,</span> <span class='ocrx_word' id='word_1_499' title='bbox 3842 2038 3921 2082; x_wconf 89' lang='lat' dir='ltr'>ea</span> <span class='ocrx_word' id='word_1_500' title='bbox 3975 2038 4123 2083; x_wconf 92' lang='lat' dir='ltr'>sum</span> <span class='ocrx_word' id='word_1_501' title='bbox 4178 2018 4433 2100; x_wconf 89' lang='lat' dir='ltr'>publice</span> <span class='ocrx_word' id='word_1_502' title='bbox 4490 2017 4691 2101; x_wconf 89' lang='lat' dir='ltr'>idque</span> 
     </span>
     <span class='ocr_line' id='line_1_77' title="bbox 2737 2102 4691 2188; baseline 0.002 -22"><span class='ocrx_word' id='word_1_503' title='bbox 2737 2104 2929 2168; x_wconf 89' lang='lat' dir='ltr'>tertio</span> <span class='ocrx_word' id='word_1_504' title='bbox 2970 2102 3186 2167; x_wconf 89' lang='lat' dir='ltr'>dicere</span> <span class='ocrx_word' id='word_1_505' title='bbox 3228 2108 3488 2168; x_wconf 86' lang='lat' dir='ltr'>coactns</span> <span class='ocrx_word' id='word_1_506' title='bbox 3542 2122 3711 2185; x_wconf 90' lang='lat' dir='ltr'>quae</span> <span class='ocrx_word' id='word_1_507' title='bbox 3765 2102 3880 2168; x_wconf 83' lang='lat' dir='ltr'>vix</span> <span class='ocrx_word' id='word_1_508' title='bbox 3923 2103 4099 2167; x_wconf 86' lang='lat' dir='ltr'>intra</span> <span class='ocrx_word' id='word_1_509' title='bbox 4141 2105 4430 2186; x_wconf 87' lang='lat' dir='ltr'>privatos</span> <span class='ocrx_word' id='word_1_510' title='bbox 4472 2104 4691 2188; x_wconf 89' lang='lat' dir='ltr'>parie-</span> 
     </span>
     <span class='ocr_line' id='line_1_78' title="bbox 2736 2187 4690 2272; baseline 0 -17"><span class='ocrx_word' id='word_1_511' title='bbox 2736 2197 2837 2255; x_wconf 85' lang='lat' dir='ltr'>tes</span> <span class='ocrx_word' id='word_1_512' title='bbox 2881 2187 3052 2271; x_wconf 89' lang='lat' dir='ltr'>apud</span> <span class='ocrx_word' id='word_1_513' title='bbox 3097 2194 3309 2253; x_wconf 90' lang='lat' dir='ltr'>certos</span> <span class='ocrx_word' id='word_1_514' title='bbox 3353 2188 3557 2253; x_wconf 85' lang='lat' dir='ltr'>etiam-</span> <span class='ocrx_word' id='word_1_515' title='bbox 3609 2187 3853 2254; x_wconf 90' lang='lat' dir='ltr'>amicos</span> <span class='ocrx_word' id='word_1_516' title='bbox 3904 2190 4177 2254; x_wconf 84' lang='lat' dir='ltr'>fuissem</span> <span class='ocrx_word' id='word_1_517' title='bbox 4229 2210 4426 2255; x_wconf 89' lang='lat' dir='ltr'>ausus</span> <span class='ocrx_word' id='word_1_518' title='bbox 4468 2189 4690 2272; x_wconf 87' lang='lat' dir='ltr'>prolo-</span> 
     </span>
     <span class='ocr_line' id='line_1_79' title="bbox 2738 2273 4691 2359; baseline 0.001 -20"><span class='ocrx_word' id='word_1_519' title='bbox 2738 2275 2880 2358; x_wconf 90' lang='lat' dir='ltr'>qui:</span> <span class='ocrx_word' id='word_1_520' title='bbox 2928 2274 3238 2338; x_wconf 85' lang='lat' dir='ltr'>nimirum</span> <span class='ocrx_word' id='word_1_521' title='bbox 3278 2292 3356 2337; x_wconf 90' lang='lat' dir='ltr'>ea</span> <span class='ocrx_word' id='word_1_522' title='bbox 3399 2292 3563 2355; x_wconf 90' lang='lat' dir='ltr'>quae</span> <span class='ocrx_word' id='word_1_523' title='bbox 3586 2273 3901 2340; x_wconf 91' lang='lat' dir='ltr'>Neocomi</span> <span class='ocrx_word' id='word_1_524' title='bbox 3945 2294 3986 2337; x_wconf 92' lang='lat' dir='ltr'>a</span> <span class='ocrx_word' id='word_1_525' title='bbox 4024 2274 4337 2340; x_wconf 84' lang='lat' dir='ltr'>fratribus</span> <span class='ocrx_word' id='word_1_526' title='bbox 4379 2276 4488 2359; x_wconf 91' lang='lat' dir='ltr'>pie</span> <span class='ocrx_word' id='word_1_527' title='bbox 4532 2274 4691 2341; x_wconf 87' lang='lat' dir='ltr'>libe-</span> 
     </span>
     <span class='ocr_line' id='line_1_80' title="bbox 2736 2358 4691 2444; baseline 0.002 -20"><span class='ocrx_word' id='word_1_528' title='bbox 2736 2380 2936 2443; x_wconf 90' lang='lat' dir='ltr'>reque</span> <span class='ocrx_word' id='word_1_529' title='bbox 2979 2358 3259 2425; x_wconf 89' lang='lat' dir='ltr'>adducta</span> <span class='ocrx_word' id='word_1_530' title='bbox 3310 2359 3380 2423; x_wconf 92' lang='lat' dir='ltr'>in</span> <span class='ocrx_word' id='word_1_531' title='bbox 3438 2359 3725 2424; x_wconf 90' lang='lat' dir='ltr'>medium</span> <span class='ocrx_word' id='word_1_532' title='bbox 3777 2360 4054 2439; x_wconf 79' lang='lat' dir='ltr'>fuerant,</span> <span class='ocrx_word' id='word_1_533' title='bbox 4075 2361 4132 2444; x_wconf 79' lang='grc'>6)</span> <span class='ocrx_word' id='word_1_534' title='bbox 4185 2380 4269 2425; x_wconf 82' lang='lat' dir='ltr'>ex</span> <span class='ocrx_word' id='word_1_535' title='bbox 4325 2360 4562 2443; x_wconf 89' lang='lat' dir='ltr'>quibus</span> <span class='ocrx_word' id='word_1_536' title='bbox 4620 2368 4691 2427; x_wconf 89' lang='lat' dir='ltr'>et</span> 
     </span>
     <span class='ocr_line' id='line_1_81' title="bbox 2737 2444 4689 2528; baseline 0.001 -17"><span class='ocrx_word' id='word_1_537' title='bbox 2737 2446 3025 2511; x_wconf 87' lang='lat' dir='ltr'>rationes</span> <span class='ocrx_word' id='word_1_538' title='bbox 3069 2444 3322 2509; x_wconf 88' lang='lat' dir='ltr'>consilii</span> <span class='ocrx_word' id='word_1_539' title='bbox 3370 2445 3577 2510; x_wconf 88' lang='lat' dir='ltr'>nostri</span> <span class='ocrx_word' id='word_1_540' title='bbox 3594 2494 3611 2525; x_wconf 91' lang='lat'>,</span> <span class='ocrx_word' id='word_1_541' title='bbox 3669 2452 3737 2510; x_wconf 90' lang='lat' dir='ltr'>et</span> <span class='ocrx_word' id='word_1_542' title='bbox 3789 2464 3954 2528; x_wconf 89' lang='lat' dir='ltr'>quae</span> <span class='ocrx_word' id='word_1_543' title='bbox 3998 2447 4071 2510; x_wconf 89' lang='lat' dir='ltr'>in</span> <span class='ocrx_word' id='word_1_544' title='bbox 4115 2446 4401 2512; x_wconf 90' lang='lat' dir='ltr'>ecclesiis</span> <span class='ocrx_word' id='word_1_545' title='bbox 4444 2447 4689 2512; x_wconf 89' lang='lat' dir='ltr'>nostris</span> 
     </span>
     <span class='ocr_line' id='line_1_82' title="bbox 2738 2529 4690 2616; baseline 0.001 -20"><span class='ocrx_word' id='word_1_546' title='bbox 2738 2530 3254 2596; x_wconf 90' lang='lat' dir='ltr'>desideraremus</span> <span class='ocrx_word' id='word_1_547' title='bbox 3309 2529 3593 2614; x_wconf 89' lang='lat' dir='ltr'>intelligi</span> <span class='ocrx_word' id='word_1_548' title='bbox 3649 2537 4020 2613; x_wconf 87' lang='lat' dir='ltr'>potuerunt.</span> <span class='ocrx_word' id='word_1_549' title='bbox 4120 2535 4222 2598; x_wconf 87' lang='lat' dir='ltr'>Ac</span> <span class='ocrx_word' id='word_1_550' title='bbox 4278 2553 4404 2616; x_wconf 91' lang='lat' dir='ltr'>quo</span> <span class='ocrx_word' id='word_1_551' title='bbox 4467 2534 4690 2599; x_wconf 91' lang='lat' dir='ltr'>minus</span> 
     </span>
     <span class='ocr_line' id='line_1_83' title="bbox 2738 2614 4688 2700; baseline -0.001 -16"><span class='ocrx_word' id='word_1_552' title='bbox 2738 2616 3041 2684; x_wconf 87' lang='lat' dir='ltr'>satisfieri</span> <span class='ocrx_word' id='word_1_553' title='bbox 3098 2614 3380 2699; x_wconf 90' lang='lat' dir='ltr'>simplici</span> <span class='ocrx_word' id='word_1_554' title='bbox 3432 2617 3575 2681; x_wconf 90' lang='lat' dir='ltr'>veri</span> <span class='ocrx_word' id='word_1_555' title='bbox 3627 2617 4007 2682; x_wconf 89' lang='lat' dir='ltr'>narratione</span> <span class='ocrx_word' id='word_1_556' title='bbox 4064 2625 4258 2700; x_wconf 89' lang='lat' dir='ltr'>atque</span> <span class='ocrx_word' id='word_1_557' title='bbox 4312 2618 4688 2685; x_wconf 85' lang='lat' dir='ltr'>defensione</span> 
     </span>
     <span class='ocr_line' id='line_1_84' title="bbox 2737 2700 4689 2788; baseline 0.001 -20"><span class='ocrx_word' id='word_1_558' title='bbox 2737 2700 3125 2786; x_wconf 89' lang='lat' dir='ltr'>quibusdam</span> <span class='ocrx_word' id='word_1_559' title='bbox 3166 2701 3398 2784; x_wconf 91' lang='lat' dir='ltr'>potuit,</span> <span class='ocrx_word' id='word_1_560' title='bbox 3454 2722 3530 2767; x_wconf 92' lang='lat' dir='ltr'>eo</span> <span class='ocrx_word' id='word_1_561' title='bbox 3572 2702 3783 2786; x_wconf 87' lang='lat' dir='ltr'>magis</span> <span class='ocrx_word' id='word_1_562' title='bbox 3832 2701 4128 2767; x_wconf 86' lang='lat' dir='ltr'>iterando</span> <span class='ocrx_word' id='word_1_563' title='bbox 4169 2701 4689 2788; x_wconf 89' lang='lat' dir='ltr'>publicandoque</span> 
     </span>
     <span class='ocr_line' id='line_1_85' title="bbox 2739 2787 4689 2872; baseline 0.001 -18"><span class='ocrx_word' id='word_1_564' title='bbox 2739 2789 3033 2871; x_wconf 89' lang='lat' dir='ltr'>aequitas</span> <span class='ocrx_word' id='word_1_565' title='bbox 3074 2787 3173 2852; x_wconf 90' lang='lat' dir='ltr'>rei</span> <span class='ocrx_word' id='word_1_566' title='bbox 3218 2787 3480 2872; x_wconf 91' lang='lat' dir='ltr'>agnosci</span> <span class='ocrx_word' id='word_1_567' title='bbox 3538 2793 3605 2852; x_wconf 91' lang='lat' dir='ltr'>et</span> <span class='ocrx_word' id='word_1_568' title='bbox 3646 2788 3959 2853; x_wconf 88' lang='lat' dir='ltr'>novitatis</span> <span class='ocrx_word' id='word_1_569' title='bbox 4002 2787 4369 2855; x_wconf 89' lang='lat' dir='ltr'>absurditas</span> <span class='ocrx_word' id='word_1_570' title='bbox 4411 2794 4689 2856; x_wconf 81' lang='lat' dir='ltr'>evanes-</span> 
     </span>
     <span class='ocr_line' id='line_1_86' title="bbox 2738 2872 4692 2959; baseline 0.002 -20"><span class='ocrx_word' id='word_1_571' title='bbox 2738 2894 2885 2939; x_wconf 91' lang='lat' dir='ltr'>cere</span> <span class='ocrx_word' id='word_1_572' title='bbox 2921 2873 3149 2957; x_wconf 90' lang='lat' dir='ltr'>coepit.</span> <span class='ocrx_word' id='word_1_573' title='bbox 3216 2872 3490 2938; x_wconf 80' lang='lat' dir='ltr'>Morbus</span> <span class='ocrx_word' id='word_1_574' title='bbox 3524 2880 3746 2938; x_wconf 88' lang='lat' dir='ltr'>autem</span> <span class='ocrx_word' id='word_1_575' title='bbox 3780 2879 3849 2938; x_wconf 89' lang='lat' dir='ltr'>et</span> <span class='ocrx_word' id='word_1_576' title='bbox 3881 2874 4364 2941; x_wconf 86' lang='lat' dir='ltr'>miserationem</span> <span class='ocrx_word' id='word_1_577' title='bbox 4399 2875 4692 2959; x_wconf 88' lang='lat' dir='ltr'>aliquam</span> 
     </span>
     <span class='ocr_line' id='line_1_87' title="bbox 2737 2958 4690 3041; baseline 0.001 -16"><span class='ocrx_word' id='word_1_578' title='bbox 2737 2960 2809 3025; x_wconf 90' lang='lat' dir='ltr'>in</span> <span class='ocrx_word' id='word_1_579' title='bbox 2842 2959 3128 3024; x_wconf 89' lang='lat' dir='ltr'>hostium</span> <span class='ocrx_word' id='word_1_580' title='bbox 3165 2958 3367 3023; x_wconf 92' lang='lat' dir='ltr'>etiam</span> <span class='ocrx_word' id='word_1_581' title='bbox 3401 2958 3809 3041; x_wconf 89' lang='lat' dir='ltr'>quorundam</span> <span class='ocrx_word' id='word_1_582' title='bbox 3847 2960 4083 3025; x_wconf 89' lang='lat' dir='ltr'>animis</span> <span class='ocrx_word' id='word_1_583' title='bbox 4116 2961 4449 3040; x_wconf 81' lang='lat' dir='ltr'>excitavit,</span> <span class='ocrx_word' id='word_1_584' title='bbox 4491 2962 4690 3027; x_wconf 89' lang='lat' dir='ltr'>mihi-</span> 
     </span>
     <span class='ocr_line' id='line_1_88' title="bbox 2738 3042 4689 3129; baseline 0.001 -19"><span class='ocrx_word' id='word_1_585' title='bbox 2738 3065 2864 3129; x_wconf 88' lang='lat' dir='ltr'>que</span> <span class='ocrx_word' id='word_1_586' title='bbox 2905 3042 3081 3110; x_wconf 89' lang='lat' dir='ltr'>idem</span> <span class='ocrx_word' id='word_1_587' title='bbox 3123 3053 3373 3110; x_wconf 92' lang='lat' dir='ltr'>certum</span> <span class='ocrx_word' id='word_1_588' title='bbox 3416 3044 3826 3127; x_wconf 90' lang='lat' dir='ltr'>propositum</span> <span class='ocrx_word' id='word_1_589' title='bbox 3857 3046 4073 3129; x_wconf 87' lang='lat' dir='ltr'>fregit,</span> <span class='ocrx_word' id='word_1_590' title='bbox 4117 3066 4245 3129; x_wconf 91' lang='lat' dir='ltr'>quo</span> <span class='ocrx_word' id='word_1_591' title='bbox 4286 3047 4689 3129; x_wconf 90' lang='lat' dir='ltr'>missionem,</span> 
     </span>
     <span class='ocr_line' id='line_1_89' title="bbox 2744 3129 4691 3214; baseline 0.004 -21"><span class='ocrx_word' id='word_1_592' title='bbox 2744 3131 3020 3197; x_wconf 63' lang='lat' dir='ltr'>Consano</span> <span class='ocrx_word' id='word_1_593' title='bbox 3060 3130 3258 3195; x_wconf 87' lang='lat' dir='ltr'>etiam</span> <span class='ocrx_word' id='word_1_594' title='bbox 3301 3131 3498 3196; x_wconf 88' lang='lat' dir='ltr'>tacite</span> <span class='ocrx_word' id='word_1_595' title='bbox 3541 3129 3954 3210; x_wconf 89' lang='lat' dir='ltr'>assentiente,</span> <span class='ocrx_word' id='word_1_596' title='bbox 4011 3131 4343 3214; x_wconf 91' lang='lat' dir='ltr'>postulare</span> <span class='ocrx_word' id='word_1_597' title='bbox 4386 3132 4691 3200; x_wconf 89' lang='lat' dir='ltr'>decreve-</span> 
     </span>
     <span class='ocr_line' id='line_1_90' title="bbox 2737 3215 4690 3303; baseline 0.002 -21"><span class='ocrx_word' id='word_1_598' title='bbox 2737 3236 2900 3295; x_wconf 91' lang='lat' dir='ltr'>ram,</span> <span class='ocrx_word' id='word_1_599' title='bbox 2945 3223 3364 3299; x_wconf 85' lang='lat' dir='ltr'>posteaquam</span> <span class='ocrx_word' id='word_1_600' title='bbox 3420 3215 3502 3281; x_wconf 88' lang='lat' dir='ltr'>ab</span> <span class='ocrx_word' id='word_1_601' title='bbox 3555 3216 3802 3299; x_wconf 88' lang='lat' dir='ltr'>agitato</span> <span class='ocrx_word' id='word_1_602' title='bbox 3845 3227 3982 3281; x_wconf 88' lang='lat' dir='ltr'>tam</span> <span class='ocrx_word' id='word_1_603' title='bbox 4024 3217 4136 3282; x_wconf 91' lang='lat' dir='ltr'>diu</span> <span class='ocrx_word' id='word_1_604' title='bbox 4179 3219 4445 3303; x_wconf 89' lang='lat' dir='ltr'>negotio</span> <span class='ocrx_word' id='word_1_605' title='bbox 4505 3219 4690 3285; x_wconf 76' lang='lat' dir='ltr'>Viro-</span> 
     </span>
     <span class='ocr_line' id='line_1_91' title="bbox 2735 3299 4692 3388; baseline 0.001 -20"><span class='ocrx_word' id='word_1_606' title='bbox 2735 3308 2867 3368; x_wconf 78' lang='lat' dir='ltr'>tum</span> <span class='ocrx_word' id='word_1_607' title='bbox 2909 3299 3173 3366; x_wconf 89' lang='lat' dir='ltr'>demum</span> <span class='ocrx_word' id='word_1_608' title='bbox 3203 3309 3398 3383; x_wconf 89' lang='lat' dir='ltr'>atque</span> <span class='ocrx_word' id='word_1_609' title='bbox 3422 3300 3800 3368; x_wconf 68' lang='lat' dir='ltr'>Zebedaeum</span> <span class='ocrx_word' id='word_1_610' title='bbox 3834 3302 4159 3369; x_wconf 88' lang='lat' dir='ltr'>vocandos</span> <span class='ocrx_word' id='word_1_611' title='bbox 4193 3311 4261 3368; x_wconf 91' lang='lat' dir='ltr'>et</span> <span class='ocrx_word' id='word_1_612' title='bbox 4294 3305 4692 3388; x_wconf 87' lang='lat' dir='ltr'>rescriptum</span> 
     </span>
     <span class='ocr_line' id='line_1_92' title="bbox 2737 3386 4689 3472; baseline 0.002 -19"><span class='ocrx_word' id='word_1_613' title='bbox 2737 3386 3199 3472; x_wconf 81' lang='lat' dir='ltr'>proferendum</span> <span class='ocrx_word' id='word_1_614' title='bbox 3257 3387 3696 3467; x_wconf 89' lang='lat' dir='ltr'>censuissent,</span> <span class='ocrx_word' id='word_1_615' title='bbox 3755 3394 3822 3452; x_wconf 93' lang='lat' dir='ltr'>et</span> <span class='ocrx_word' id='word_1_616' title='bbox 3858 3388 4134 3471; x_wconf 91' lang='lat' dir='ltr'>proinde</span> <span class='ocrx_word' id='word_1_617' title='bbox 4184 3389 4382 3455; x_wconf 87' lang='lat' dir='ltr'>fidem</span> <span class='ocrx_word' id='word_1_618' title='bbox 4425 3389 4591 3455; x_wconf 88' lang='lat' dir='ltr'>mihi</span> <span class='ocrx_word' id='word_1_619' title='bbox 4644 3410 4689 3456; x_wconf 85' lang='lat' dir='ltr'>a</span> 
     </span>
     <span class='ocr_line' id='line_1_93' title="bbox 2738 3471 4692 3543; baseline 0.001 -4"><span class='ocrx_word' id='word_1_620' title='bbox 2738 3473 2935 3539; x_wconf 90' lang='lat' dir='ltr'>tertia</span> <span class='ocrx_word' id='word_1_621' title='bbox 2987 3472 3186 3537; x_wconf 90' lang='lat' dir='ltr'>etiam</span> <span class='ocrx_word' id='word_1_622' title='bbox 3250 3471 3569 3538; x_wconf 90' lang='lat' dir='ltr'>relatione</span> <span class='ocrx_word' id='word_1_623' title='bbox 3617 3472 3858 3538; x_wconf 89' lang='lat' dir='ltr'>habere</span> <span class='ocrx_word' id='word_1_624' title='bbox 3912 3495 4047 3540; x_wconf 90' lang='lat' dir='ltr'>non</span> <span class='ocrx_word' id='word_1_625' title='bbox 4104 3474 4504 3543; x_wconf 87' lang='lat' dir='ltr'>viderentur.</span> <span class='ocrx_word' id='word_1_626' title='bbox 4604 3473 4692 3541; x_wconf 81' lang='lat' dir='ltr'>Id</span> 
     </span>
     <span class='ocr_line' id='line_1_94' title="bbox 2737 3559 4692 3647; baseline 0.002 -21"><span class='ocrx_word' id='word_1_627' title='bbox 2737 3579 2915 3638; x_wconf 91' lang='lat' dir='ltr'>vero,</span> <span class='ocrx_word' id='word_1_628' title='bbox 2959 3563 3035 3622; x_wconf 89' lang='lat' dir='ltr'>ut</span> <span class='ocrx_word' id='word_1_629' title='bbox 3074 3563 3333 3640; x_wconf 88' lang='lat' dir='ltr'>praeter</span> <span class='ocrx_word' id='word_1_630' title='bbox 3389 3566 3800 3624; x_wconf 89' lang='lat' dir='ltr'>caeterarum</span> <span class='ocrx_word' id='word_1_631' title='bbox 3843 3559 4262 3626; x_wconf 89' lang='lat' dir='ltr'>ecclesiarum</span> <span class='ocrx_word' id='word_1_632' title='bbox 4307 3562 4692 3647; x_wconf 80' lang='lat' dir='ltr'>exemplum</span> 
     </span>
     <span class='ocr_line' id='line_1_95' title="bbox 2736 3641 4715 3794; baseline 0.002 -85"><span class='ocrx_word' id='word_1_633' title='bbox 2736 3644 2899 3794; x_wconf 54' lang='lat' dir='ltr'>fieril</span> <span class='ocrx_word' id='word_1_634' title='bbox 2943 3641 3340 3722; x_wconf 90' lang='lat' dir='ltr'>iudicabam,</span> <span class='ocrx_word' id='word_1_635' title='bbox 3405 3644 3501 3709; x_wconf 90' lang='lat' dir='ltr'>ita</span> <span class='ocrx_word' id='word_1_636' title='bbox 3565 3643 3733 3708; x_wconf 91' lang='lat' dir='ltr'>mihi</span> <span class='ocrx_word' id='word_1_637' title='bbox 3796 3646 4072 3712; x_wconf 91' lang='lat' dir='ltr'>minime</span> <span class='ocrx_word' id='word_1_638' title='bbox 4127 3647 4321 3712; x_wconf 92' lang='lat' dir='ltr'>rebar</span> <span class='ocrx_word' id='word_1_639' title='bbox 4385 3669 4529 3715; x_wconf 90' lang='lat' dir='ltr'>esse</span> <span class='ocrx_word' id='word_1_640' title='bbox 4591 3647 4715 3743; x_wconf 45' lang='lat' dir='ltr'>fe-·</span> 
     </span>
     <span class='ocr_line' id='line_1_96' title="bbox 2738 3749 3034 3795; baseline -0.01 0"><span class='ocrx_word' id='word_1_641' title='bbox 2738 3751 2856 3795; x_wconf 89' lang='lat' dir='ltr'>ren</span> <span class='ocrx_word' id='word_1_642' title='bbox 2902 3749 3034 3793; x_wconf 90' lang='lat' dir='ltr'>um.</span> 
     </span>
    </p>

    <p class='ocr_par' dir='ltr' id='par_1_16' title="bbox 2735 3812 4694 4669">
     <span class='ocr_line' id='line_1_97' title="bbox 2909 3812 4691 3903; baseline 0.003 -22"><span class='ocrx_word' id='word_1_643' title='bbox 2909 3813 3045 3881; x_wconf 81' lang='lat' dir='ltr'>Sed</span> <span class='ocrx_word' id='word_1_644' title='bbox 3088 3812 3169 3879; x_wconf 89' lang='lat' dir='ltr'>de</span> <span class='ocrx_word' id='word_1_645' title='bbox 3211 3813 3316 3879; x_wconf 88' lang='lat' dir='ltr'>his</span> <span class='ocrx_word' id='word_1_646' title='bbox 3360 3816 3539 3880; x_wconf 87' lang='lat' dir='ltr'>satis.</span> <span class='ocrx_word' id='word_1_647' title='bbox 3605 3815 3890 3881; x_wconf 84' lang='lat' dir='ltr'>Causam</span> <span class='ocrx_word' id='word_1_648' title='bbox 3930 3817 4306 3884; x_wconf 90' lang='lat' dir='ltr'>concordiae</span> <span class='ocrx_word' id='word_1_649' title='bbox 4345 3820 4691 3903; x_wconf 85' lang='lat' dir='ltr'>perficien-</span> 
     </span>
     <span class='ocr_line' id='line_1_98' title="bbox 2739 3899 4692 3990; baseline 0.004 -26"><span class='ocrx_word' id='word_1_650' title='bbox 2739 3899 2861 3965; x_wconf 90' lang='lat' dir='ltr'>dae</span> <span class='ocrx_word' id='word_1_651' title='bbox 2879 3901 2935 3981; x_wconf 88' lang='lat'>⁷)</span> <span class='ocrx_word' id='word_1_652' title='bbox 2978 3901 3155 3964; x_wconf 90' lang='lat' dir='ltr'>inter</span> <span class='ocrx_word' id='word_1_653' title='bbox 3197 3907 3516 3966; x_wconf 82' lang='lat' dir='ltr'>vestrates</span> <span class='ocrx_word' id='word_1_654' title='bbox 3572 3908 3640 3966; x_wconf 90' lang='lat' dir='ltr'>et</span> <span class='ocrx_word' id='word_1_655' title='bbox 3679 3910 3939 3968; x_wconf 89' lang='lat' dir='ltr'>nostros</span> <span class='ocrx_word' id='word_1_656' title='bbox 3992 3923 4113 3987; x_wconf 87' lang='lat' dir='ltr'>ego</span> <span class='ocrx_word' id='word_1_657' title='bbox 4153 3904 4465 3987; x_wconf 89' lang='lat' dir='ltr'>privatim</span> <span class='ocrx_word' id='word_1_658' title='bbox 4511 3904 4692 3990; x_wconf 85' lang='lat' dir='ltr'>apud</span> 
     </span>
     <span class='ocr_line' id='line_1_99' title="bbox 2737 3986 4691 4074; baseline 0.003 -22"><span class='ocrx_word' id='word_1_659' title='bbox 2737 3994 2948 4052; x_wconf 90' lang='lat' dir='ltr'>certos</span> <span class='ocrx_word' id='word_1_660' title='bbox 2987 3986 3227 4051; x_wconf 88' lang='lat' dir='ltr'>amieos</span> <span class='ocrx_word' id='word_1_661' title='bbox 3271 3987 3374 4069; x_wconf 87' lang='lat' dir='ltr'>egi</span> <span class='ocrx_word' id='word_1_662' title='bbox 3390 4036 3405 4063; x_wconf 94' lang='lat'>,</span> <span class='ocrx_word' id='word_1_663' title='bbox 3461 3987 3571 4069; x_wconf 90' lang='lat' dir='ltr'>qui</span> <span class='ocrx_word' id='word_1_664' title='bbox 3628 3995 3697 4051; x_wconf 91' lang='lat' dir='ltr'>et</span> <span class='ocrx_word' id='word_1_665' title='bbox 3738 4008 3923 4070; x_wconf 90' lang='lat' dir='ltr'>spem</span> <span class='ocrx_word' id='word_1_666' title='bbox 3966 3989 4264 4057; x_wconf 85' lang='lat' dir='ltr'>fecerunt</span> <span class='ocrx_word' id='word_1_667' title='bbox 4302 3990 4496 4074; x_wconf 88' lang='lat' dir='ltr'>pleno</span> <span class='ocrx_word' id='word_1_668' title='bbox 4537 4001 4691 4058; x_wconf 86' lang='lat' dir='ltr'>tan-</span> 
     </span>
     <span class='ocr_line' id='line_1_100' title="bbox 2738 4071 4691 4159; baseline 0.003 -23"><span class='ocrx_word' id='word_1_669' title='bbox 2738 4071 2889 4136; x_wconf 91' lang='lat' dir='ltr'>dem</span> <span class='ocrx_word' id='word_1_670' title='bbox 2929 4091 3251 4136; x_wconf 89' lang='lat' dir='ltr'>consensu</span> <span class='ocrx_word' id='word_1_671' title='bbox 3296 4071 3468 4138; x_wconf 88' lang='lat' dir='ltr'>hanc</span> <span class='ocrx_word' id='word_1_672' title='bbox 3512 4078 3720 4136; x_wconf 89' lang='lat' dir='ltr'>totam</span> <span class='ocrx_word' id='word_1_673' title='bbox 3763 4075 4280 4141; x_wconf 89' lang='lat' dir='ltr'>controversiam</span> <span class='ocrx_word' id='word_1_674' title='bbox 4322 4097 4512 4159; x_wconf 87' lang='lat' dir='ltr'>posse</span> <span class='ocrx_word' id='word_1_675' title='bbox 4550 4085 4691 4142; x_wconf 86' lang='lat' dir='ltr'>ter-</span> 
     </span>
     <span class='ocr_line' id='line_1_101' title="bbox 2736 4155 4691 4240; baseline 0.005 -20"><span class='ocrx_word' id='word_1_676' title='bbox 2736 4156 2992 4220; x_wconf 86' lang='lat' dir='ltr'>minari.</span> <span class='ocrx_word' id='word_1_677' title='bbox 3075 4156 3330 4221; x_wconf 88' lang='lat' dir='ltr'>Verum</span> <span class='ocrx_word' id='word_1_678' title='bbox 3387 4155 3542 4240; x_wconf 90' lang='lat' dir='ltr'>quid</span> <span class='ocrx_word' id='word_1_679' title='bbox 3600 4157 3792 4223; x_wconf 89' lang='lat' dir='ltr'>hodie</span> <span class='ocrx_word' id='word_1_680' title='bbox 3847 4178 4064 4224; x_wconf 91' lang='lat' dir='ltr'>coram</span> <span class='ocrx_word' id='word_1_681' title='bbox 4109 4161 4409 4228; x_wconf 88' lang='lat' dir='ltr'>diacosiis</span> <span class='ocrx_word' id='word_1_682' title='bbox 4452 4160 4691 4229; x_wconf 86' lang='lat' dir='ltr'>defini-</span> 
     </span>
     <span class='ocr_line' id='line_1_102' title="bbox 2738 4241 4690 4328; baseline 0.005 -23"><span class='ocrx_word' id='word_1_683' title='bbox 2738 4250 2881 4306; x_wconf 91' lang='lat' dir='ltr'>tum</span> <span class='ocrx_word' id='word_1_684' title='bbox 2932 4241 3089 4321; x_wconf 89' lang='lat' dir='ltr'>siet,</span> <span class='ocrx_word' id='word_1_685' title='bbox 3158 4241 3454 4307; x_wconf 89' lang='lat' dir='ltr'>nondum</span> <span class='ocrx_word' id='word_1_686' title='bbox 3521 4244 3703 4325; x_wconf 91' lang='lat' dir='ltr'>potui</span> <span class='ocrx_word' id='word_1_687' title='bbox 3769 4264 4176 4328; x_wconf 88' lang='lat' dir='ltr'>cognoscere.</span> <span class='ocrx_word' id='word_1_688' title='bbox 4277 4248 4412 4314; x_wconf 91' lang='lat' dir='ltr'>Pro</span> <span class='ocrx_word' id='word_1_689' title='bbox 4464 4247 4690 4315; x_wconf 88' lang='lat' dir='ltr'>libello</span> 
     </span>
     <span class='ocr_line' id='line_1_103' title="bbox 2736 4328 4688 4417; baseline 0.004 -25"><span class='ocrx_word' id='word_1_690' title='bbox 2736 4328 2935 4393; x_wconf 90' lang='lat' dir='ltr'>misso</span> <span class='ocrx_word' id='word_1_691' title='bbox 2947 4329 3009 4403; x_wconf 70' lang='grc' dir='ltr'>Β)</span> <span class='ocrx_word' id='word_1_692' title='bbox 3068 4328 3313 4410; x_wconf 86' lang='lat' dir='ltr'>gratias</span> <span class='ocrx_word' id='word_1_693' title='bbox 3381 4329 3681 4413; x_wconf 89' lang='lat' dir='ltr'>ingentes</span> <span class='ocrx_word' id='word_1_694' title='bbox 3738 4329 3860 4396; x_wconf 90' lang='lat' dir='ltr'>tibi</span> <span class='ocrx_word' id='word_1_695' title='bbox 3918 4330 4157 4411; x_wconf 88' lang='lat' dir='ltr'>habeo,</span> <span class='ocrx_word' id='word_1_696' title='bbox 4236 4333 4556 4417; x_wconf 87' lang='lat' dir='ltr'>laudeque</span> <span class='ocrx_word' id='word_1_697' title='bbox 4615 4344 4688 4400; x_wconf 88' lang='lat' dir='ltr'>et</span> 
     </span>
     <span class='ocr_line' id='line_1_104' title="bbox 2738 4411 4688 4486; baseline 0.004 -8"><span class='ocrx_word' id='word_1_698' title='bbox 2738 4434 2954 4478; x_wconf 92' lang='lat' dir='ltr'>acrem</span> <span class='ocrx_word' id='word_1_699' title='bbox 3000 4411 3442 4478; x_wconf 89' lang='lat' dir='ltr'>defensionem</span> <span class='ocrx_word' id='word_1_700' title='bbox 3477 4416 3840 4482; x_wconf 90' lang='lat' dir='ltr'>communis</span> <span class='ocrx_word' id='word_1_701' title='bbox 3875 4413 4211 4483; x_wconf 90' lang='lat' dir='ltr'>doctrinae</span> <span class='ocrx_word' id='word_1_702' title='bbox 4244 4428 4310 4483; x_wconf 91' lang='lat' dir='ltr'>et</span> <span class='ocrx_word' id='word_1_703' title='bbox 4345 4418 4500 4484; x_wconf 87' lang='lat' dir='ltr'>fidei</span> <span class='ocrx_word' id='word_1_704' title='bbox 4578 4442 4688 4486; x_wconf 90' lang='lat' dir='ltr'>ro-</span> 
     </span>
     <span class='ocr_line' id='line_1_105' title="bbox 2736 4498 4694 4581; baseline 0.004 -18"><span class='ocrx_word' id='word_1_705' title='bbox 2736 4498 3082 4564; x_wconf 86' lang='lat' dir='ltr'>fessionem</span> <span class='ocrx_word' id='word_1_706' title='bbox 3122 4498 3495 4581; x_wconf 87' lang='lat' dir='ltr'>ingenuam.</span> <span class='ocrx_word' id='word_1_707' title='bbox 3563 4500 3889 4567; x_wconf 89' lang='lat' dir='ltr'>Dominus</span> <span class='ocrx_word' id='word_1_708' title='bbox 3912 4502 4099 4568; x_wconf 88' lang='lat' dir='ltr'>Iesus</span> <span class='ocrx_word' id='word_1_709' title='bbox 4133 4523 4253 4569; x_wconf 91' lang='lat' dir='ltr'>sua</span> <span class='ocrx_word' id='word_1_710' title='bbox 4291 4506 4361 4569; x_wconf 88' lang='lat' dir='ltr'>in</span> <span class='ocrx_word' id='word_1_711' title='bbox 4404 4515 4471 4570; x_wconf 89' lang='lat' dir='ltr'>te</span> <span class='ocrx_word' id='word_1_712' title='bbox 4559 4526 4694 4572; x_wconf 84' lang='lat' dir='ltr'>ona</span> 
     </span>
     <span class='ocr_line' id='line_1_106' title="bbox 2735 4584 4692 4669; baseline 0.005 -21"><span class='ocrx_word' id='word_1_713' title='bbox 2735 4584 3109 4663; x_wconf 86' lang='lat' dir='ltr'>confirmet,</span> <span class='ocrx_word' id='word_1_714' title='bbox 3164 4591 3406 4668; x_wconf 87' lang='lat' dir='ltr'>augeat</span> <span class='ocrx_word' id='word_1_715' title='bbox 3457 4592 3526 4651; x_wconf 92' lang='lat' dir='ltr'>et</span> <span class='ocrx_word' id='word_1_716' title='bbox 3572 4598 3967 4669; x_wconf 88' lang='lat' dir='ltr'>promoveat.</span> <span class='ocrx_word' id='word_1_717' title='bbox 4057 4591 4294 4656; x_wconf 88' lang='lat' dir='ltr'>Amen.</span> <span class='ocrx_word' id='word_1_718' title='bbox 4385 4589 4556 4658; x_wconf 87' lang='lat' dir='ltr'>Vale</span> <span class='ocrx_word' id='word_1_719' title='bbox 4612 4593 4692 4658; x_wconf 86' lang='lat' dir='ltr'>in</span> 
     </span>
    </p>
   </div>
   <div class='ocr_carea' id='block_1_12' title="bbox 2737 4758 3147 4769">
    <p class='ocr_par' dir='ltr' id='par_1_17' title="bbox 2737 4758 3147 4769">
     <span class='ocr_line' id='line_1_107' title="bbox 2737 4758 3147 4769; baseline 0 0"><span class='ocrx_word' id='word_1_720' title='bbox 2737 4758 3147 4769; x_wconf 95' lang='lat' dir='ltr'> </span> 
     </span>
    </p>
   </div>
   <div class='ocr_carea' id='block_1_13' title="bbox 2733 4872 4692 5357">
    <p class='ocr_par' dir='ltr' id='par_1_18' title="bbox 2733 4872 4692 5219">
     <span class='ocr_line' id='line_1_108' title="bbox 2940 4872 4692 4951; baseline 0.006 -24"><span class='ocrx_word' id='word_1_721' title='bbox 2940 4872 3002 4937; x_wconf 84' lang='grc'>5)</span> <span class='ocrx_word' id='word_1_722' title='bbox 3040 4872 3286 4942; x_wconf 63' lang='lat' dir='ltr'>Gemma,</span> <span class='ocrx_word' id='word_1_723' title='bbox 3338 4875 3405 4929; x_wconf 89' lang='lat' dir='ltr'>V.</span> <span class='ocrx_word' id='word_1_724' title='bbox 3442 4874 3519 4929; x_wconf 91' lang='lat' dir='ltr'>D.</span> <span class='ocrx_word' id='word_1_725' title='bbox 3555 4874 3644 4930; x_wconf 80' lang='lat' dir='ltr'>M.</span> <span class='ocrx_word' id='word_1_726' title='bbox 3677 4875 3982 4932; x_wconf 63' lang='lat' dir='ltr'>Ber-nensis</span> <span class='ocrx_word' id='word_1_727' title='bbox 4014 4879 4320 4934; x_wconf 65' lang='lat' dir='ltr'>acerrimus</span> <span class='ocrx_word' id='word_1_728' title='bbox 4353 4880 4692 4951; x_wconf 69' lang='grc' dir='ltr'>ἆὺιοὲρέὁηαε</span> 
     </span>
     <span class='ocr_line' id='line_1_109' title="bbox 2733 4942 4689 5066; baseline 0.005 -69"><span class='ocrx_word' id='word_1_729' title='bbox 2733 4942 3175 5025; x_wconf 64' lang='lat' dir='ltr'>hyperaspistes,</span> <span class='ocrx_word' id='word_1_730' title='bbox 3221 4943 3289 4997; x_wconf 80' lang='lat' dir='ltr'>de</span> <span class='ocrx_word' id='word_1_731' title='bbox 3333 4944 3493 5024; x_wconf 69' lang='lat' dir='ltr'>euius</span> <span class='ocrx_word' id='word_1_732' title='bbox 3535 4958 3782 5066; x_wconf 45' lang='lat' dir='ltr'>firmem</span> <span class='ocrx_word' id='word_1_733' title='bbox 3813 4945 3866 4999; x_wconf 80' lang='lat' dir='ltr'>d.</span> <span class='ocrx_word' id='word_1_734' title='bbox 3906 4947 3989 5001; x_wconf 87' lang='lat'>11.</span> <span class='ocrx_word' id='word_1_735' title='bbox 4032 4947 4145 5003; x_wconf 78' lang='lat' dir='ltr'>Oct.</span> <span class='ocrx_word' id='word_1_736' title='bbox 4186 4949 4316 5004; x_wconf 81' lang='lat'>1543</span> <span class='ocrx_word' id='word_1_737' title='bbox 4350 4956 4548 5006; x_wconf 72' lang='lat' dir='ltr'>contra</span> <span class='ocrx_word' id='word_1_738' title='bbox 4579 4952 4689 5006; x_wconf 79' lang='lat' dir='ltr'>ad-</span> 
     </span>
     <span class='ocr_line' id='line_1_110' title="bbox 2734 5012 4689 5162; baseline 0.005 -97"><span class='ocrx_word' id='word_1_739' title='bbox 2734 5025 3012 5148; x_wconf 52' lang='lat' dir='ltr'>verear-og?</span> <span class='ocrx_word' id='word_1_740' title='bbox 3045 5013 3434 5162; x_wconf 46' lang='lat' dir='ltr'>violentusque</span> <span class='ocrx_word' id='word_1_741' title='bbox 3469 5029 3517 5136; x_wconf 52' lang='grc' dir='ltr'>τε).</span> <span class='ocrx_word' id='word_1_742' title='bbox 3600 5012 3954 5139; x_wconf 50' lang='lat' dir='ltr'>QG„</span> <span class='ocrx_word' id='word_1_743' title='bbox 3982 5032 4037 5083; x_wconf 83' lang='lat' dir='ltr'>p.</span> <span class='ocrx_word' id='word_1_744' title='bbox 4055 5016 4189 5141; x_wconf 50' lang='lat'><em>281¹&amp;</em></span> <span class='ocrx_word' id='word_1_745' title='bbox 4229 5018 4334 5086; x_wconf 87' lang='grc' dir='ltr'>(Ν.</span> <span class='ocrx_word' id='word_1_746' title='bbox 4353 5019 4458 5144; x_wconf 60' lang='lat'>{322</span> <span class='ocrx_word' id='word_1_747' title='bbox 4489 5022 4689 5130; x_wconf 66' lang='lat'>¹⁸·.¹¹.·]</span> 
     </span>
     <span class='ocr_line' id='line_1_111' title="bbox 2734 5148 4029 5219; baseline 0.002 -14"><span class='ocrx_word' id='word_1_748' title='bbox 2734 5149 3455 5219; x_wconf 66' lang='lat' dir='ltr'>mproposttoshabesa</span> <span class='ocrx_word' id='word_1_749' title='bbox 3499 5148 4029 5208; x_wconf 69' lang='lat' dir='ltr'>.RuahatV.225.</span> 
     </span>
    </p>

    <p class='ocr_par' dir='ltr' id='par_1_19' title="bbox 2944 5218 4692 5301">
     <span class='ocr_line' id='line_1_112' title="bbox 2944 5218 4692 5301; baseline 0.007 -30"><span class='ocrx_word' id='word_1_750' title='bbox 2944 5218 3002 5279; x_wconf 80' lang='grc'>7)</span> <span class='ocrx_word' id='word_1_751' title='bbox 3038 5225 3092 5274; x_wconf 75' lang='lat' dir='ltr'>et</span> <span class='ocrx_word' id='word_1_752' title='bbox 3122 5218 3323 5297; x_wconf 42' lang='lat' dir='ltr'>pascis</span> <span class='ocrx_word' id='word_1_753' title='bbox 3365 5218 3456 5273; x_wconf 74' lang='lat' dir='ltr'>die</span> <span class='ocrx_word' id='word_1_754' title='bbox 3593 5226 3727 5301; x_wconf 76' lang='lat' dir='ltr'>post</span> <span class='ocrx_word' id='word_1_755' title='bbox 3769 5236 3843 5276; x_wconf 81' lang='lat' dir='ltr'>se.</span> <span class='ocrx_word' id='word_1_756' title='bbox 3877 5221 3964 5276; x_wconf 82' lang='grc'>28.</span> <span class='ocrx_word' id='word_1_757' title='bbox 4000 5223 4133 5278; x_wconf 69' lang='lat' dir='ltr'>Ian.</span> <span class='ocrx_word' id='word_1_758' title='bbox 4167 5238 4361 5281; x_wconf 76' lang='lat' dir='ltr'>revera</span> <span class='ocrx_word' id='word_1_759' title='bbox 4390 5224 4692 5296; x_wconf 68' lang='lat' dir='ltr'>perfectae.</span> 
     </span>
    </p>

    <p class='ocr_par' dir='ltr' id='par_1_20' title="bbox 2942 5286 4150 5357">
     <span class='ocr_line' id='line_1_113' title="bbox 2942 5286 4150 5357; baseline 0.006 -16"><span class='ocrx_word' id='word_1_760' title='bbox 2942 5286 3001 5354; x_wconf 89' lang='grc'>8)</span> <span class='ocrx_word' id='word_1_761' title='bbox 3035 5287 3296 5357; x_wconf 66' lang='lat' dir='ltr'>Supphee</span> <span class='ocrx_word' id='word_1_762' title='bbox 3330 5287 3706 5344; x_wconf 62' lang='lat' dir='ltr'>exhortauone</span> <span class='ocrx_word' id='word_1_763' title='bbox 3740 5289 3816 5345; x_wconf 75' lang='lat' dir='ltr'>ad</span> <span class='ocrx_word' id='word_1_764' title='bbox 3850 5290 4150 5349; x_wconf 69' lang='lat' dir='ltr'>Caesarem.</span> 
     </span>
    </p>
   </div>
  </div>
 </body>
</html>
