5050 6167
402 470 526 535 005

407 656 493 726 ad
530 656 769 723 fratres
810 653 1113 733 scribere,
1156 659 1227 719 et
1262 651 1347 720 dc
1388 660 1574 720 tanta
1614 653 1977 739 petulantia
2023 652 2203 737 apud,
2240 673 2353 720 eos

403 743 695 894 gmvilter
740 739 1180 890 expgstulare.
1259 739 1488 806 Talem
1522 740 1698 806 enim
1732 740 2009 806 bestiam
2044 760 2352 823 responso

448 851 521 895 ui
607 849 625 893 ι
721 847 869 891 arer

405 850 447 914 q
577 848 910 995 Ωξῗᾶιιαιιι
962 912 1225 977 Bernae
1281 911 1809 994 impetraveritis,
1826 910 1888 994 ⁴²)
1954 917 2023 976 et
2087 928 2218 993 quo
2274 909 2349 974 in

403 1006 583 1068 statu
646 1000 734 1065 sit
795 997 1069 1064 ecelesia
1130 996 1303 1063 seire
1367 1004 1690 1082 exspecto.
1812 996 1921 1062 Ex
1986 995 2350 1063 Germania

404 1085 572 1153 nihil
627 1083 751 1150 hoc
812 1090 950 1149 toto
1013 1103 1240 1148 mense
1302 1079 1388 1146 ad
1446 1103 1551 1148 me
1604 1083 1933 1167 perlatum
1991 1088 2109 1147 est.
2218 1080 2350 1146 Hic

404 1172 630 1248 frater,
686 1170 801 1253 qui
856 1189 1038 1234 meas
1082 1169 1197 1233 tibi
1253 1167 1553 1244 reddidit,
1609 1169 1743 1233 iam
1800 1178 1955 1235 ante
2009 1166 2344 1232 biennium

403 1255 514 1324 hic
558 1257 787 1322 fuerat.
876 1252 1203 1335 Quoniam
1261 1274 1418 1319 vero
1460 1264 1620 1319 tunc
1664 1255 1824 1320 satis
1868 1251 2349 1319 inconsiderate

403 1364 477 1410 se
529 1341 770 1427 gessit,
819 1357 993 1404 nunc
1056 1339 1314 1422 culpam
1380 1338 1784 1422 deprecatur,
1850 1340 2158 1422 cupitque
2224 1337 2349 1403 hoc

401 1435 620 1494 totum
663 1427 759 1492 ita
797 1424 920 1491 sibi
963 1425 1232 1508 ignosci,
1292 1446 1374 1490 ne
1418 1423 1574 1509 quid
1616 1427 1687 1490 in
1746 1434 2079 1508 posterum
2131 1443 2347 1489 recor·

403 1512 585 1580 datio
642 1512 765 1579 sibi
821 1518 1068 1576 noceat.
1178 1509 1401 1576 Habet
1463 1512 1532 1575 in
1585 1511 2005 1576 matrimonio
2057 1529 2347 1575 sororem

403 1599 797 1666 nuncianae
815 1598 870 1682 ⁸)
937 1595 1302 1680 puellarum
1360 1595 1732 1680 magistrae,
1792 1616 1989 1681 quam
2042 1597 2170 1661 scis
2228 1595 2348 1661 ho·

398 1683 849 1752 nestissimam
894 1701 1037 1748 esse
1079 1682 1419 1747 mulierem
1468 1681 1756 1766 adeoque
1779 1703 1862 1747 ex
1886 1680 2345 1748 selectioribus.

396 1771 577 1839 Eius
632 1788 887 1853 quoque
945 1787 1144 1846 soror,
1205 1788 1372 1850 quae
1425 1767 1581 1834 huic
1640 1769 1882 1850 nupsit,
1940 1768 2177 1833 mulier
2228 1774 2346 1845 est,

399 1862 731 1941 quantum
770 1852 1093 1937 intelligo,
1137 1873 1358 1919 sorore
1401 1873 1534 1919 non
1578 1853 1868 1937 indigna.
1971 1852 2195 1935 Quum
2239 1852 2349 1918 hic

400 1962 623 2094 m
643 1938 1560 2111 ᾼῗξῗιὲᾆωὲζῖηῗῖἱὲζίἷῗ
1569 1941 1817 2091 1533?
1821 1959 2166 2109 232⁶&
2204 1937 2350 2089 {1⁶50

403 2111 489 2179 de
533 2132 750 2190 eausa,
796 2118 865 2178 et
906 2110 1105 2178 simul
1147 2117 1226 2176 ut
1268 2108 1490 2176 videat
1533 2132 1694 2176 num
1737 2130 1867 2194 qua
1903 2111 2054 2177 istic
2097 2110 2349 2175 ratione

399 2199 619 2284 possit
658 2198 903 2275 vivere,
952 2196 1063 2261 hic
1102 2196 1187 2261 ad
1228 2216 1349 2263 vos
1436 2196 1842 2263 reficiscitur.
1930 2195 2351 2280 Colloquatur

396 2291 662 2351 tecum:
712 2281 1090 2348 admonebis
1131 2289 1210 2346 ut
1250 2281 1399 2348 vide
1443 2282 1593 2348 itur.
1682 2281 1906 2364 Quum
1945 2304 1987 2348 a
2028 2303 2134 2347 me
2176 2302 2350 2348 eom·

396 2368 898 2435 mendationem
928 2368 1259 2451 flagitaret
1288 2368 1604 2434 Antonius
1641 2367 2017 2434 flamiam
2053 2367 2349 2446 maritus,

398 2477 525 2541 ego
550 2452 634 2521 de
668 2455 811 2520 eius
846 2455 1112 2519 levitate
1145 2461 1214 2519 et
1246 2452 1377 2519 illis
1412 2453 1778 2519 actionibus
1812 2474 2045 2537 parum
2080 2452 2349 2531 decoris,

398 2561 577 2626 quas
632 2539 950 2605 memoria
1002 2546 1204 2616 tenes,
1261 2546 1655 2621 conquestus
1709 2559 1876 2605 sum.
1967 2538 2074 2605 Ad
2130 2548 2348 2605 extre-

398 2648 596 2694 mum
637 2627 1037 2709 scripturum
1080 2644 1187 2689 me
1230 2625 1446 2709 recepi
1500 2626 1568 2690 in
1612 2625 1786 2690 hunc
1828 2633 2086 2690 tantum
2129 2626 2349 2701 finem,

397 2721 480 2778 nt
544 2733 622 2778 se
676 2711 797 2811 tibi
852 2710 1319 2778 reconciliaret.
1411 2709 1586 2811 ‚Dixi
1650 2710 1823 2794 quod
1887 2733 1993 2812 res
2058 2717 2219 2787 erat,
2286 2718 2351 2774 te

399 2795 1103 2949 ffipffibllissaffi
1132 2817 1360 2965 ῗιῗὲᾁᾱ
1373 2805 1666 2966 ἳοῖἓὲῗ
1720 2795 2353 2961 Ρῧᾶᾶοἶῖῗέᾶῗῖιωῗ

401 2979 473 3036 et
516 2968 729 3036 amice
781 2968 1217 3052 integerrime.
1318 2968 1545 3034 Nostri
1597 2988 1825 3034 omnes
1879 2974 1947 3033 te
2002 2967 2353 3051 diligenter

400 3055 707 3121 salutant
748 3074 899 3120 eum
942 3052 1205 3130 familia,
1249 3074 1446 3137 quum
1491 3073 1637 3118 meo
1679 3056 1874 3119 etiam
1929 3054 2194 3119 nomine
2248 3071 2351 3117 sa-

399 3140 672 3208 lutabis.
761 3139 1098 3217 Genevae,
1148 3142 1243 3203 15.
1289 3140 1597 3206 Deccmb.
1652 3146 1829 3205 1544.

1410 3275 1690 3344 Ioannes
1734 3275 2052 3344 Calvinus
2095 3283 2266 3343 tuus.

1308 3787 1461 3860 598.

398 3943 843 4016 mmsrm
887 3939 1506 4011 enunmnsns
1542 3893 2350 4008 Nnocounusisns

585 4115 815 4184 (bontra
888 4113 1242 4198 capannas·
1306 4113 1631 4195 epistolam
1695 4132 1897 4194 nuper
1960 4109 2219 4178 allatam
2283 4110 2350 4175 in

398 4457 735 4540 (Exemplar
781 4457 1154 4540 authenticum
1206 4471 1368 4508 mann
1419 4453 1629 4509 scribae
1682 4454 1855 4509 nitide
1899 4459 2178 4535 exaratum
2230 4468 2351 4507 enm

395 4529 618 4584 subseri
660 4527 898 4608 tionibus
933 4532 1213 4597 pastorum
1248 4522 1646 4605 Genevensium
1691 4521 2040 4645 autogr-ophis
2079 4526 2261 4574 exstat
2293 4521 2349 4576 in

557 4596 594 4649 b
694 4595 888 4656 (theca
919 4600 1200 4665 pastorum
1235 4590 1684 4646 Neoeomonnum
1725 4591 1810 4646 Vo
1833 4630 1847 4645 .
1883 4591 1953 4644 Δ.
1988 4589 2058 4644 N.
2095 4588 2203 4657 14.)

580 4780 921 4850 Fidelibus
955 4781 1224 4848 Domini
1258 4780 1469 4847 nostri
1501 4777 1654 4846 Iesu
1692 4779 1942 4847 Christi
1985 4779 2196 4846 servis
2239 4781 2351 4865 qui

396 4871 479 4940 in
526 4870 842 4937 comitatu
883 4867 1310 4934 Neoeomensi
1362 4864 1702 4934 Christum
1757 4866 2163 4932 annunciant
2213 4864 2348 4931 fra-

394 4955 624 5025 tribus
667 4963 734 5022 et
776 4953 1161 5040 symmystis
1201 4951 1572 5020 carissimis.

619 5247 683 5379 925>

716 5250 787 5375 ἓξ

774 5245 954 5374 Ἱῗῗὲ
983 5243 1287 5372 ffl‘m
1320 5317 1483 5380 uque
1514 5305 1614 5367 ma
1645 5307 1715 5366 aa
1748 5324 1862 5380 qua
1896 5305 2115 5377 mm,
2150 5313 2266 5364 m.
2296 5305 2352 5378 5,

666 5389 680 5404 ⁹
883 5377 1932 5450 mahhcmw'ymdaenmt.

594 5388 677 5444 ε·

708 5401 883 5459 ξ

404 5397 567 5459 ΜΘ

2096 467 2256 531 1544
2301 463 2709 532 DEOEMB.

4273 473 4406 543 806

2629 652 2892 719 Caritas
2937 652 3064 719 Dei
3106 659 3177 719 et
3217 654 3433 740 gratia
3473 655 3728 722 Christi
3777 664 3847 723 et
3896 660 4398 731 communicatio

2455 739 2729 823 spiritus
2786 740 2999 804 saneti
3054 740 3240 806 vobis
3301 760 3560 826 semper
3621 752 3962 828 augeatur,
4027 746 4264 813 fratres
4325 749 4402 816 in

2456 824 2724 892 Christo
2768 822 3193 890 dilectissimi.

2627 910 2821 992 Quod
2875 933 2916 977 a
2970 909 3274 977 fidelibus
3329 910 3640 979 eeclesiae
3695 914 3823 979 Dei
3873 914 4195 982 ministris
4252 918 4398 983 fieri

2451 997 2760 1079 oportuit,
2805 1018 2928 1062 nos
2969 996 3040 1061 in
3084 1005 3311 1062 vestra
3351 1018 3551 1063 causa
3605 1020 3818 1082 nuper
3870 1020 3912 1064 a
3952 1002 4138 1068 vobis
4181 1006 4395 1087 rogati

2450 1082 2918 1165 praestitimus,
2946 1082 2995 1166 ¹)
3051 1103 3180 1148 non
3238 1082 3433 1147 aliter
3475 1104 3670 1167 quam
3712 1086 3780 1150 in
3823 1096 4051 1152 nostra
4091 1089 4235 1153 fieri
4277 1109 4394 1155 eu-

2450 1187 2775 1250 petemus.
2845 1166 3377 1234 Deliberavimus
3409 1169 3589 1234 enim
3624 1191 3758 1235 non
3802 1171 4020 1250 semel,
4065 1181 4136 1237 et
4165 1194 4395 1256 quam-

2451 1253 2557 1319 vis
2592 1254 2658 1318 in
2695 1263 3002 1337 promptu
3036 1253 3416 1336 responderi
3453 1274 3642 1336 posse
3674 1255 4127 1338 indicaremus,
4173 1269 4398 1326 tamen

2451 1338 2804 1403 maluimus
2844 1339 2918 1403 in
2956 1350 3322 1405 conventus
3364 1341 3569 1405 nostri
3623 1340 3796 1406 diem
3852 1341 3920 1407 id
3975 1342 4257 1425 differre,
4316 1353 4397 1412 nt

2451 1424 2779 1502 omnium,
2835 1424 2891 1489 si
2947 1424 3093 1489 fieri
3142 1433 3391 1509 posset,
3445 1427 3774 1491 sententia
3826 1439 4186 1512 rogaretur.
4288 1431 4395 1498 Re

2450 1511 2694 1574 iterum
2716 1509 3052 1593 proposita
3072 1519 3141 1576 et
3174 1510 3348 1575 ultro
3389 1509 3679 1594 citroque
3722 1511 4083 1596 disceptata
4123 1536 4199 1583 ac
4241 1536 4393 1583 ver-

2452 1605 2599 1661 sata
2640 1596 2709 1660 in
2752 1616 2980 1660 omnes
3032 1605 3272 1679 partes,
3329 1617 3524 1662 nemo
3581 1597 3706 1662 fuit
3760 1600 4025 1664 omnino
4078 1601 4188 1683 qui
4244 1621 4391 1668 eam

2450 1701 2768 1746 censurae
2834 1681 3128 1760 formam,
3146 1683 3201 1754 ⁰²)
3269 1701 3467 1767 quam
3530 1681 3613 1747 ad
3677 1704 3796 1749 vos
3847 1685 4246 1769 scripsimus,
4313 1695 4393 1753 ut

2450 1766 2933 1833 sanctissimam
2954 1786 3089 1832 non
3113 1768 3543 1834 vehementer
3568 1770 3976 1852 approbaret.
4051 1771 4390 1840 Hactenus

2452 1852 2628 1918 enim
2669 1853 2768 1917 ita
2807 1853 2911 1919 usi
2964 1874 3189 1919 sumus
3243 1875 3378 1918 non
3432 1854 3573 1919 sine
3627 1875 3865 1939 magno
3916 1855 4153 1934 fructu,
4212 1877 4391 1924 eam·

2451 1958 2579 2022 que
2621 1937 2782 2003 adeo
2825 1940 3257 2005 necessariam
3301 1948 3611 2023 putamus
3663 1949 3740 2005 ut
3781 1942 3924 2007 sine
3966 1963 4047 2007 ea
4089 1941 4205 2008 diu
4259 1963 4392 2010 non

2451 2023 2658 2106 possit
2713 2033 2922 2090 status
2976 2024 3287 2092 ecelesiae
3340 2026 3710 2091 consistere.
3820 2028 3919 2094 Ac
3974 2028 4161 2095 vobis
4214 2028 4393 2096 idem

2451 2109 2666 2175 videri
2731 2118 2800 2175 et
2862 2110 2990 2176 scri
3040 2117 3111 2176 ta
3175 2120 3402 2176 nostra
3463 2110 3725 2195 probari
3792 2133 3924 2177 non
3989 2112 4391 2181 dubitamus:

2451 2205 2910 2279 praeterquam
2955 2216 2995 2260 a
3082 2217 3212 2261 uno
3254 2215 3297 2260 a
3334 2217 3463 2278 quo
3503 2195 3934 2281 intelligimus
3975 2208 4178 2265 totam
4221 2200 4395 2269 hanc

2451 2280 2853 2366 tragoediam
2895 2289 3286 2348 commotam
3329 2301 3489 2347 esse.

2627 2368 2944 2452 Legimus
2966 2368 3141 2432 enim
3164 2367 3390 2433 literas
3410 2369 3468 2450 ⁸)
3505 2388 3667 2450 quas
3704 2387 3920 2450 nuper
3951 2367 4035 2433 ad
4062 2367 4396 2437 Calvivmm

2451 2453 2725 2517 fratrem
2772 2462 3066 2518 nostrum
3111 2452 3309 2532 dedit,
3353 2451 3591 2536 quibus
3625 2454 3996 2536 proterviae
4031 2475 4106 2520 ac
4128 2455 4395 2521 temeri·

2453 2539 2608 2604 tatis
2650 2558 2809 2604 suae
2850 2538 3111 2624 insigne
3159 2538 3625 2605 documentum
3672 2540 3956 2622 praebet.
4045 2540 4216 2605 Nam
4258 2561 4395 2607 non

2453 2623 2664 2689 solum
2707 2623 2980 2689 consilia
3023 2631 3248 2690 nostra
3304 2625 3588 2690 fastuose
3642 2623 3851 2689 reiicit
3903 2635 4097 2708 atque
4149 2626 4394 2709 impro-

2452 2709 2588 2786 bat,
2632 2707 2746 2774 sed
2791 2730 2908 2774 nos
2953 2710 3151 2775 etiam
3197 2722 3314 2775 aut
3357 2729 3474 2793 pro
3528 2711 3749 2794 pueris
3807 2709 4020 2790 habet,
4079 2720 4193 2776 aut
4251 2709 4395 2778 Gal·

2451 2794 2671 2859 vinum
2703 2804 2966 2861 accusat
2998 2796 3162 2862 falsi.
3184 2798 3244 2880 ⁴)
3322 2797 3497 2862 Eum
3532 2815 3728 2879 porro
3767 2803 3902 2861 tam
3948 2796 4207 2880 stupido
4249 2817 4396 2866 esse

2454 2880 2722 2963 ingenio
2775 2901 2912 2945 non
2976 2882 3443 2960 existimamus,
3509 2889 3587 2947 ut
3636 2889 3829 2966 putet
3886 2879 4214 2948 Calvimom
4273 2903 4396 2950 suo

2457 2966 2746 3043 arbitrie,
2790 2987 2921 3032 non
2967 2968 3261 3032 omnium
3316 2977 3611 3032 nostrum
3663 2988 3986 3033 consensu
4040 2977 4107 3034 et
4158 2966 4396 3034 volun·

2458 3056 2595 3115 tate
2638 3051 2995 3136 scripsisse.
3085 3052 3180 3118 Ut
3237 3054 3413 3119 enim
3470 3051 3764 3120 Farellus
3821 3061 4040 3118 vestro
4095 3052 4396 3120 omnium

2457 3136 2723 3201 nomine
2767 3138 3046 3222 scripsit,
3092 3138 3185 3204 sic
3231 3136 3529 3203 Galam
3583 3153 3807 3203 nostro
3859 3145 3930 3204 et
3969 3158 4288 3205 consensu
4327 3145 4399 3206 et

2455 3222 2771 3288 mandato
2816 3222 3169 3306 respondit.
3258 3220 3684 3289 Stolidissimi
3739 3231 3912 3289 esset
3965 3224 4268 3303 hominis,
4323 3223 4399 3292 id

2458 3307 2647 3373 cuius
2689 3308 3287 3373 manifestissimum
3336 3307 3509 3391 apud
3554 3328 3626 3374 se
3668 3308 4041 3392 exemplum
4088 3310 4282 3391 videt,
4322 3310 4398 3377 in

2458 3392 2608 3458 aliis
2653 3414 2779 3458 non
2826 3413 3198 3477 agnoscere.
3298 3391 3448 3474 Quo
3501 3394 3578 3459 fit
3630 3403 3706 3459 ut
3753 3395 4221 3477 perspiciamus
4269 3416 4396 3463 nos

2457 3498 2687 3544 omnes
2742 3478 2864 3545 sub
2921 3476 3168 3543 Caluini
3220 3480 3486 3545 nomine
3539 3479 3673 3562 peti
3723 3488 3794 3544 et
3846 3480 4153 3547 aeeusaii.
4241 3481 4398 3564 Qua

2457 3584 2616 3630 vero
2677 3561 3088 3646 impudentia
3139 3564 3503 3630 etiamnum
3559 3565 3767 3632 bonus
3818 3564 3933 3630 ille
3988 3566 4091 3630 vir
4138 3566 4395 3635 hiscere

2457 3648 2676 3728 audet,
2744 3667 2865 3715 nec
2927 3650 3144 3732 potius
3198 3650 3457 3733 eulpam
3499 3671 3686 3716 suam
3744 3650 4081 3736 agnoscit?
4170 3651 4395 3733 Quum

2457 3734 2875 3801 ecelesiarum
2919 3734 3161 3802 iudicio
3204 3756 3347 3800 sese
3387 3736 3778 3814 submiserit,
3838 3736 4119 3802 audetne
4162 3735 4396 3804 adver-

2457 3840 2570 3886 sus
2625 3841 2737 3886 eas
2791 3822 2885 3887 sic
2936 3820 3321 3906 insurgere?
3418 3820 3867 3903 Improbitatis
3920 3821 4089 3886 forte
4140 3842 4298 3888 suae
4354 3842 4398 3890 a

2457 3906 2646 3972 nobis
2690 3906 3230 3991 approbationem
3268 3915 3336 3971 et
3387 3905 3946 3972 confirmationem
4003 3906 4394 3990 requirebat.

2460 3989 2705 4054 Annon
2771 3991 3182 4077 intelligebat
3242 4012 3363 4057 nos
3423 3990 3591 4056 tales
3655 4011 3798 4056 esse
3863 3990 3976 4074 qui
4051 3991 4400 4061 hominum

2457 4078 2824 4157 proterviae
2886 4089 2956 4143 et
3026 4076 3412 4144 insolentiae
3477 4075 3825 4160 suffragari
3888 4094 4010 4141 nec
4072 4078 4400 4159 possimus

2455 4180 2580 4225 nec
2621 4158 2990 4242 debeamus,
3034 4161 3148 4229 sed
3183 4164 3397 4246 potius
3431 4161 3915 4246 repurgandam
3946 4161 4178 4226 talium
4209 4183 4394 4231 erro·

2454 4263 2605 4310 rum
2653 4265 2905 4312 veneno
2953 4248 3288 4314 ecclesiam
3325 4245 3731 4315 iudicemus?
3818 4248 3926 4314 An
3960 4247 4238 4331 putabat
4268 4268 4394 4316 nos

2455 4339 2911 4410 assentatores,
2955 4352 3087 4397 non
3131 4335 3258 4399 Dei
3299 4334 3635 4400 ministros
3677 4353 3838 4410 esse,
3891 4339 3969 4398 ut
4024 4333 4221 4398 unius
4273 4331 4391 4400 ho—

2455 4417 2654 4482 minis
2696 4417 3053 4483 vanitatem
3090 4428 3313 4484 saneto
3346 4419 3658 4486 eeclesiae
3690 4418 3989 4484 instituto
4029 4417 4393 4502 praeferre-

2454 4501 2650 4568 mus?
2737 4506 2835 4567 At
2876 4502 3152 4569 clariora
3197 4504 3555 4587 scripturae
3612 4503 3990 4569 testimonia
4045 4501 4389 4572 desiderat.

2455 4586 2635 4669 Quid
2711 4608 2866 4653 vero
2941 4586 3181 4654 clarius
3244 4609 3441 4672 quam
3502 4587 3672 4673 qnod
3736 4588 3818 4654 de
3883 4587 4392 4672 reprehensione

2454 4674 2640 4739 Petri
2705 4686 2774 4739 et
2826 4673 3018 4740 Pauli
3133 4673 3478 4738 retulimus
3491 4723 3509 4752 ,
3573 4672 3657 4739 de
3721 4672 4105 4758 presbytero
4165 4691 4391 4743 coram

2453 4760 2759 4827 omnibus
2827 4693 3203 4844 arguendo?
3301 4758 3537 4824 Nonne
3599 4757 3762 4824 haee
3818 4769 3974 4826 sunt
4028 4761 4391 4846 scripturae

2491 4967 2622 5026 ⁶³⁹3·
2661 4968 2722 5097 ἐξ
2757 4961 3159 5088 ffia‘ffimoe.
3189 5029 3369 5087 aaa.
3412 5028 3531 5084 νοι.
3567 5029 3642 5083 x.
3681 5027 3747 5084 P.
3785 5029 3841 5085 ι.
3869 5049 3926 5098 p.
3967 5029 4054 5084 is.

2526 5102 2848 5296 ..L
2760 5099 3461 5307 ῗᾰῧῖτῗείτιτ
3505 5166 4144 5292 ‘rw-“mma
4190 5184 4390 5253 τ’·

2456 5244 2511 5295 R.

2664 5171 2700 5224 ,μ

3872 5461 3974 5516 51*
