5050 6167
373 424 483 486 221

370 608 834 695 periclitantur,
870 608 1049 674 vitae
1080 616 1328 692 parcat,
1364 628 1603 692 eosque
1624 609 1917 676 dimittat
1935 606 2313 675 incolumes.

371 694 690 762 Audimus
734 694 995 778 quidem
1039 693 1381 760 nonnullis
1422 696 1517 761 ita
1569 695 1837 761 veniam
1894 694 2180 772 concedi,
2239 702 2318 759 ut

372 781 677 848 abiiciunt
724 781 1195 847 confessionem
1249 779 1620 862 doctrinae,
1686 802 1885 865 quam
1948 781 2078 864 ipsi
2140 782 2317 864 piam

371 889 506 934 esse
555 888 686 932 non
744 865 1078 932 dubitant:
1136 867 1308 949 quod
1378 888 1580 950 quum
1641 869 1853 934 facere
1907 869 2051 951 ipsa
2106 875 2317 931 morte

371 955 454 1020 sit
493 951 807 1031 acerbius,
865 973 1131 1017 oramus
1175 960 1253 1017 ut
1308 952 1474 1036 Reg.
1523 951 1693 1020 Cels.
1742 953 1975 1019 Vestra
2031 952 2096 1017 id
2156 973 2311 1035 quo-

410 1060 491 1104 ue
531 1046 801 1123 propter
836 1036 1057 1103 Deum
1092 1038 1373 1122 mitiget.
1440 1038 1668 1123 Neque
1701 1040 1964 1124 ignorat
1998 1040 2313 1105 Maiestas

423 1133 611 1203 estra,
647 1146 843 1207 quam
881 1144 1086 1208 grave
1120 1124 1209 1189 sit
1229 1124 1475 1207 aliquid
1497 1127 1881 1208 praesertim
1910 1126 1979 1190 iu
2002 1125 2315 1207 religione

368 1218 591 1277 contra
632 1211 1096 1277 conscientiam
1144 1210 1518 1292 approbare.
1607 1212 1759 1276 Erit
1812 1212 1972 1277 haec
2030 1212 2313 1276 clemen·-

364 1298 457 1362 tia
507 1305 696 1381 grata
744 1294 891 1361 Deo
947 1303 1015 1361 et
1066 1294 1337 1362 habebit
1387 1297 1681 1378 praemia
1737 1296 2080 1371 divinitus,
2144 1298 2315 1360 sicut

365 1382 670 1449 Psalmus
712 1382 950 1465 inquit:
997 1382 1246 1447 Beatus
1289 1382 1403 1464 qui
1440 1381 1754 1466 intelligit
1794 1403 1991 1466 super
2033 1402 2314 1465 egenum

366 1476 430 1532 et
489 1488 877 1552 pauperem,
954 1468 1027 1531 in
1092 1465 1197 1533 die
1273 1468 1451 1533 mala
1523 1467 1829 1533 liberabit
1891 1489 2041 1532 eum
2108 1466 2313 1532 Deus.

366 1552 589 1634 Quare
643 1563 720 1619 ut
770 1553 895 1618 hae
953 1553 1023 1618 in
1077 1574 1150 1618 re
1204 1574 1365 1635 erga
1419 1553 1691 1619 miseros
1735 1554 1899 1629 illos,
1944 1554 2316 1635 ubicunque

366 1640 516 1716 sint,
562 1662 631 1705 se
675 1640 1063 1706 clementem
1107 1648 1397 1721 praestet
1438 1639 1651 1722 Regia
1698 1640 2017 1704 Maiestas
2064 1638 2314 1716 Vestra,

363 1725 559 1790 etiam
602 1738 800 1806 atque
843 1726 1040 1790 etiam
1084 1745 1365 1789 oramus.
1464 1723 1674 1807 quue
1731 1727 1857 1790 erit
1910 1737 2055 1790 tum
2110 1723 2314 1801 nobis,

362 1817 501 1876 tum
547 1811 849 1876 omnibus
892 1811 1036 1876 istis
1079 1811 1191 1892 qui
1226 1810 1569 1876 nobiscum
1611 1810 1884 1876 eandem
1928 1810 2316 1892 religionem

360 1898 785 1980 profitentur,
851 1896 1128 1960 maximi
1192 1896 1491 1959 beneficii
1558 1896 1727 1974 loco,
1793 1897 2180 1978 praesertim
2257 1896 2314 1961 si

360 1982 809 2067 intelligamus
830 1982 977 2047 illos
998 1990 1227 2046 nostra
1245 1982 1712 2046 intercessione
1736 1983 1934 2047 fuisse
1968 1982 2313 2047 liberatos:

362 2076 426 2134 et
476 2067 655 2150 apud
710 2069 915 2133 bonos
969 2089 1197 2133 omnes
1255 2088 1387 2130 non
1429 2067 1775 2149 vulgarem
1820 2066 2205 2134 elementiae
2248 2076 2311 2132 et

357 2155 826 2220 moderationis
879 2153 1140 2218 laudem
1208 2152 1422 2236 Regia
1487 2153 1797 2237 Dignitas
1859 2152 2095 2218 Vestra
2146 2153 2312 2218 obti-

357 2240 556 2307 nebit.
645 2240 834 2305 Haeo
878 2241 933 2305 si
977 2240 1489 2321 impetrabimus,
1537 2239 2084 2321 quemadmodum
2144 2238 2314 2304 bona

358 2346 506 2409 spes
573 2334 705 2403 est,
772 2325 1185 2391 studebimus
1246 2324 1566 2401 vicissim,
1652 2325 1885 2407 quibus
1946 2323 2312 2408 poterimus

356 2411 589 2477 officiis
628 2431 952 2476 memores
997 2420 1064 2475 et
1107 2418 1332 2494 gratos
1377 2410 1629 2475 animos
1688 2411 1949 2489 testari,
2010 2422 2314 2494 optantes

353 2507 427 2561 ut
490 2498 679 2562 Deus
723 2495 878 2580 Opt.
944 2496 1121 2561 Max.
1187 2495 1358 2561 Cels.
1430 2494 1729 2561 Vestram
1787 2497 1901 2561 diu
1945 2506 2167 2563 servet
2207 2496 2309 2560 in-

353 2582 678 2648 eolumem
732 2591 802 2647 et
854 2583 1219 2647 florentem.
1343 2579 1558 2645 Datae
1633 2583 2040 2664 Ratisponae
2119 2581 2308 2665 xxiij.

352 2668 542 2749 Maii,
589 2687 765 2734 anno
808 2667 1209 2734 christianae
1252 2667 1486 2732 salutis
1528 2668 1620 2732 M.
1667 2668 1752 2732 D.
1799 2668 1993 2734 XLI.

971 2803 1333 2886 Principes,
1356 2804 1614 2887 Legati,
1640 2802 1888 2883 Status,
1926 2813 1994 2870 et
2024 2803 2311 2870 Ordines

1073 2890 1400 2955 coniuncti
1424 2895 1847 2974 Augustanae
1870 2891 2313 2956 Confessionis

1073 2978 1206 3040 iam
1260 2975 1665 3059 Ratispouao
1721 2979 2116 3062 congregati.
2135 2980 2192 3056 8)

1140 3235 1529 3246 ——o-w—

1253 3419 1403 3492 812.

580 3555 1000 3625 SENATUS
1047 3554 1634 3624 GENEVENSIS
1679 3557 2083 3626 SENATU]

1071 3659 1471 3728 TURICEN
1480 3660 1590 3728 SI.

524 3827 777 3914 Royant
835 3835 907 3896 ut
958 3831 1083 3896 sibi
1147 3833 1324 3914 apud
1380 3832 1937 3916 Aryentoralenses
1996 3833 2073 3899 de
2134 3834 2311 3900 resti-

342 3915 577 3983 tuendo
614 3914 875 3982 Calvino
903 3916 1255 3998 petentibus
1300 3919 1517 3985 adesse
1557 3919 1764 3985 velint.

343 4085 770 4209 &mogi-ephon
806 4085 876 4139 ad
913 4087 1169 4141 Senatum
1206 4089 1428 4142 missum
1465 4106 1572 4143 non
1624 4090 1927 4159 reperimus
1962 4091 2016 4143 in
2055 4090 2310 4144 Archivis

429 4158 754 4219 riceusnbus,
791 4171 978 4208 verum
1014 4157 1090 4209 ibi
1128 4166 1308 4209 exstat.
1342 4160 1621 4227 exemplar
1655 4159 2022 4211 authenticum
2046 4160 2311 4213 Ministris

342 4226 615 4279 traditum
651 4241 760 4277 una
792 4238 914 4277 cnm
950 4225 1125 4278 literis
1163 4226 1560 4281 Genevcnsium
1597 4229 1699 4280 sub
1737 4228 1831 4280 Nr.
1865 4226 1968 4280 315
2003 4228 2307 4297 descriptis,

345 4292 490 4415 Epf.
534 4293 655 4347 Vol.
690 4293 731 4346 1.
768 4309 914 4347 nuuc
947 4294 1092 4347 Plut.
1130 4294 1228 4347 Vl.
1249 4295 1339 4348 vol
1378 4295 1493 4358 105,
1528 4297 1620 4349 sol.
1654 4294 1776 4349 833.
1848 4297 2107 4349 Simlerus
2142 4297 2310 4350 habet

344 4362 430 4417 Vo
458 4400 472 4412 .
509 4360 599 4417 49.
622 4391 684 4401 —
705 4362 911 4415 Eadem
949 4364 1182 4431 epistola
1216 4365 1379 4417 missa
1415 4366 1518 4416 suit
1553 4367 1621 4417 ad
1659 4365 1982 4418 Basilicnscs
2019 4372 2076 4418 et
2104 4369 2307 4435 Argen-

345 4436 678 4484 toratenses.
709 4458 773 4468 —
798 4430 998 4484 Exstat
1033 4449 1250 4513 quoquc
1280 4449 1313 4484 a
1332 4435 1633 4486 recentiore
1671 4452 1833 4486 mauu
1855 4436 1906 4485 in
1936 4433 2075 4487 Bibl.
2103 4435 2307 4489 Gener.

346 4498 477 4554 Cod-
522 4498 640 4566 111,
690 4499 780 4552 sol.
817 4500 886 4553 51
940 4509 997 4553 et
1049 4516 1104 4553 in
1152 4500 1405 4553 Archivis
1454 4502 1610 4555 Beru.
1672 4504 1810 4571 Epp.
1866 4502 1925 4555 Τ.
1976 4502 2065 4555 v1.
2121 4519 2174 4572 p.
2220 4502 2306 4557 45.

674 4568 842 4622 Edita
876 4577 960 4622 est
995 4585 1080 4638 ap.
1117 4569 1305 4640 fleury
1342 4570 1491 4623 Tom.
1530 4570 1568 4624 1.
1606 4573 1749 4641 App.
1785 4587 1839 4640 p.
1876 4568 1986 4635 75.)

525 4737 930 4805 Clarissimis
999 4741 1602 4824 potentissimisque
1666 4742 2115 4827 Principibus,
2184 4741 2307 4808 Do.

350 4824 634 4892 Consuli
655 4836 723 4889 et
745 4824 1020 4892 Senatui
1058 4827 1240 4926 urbis
1276 4827 1759 4926 Tigurineusis,
1799 4830 2023 4894 amicis
2065 4830 2312 4894 nostris

1100 4927 1560 4996 mtegerrums.

530 5047 820 5113 rl'amctsi
882 5049 955 5113 in
1034 5047 1200 5115 urbo
1262 5060 1489 5117 nostra
1551 5050 1660 5115 vel
1722 5070 1762 5114 a
1825 5050 2062 5136 viginti
2117 5052 2311 5118 annis

565 5269 623 5328 3)
661 5269 930 5324 Adoreus
961 5269 1226 5339 epistolae
1265 5270 1393 5325 Vin·
1427 5272 1576 5326 docti
1608 5271 2089 5327 Melancwzonem
2214 5275 2228 5286 ”
2283 5288 2313 5328 e

346 5337 646 5406 porum
671 5348 742 5408 (v.
768 5338 1097 5395 Gen-domm
1132 5345 1186 5395 et
1218 5339 1763 5411 Brasos-teiam)
1779 5346 1964 5398 tamen
1995 5341 2064 5409 cf.
2150 5384 2163 5398 .
2188 5343 2310 5397 321.

2146 423 2305 485 1541
2354 417 2589 485 MAII.

4245 427 4368 491 222

2420 610 2590 674 citra
2645 608 2850 674 variis
2913 606 3179 691 quidem
3247 630 3323 674 ac
3380 608 3691 693 gravibus
3752 610 4053 694 procellis
4130 613 4376 680 turbati

2419 694 2755 772 fuerimus,
2801 714 2841 758 o
2883 694 3215 777 principes
3257 693 3704 771 illustrissimi,
3752 695 3956 762 nullis
3996 707 4220 763 tamen
4268 706 4373 766 tu-

2420 779 2736 845 multibus
2793 779 3221 845 seditionibus
3276 790 3472 863 atque
3541 781 3851 863 periculis
3907 781 4106 848 talem
4161 787 4372 851 cervi-

2421 867 2603 931 cibus
2659 866 2899 930 nostris
2952 866 3323 949 impositam
3377 866 3508 930 Dei
3568 866 3736 931 iram
3802 870 4056 951 experti
4122 892 4371 950 sumus,

2420 973 2615 1034 quam
2652 951 2832 1017 hisce
2867 951 3058 1015 annis
3094 953 3389 1034 proxime
3423 953 3640 1027 fluxis,
3690 963 4114 1036 posteaquam
4148 956 4372 1022 factio-

2419 1058 2644 1102 sorum
2698 1037 3280 1120 seditiosorumque
3332 1036 3674 1102 hominum
3730 1046 3871 1103 arte
3926 1050 3993 1104 et
4035 1041 4372 1108 machina-

2418 1122 2707 1188 tionibus
2761 1122 2987 1187 fideles
3042 1125 3248 1188 nostri
3304 1133 3598 1206 pastores
3653 1145 3728 1190 ac
3783 1125 4067 1190 ministri
4110 1127 4373 1211 (quibus

2419 1219 2646 1289 metra
2691 1207 2855 1274 haec
2908 1207 3182 1275 ecclesia
3224 1208 3503 1274 fundata
3566 1219 3940 1275 constructa
3983 1220 4176 1294 atque
4215 1235 4372 1279 con-

2419 1306 2681 1360 servata
2725 1295 2919 1377 longo
2951 1296 3256 1378 'tempore
3299 1315 3543 1379 magna
3572 1296 3836 1378 quidem
3862 1300 3907 1373 ¹)
3933 1299 4372 1366 consolatione

2421 1378 2995 1463 aedificationcque
3050 1380 3294 1462 fuerat)
3347 1381 3570 1463 inique
3626 1383 3951 1465 profligati
4005 1376 4373 1469 magnaque

2420 1466 2896 1549 ingratitudine
2951 1466 3174 1531 reiecti
3227 1468 3530 1544 suerunt,
3596 1468 3969 1550 praeteritis
4039 1469 4231 1551 plane
4295 1490 4372 1537 ac
4448 1495 4454 1502 ·

2421 1551 2643 1617 oblitis
2697 1552 2926 1636 gratiis
2980 1560 3048 1617 et
3101 1552 3432 1618 beneficiis
3484 1551 3663 1617 haud
3731 1575 3889 1618 sane
3969 1555 4370 1639 vulgaribus,

2419 1657 2589 1720 quae
2631 1658 2672 1702 a
2713 1637 3002 1702 Domino
3045 1637 3282 1702 horum
3340 1638 3706 1703 ministerio
3761 1639 4174 1706 obtinuimus.
4263 1641 4372 1709 Ab

2420 1744 2497 1787 ea
2541 1724 2718 1787 euim
2761 1721 2928 1788 hora
2971 1743 3100 1805 qua
3142 1724 3331 1789 eiecti
3389 1723 3657 1789 fuerunt
3709 1725 3877 1790 nihil
3981 1734 4194 1791 raeter
4232 1748 4371 1792 mo-

2420 1809 2644 1875 lestias
2718 1809 3099 1874 iuimicitias
3173 1809 3325 1874 lites
3403 1811 3850 1876 contentiones
3963 1812 4373 1881 issolutiones

2419 1893 2771 1959 seditiones
2813 1896 3129 1960 factiones
3171 1904 3240 1960 et
3281 1893 3633 1961 homicidia
3672 1896 4039 1976 habuimus,
4094 1896 4254 1964 adeo
4296 1906 4374 1965 ut

2416 1982 2549 2045 iam
2609 2001 2817 2063 paene
2871 1981 3089 2046 obruti
3135 1982 3503 2059 fuissemus,
3549 1983 3673 2045 nisi
3732 1980 4062 2049 Dominus
4116 1985 4372 2050 miseri-

2417 2065 2641 2131 cordia
2691 2087 2810 2131 sua
2868 2066 3148 2150 benigne
3212 2089 3334 2132 nos
3394 2068 3672 2132 intuitus
3735 2069 4009 2133 fratrom
4072 2080 4372 2138 nostrum

2434 2151 2729 2229 Viretum,
2774 2153 2882 2235 qui
2928 2164 2996 2217 et
3037 2153 3194 2217 olim
3237 2153 3440 2218 fidum
3488 2153 3595 2219 hic
3637 2153 3775 2236 egit
3828 2162 4183 2236 pastorem,
4249 2158 4372 2222 mi-

2416 2239 2613 2304 sisset
2659 2236 2741 2302 ad
2800 2239 3114 2303 miserum
3171 2258 3474 2323 gregem,
3528 2239 3627 2303 ita
3680 2239 4044 2321 dispersum
4116 2253 4189 2306 ut
4254 2244 4371 2309 vix

2417 2324 2620 2388 ullam
2677 2324 2959 2406 amplius
3012 2345 3171 2408 prae
3223 2345 3295 2389 se
3349 2327 3550 2389 ferret
3601 2324 3910 2390 eeclesiae
3963 2326 4216 2405 faciem,
4261 2349 4368 2394 re-

2416 2409 2874 2492 colligendum.
2986 2414 3436 2493 Agnoscentes
3500 2410 3704 2493 igitur
3764 2420 4025 2475 tantum
4080 2410 4211 2478 Dei
4262 2414 4367 2479 fn-

2415 2516 2631 2559 rorem
2678 2496 2801 2560 hoc
2843 2494 2990 2560 ideo
3027 2517 3229 2579 super
3264 2517 3382 2560 nos
3405 2496 3692 2574 irruisse,
3729 2496 3900 2578 quod
3925 2498 4018 2562 sic
4039 2495 4370 2565 Dominus

2417 2592 2641 2645 noster
2696 2580 2884 2647 Iesus
2936 2580 3244 2648 Christus
3295 2581 3366 2645 in
3421 2582 3686 2647 famulis
3739 2601 3815 2646 ae
3872 2582 4190 2650 ministris
4232 2586 4371 2651 suis

2417 2667 2698 2731 reiectus
2741 2686 2817 2731 ac
2861 2677 3232 2732 contemtus
3284 2667 3511 2746 fuerit,
3562 2688 3808 2749 nosque
3862 2668 4169 2753 indignos
4227 2691 4371 2737 esse

2417 2754 2531 2835 qui
2576 2753 2720 2818 veri
2763 2753 2904 2819 eius
2950 2752 3250 2837 discipuli
3294 2774 3581 2835 unquam
3640 2751 4029 2834 habeamur,
4085 2755 4191 2820 vel
4244 2777 4371 2822 un-

2417 2860 2614 2921 quam
2672 2838 2959 2904 habituri
3017 2839 3226 2904 simus
3282 2839 3353 2902 in
3410 2838 3740 2922 republica
3791 2848 4017 2904 nostra
4057 2841 4369 2924 requiem,

2418 2925 2542 2989 nisi
2590 2923 2982 2989 offendicula
3024 2923 3187 2991 haec
3225 2924 3543 2990 resarcire
3599 2945 3940 3001 conemur,
3999 2947 4127 3009 quo
4181 2947 4372 2993 sano-

2417 3010 2654 3075 tissimi
2698 3010 3063 3094 evangelici
3106 3010 3454 3075 ministerii
3499 3010 3710 3076 honor
3744 3009 4110 3096 condignus
4155 3010 4372 3081 debite

2415 3098 2823 3161 restituatur.
2894 3095 3206 3178 Nihilque
3224 3095 3560 3162 ardentius
3582 3099 3911 3162 communi
3932 3098 4191 3181 quidem
4215 3118 4371 3164 con-

2416 3204 2617 3248 sensu
2685 3181 3161 3263 desideramus,
3229 3203 3428 3264 quam
3503 3190 3580 3248 ut
3656 3184 3890 3249 fratres
3950 3193 4018 3247 ot
4079 3184 4371 3250 ministri

2415 3269 2622 3333 nostri
2669 3268 2741 3332 in
2781 3268 3139 3351 pristinum
3184 3276 3430 3332 statum
3471 3269 3542 3333 in
3589 3268 3713 3334 hac
3770 3268 3853 3334 ad
3912 3291 4109 3353 quam
4153 3270 4370 3338 vocati

2414 3375 2453 3418 a
2495 3355 2640 3419 Deo
2685 3355 2950 3418 fuerant
2991 3352 3263 3420 ecclesia
3306 3354 3755 3419 restituantur.

2587 3437 2804 3521 Quam
2841 3440 2921 3504 ob
2957 3461 3117 3517 rem,
3153 3438 3595 3506 colendissimi
3629 3438 3918 3520 Domini,
3952 3462 4071 3508 vos
4112 3439 4370 3508 Christi

2414 3527 2678 3591 nomine
2742 3547 3083 3611 rogamus,
3143 3536 3466 3609 quatenus
3523 3525 3942 3592 ecclesiarum
3998 3528 4243 3593 bonum
4301 3535 4369 3594 et

2413 3612 2694 3677 salutem
2736 3612 3074 3695 quaeritis,
3118 3622 3197 3676 ut
3228 3612 3709 3678 illustrissimos
3745 3613 4073 3696 principes
4105 3614 4367 3698 Argen-

2413 3699 2707 3763 tinenses
2763 3697 2974 3763 nostri
3031 3698 3245 3782 gratia
3296 3719 3531 3781 rogare
3570 3720 3936 3782 urgereque
3980 3698 4363 3783 dignemini,

2413 3804 2545 3866 quo
2589 3803 2710 3849 sua
2750 3805 2909 3868 erga
2960 3804 3082 3848 nos
3138 3784 3598 3849 benevolentia
3650 3807 3782 3850 non
3839 3785 4051 3849 solum
4094 3785 4367 3851 statrem

2414 3884 2714 3934 nostrum
2777 3869 3109 3935 Calvinum
3164 3869 3352 3935 nobis
3394 3868 3697 3950 reddant,
3756 3891 3957 3953 quum
3977 3874 4032 3945 ²)
4077 3872 4367 3938 maxime

2415 3955 2603 4019 nobis
2648 3956 2736 4020 sit
2776 3956 3207 4035 necessariuS,
3253 3965 3321 4020 et
3364 3976 3403 4021 a
3444 3956 3684 4039 populo
3729 3965 3950 4021 nostro
3997 3964 4130 4020 tam
4176 3957 4365 4022 avide

2414 4048 2792 4123 expetatur:
2816 4040 2871 4126 ³)
2907 4062 3139 4107 verum
3185 4042 3383 4107 etiam
3418 4042 3545 4125 ipsi
3569 4041 3649 4106 ad
3684 4040 3857 4107 hanc
3886 4042 4365 4127 suscipiendam

2413 4127 2824 4208 provinciam
2868 4135 2936 4192 et
2977 4126 3108 4193 huc
3151 4149 3347 4210 quam
3390 4128 3776 4193 brevissime
3826 4127 4084 4192 licuerit
4119 4128 4364 4209 venire,

2419 4211 2753 4277 Calvinum
2768 4212 2827 4297 ⁴)
2884 4234 3122 4296 urgere
3173 4222 3242 4278 et
3296 4213 3364 4276 id
3422 4214 3484 4278 ei
3539 4211 3929 4296 persuadere
3987 4213 4361 4296 dignentur.

2414 4297 2637 4363 Nostis
2680 4297 2942 4381 quidem
2987 4319 3183 4381 quam
3227 4300 3576 4364 necessarii
3618 4303 3752 4365 sint
3788 4297 3974 4364 nobis
4018 4299 4149 4363 viri
4192 4298 4366 4366 docti

2413 4403 2489 4447 ac
2525 4384 2638 4466 pii,
2684 4385 2941 4467 qualem
2977 4385 3280 4463 novimus
3307 4383 3638 4451 Calvinum
3659 4394 3726 4449 et
3745 4385 4027 4467 reliquos
4049 4385 4366 4467 pristinos

2414 4481 2707 4553 pastores
2766 4480 3054 4548 nostros,
3112 4491 3314 4554 quum
3379 4470 3488 4537 hic
3555 4470 3739 4555 velut
3802 4470 4037 4534 ostium
4107 4470 4367 4538 Galliae

2412 4556 2772 4638 Italiaeque
2830 4555 3069 4635 simus,
3129 4557 3309 4621 unde
3372 4559 3541 4622 mira
3597 4554 3958 4621 aedificatio
4018 4565 4132 4621 aut
4173 4559 4367 4622 ruina

2412 4642 2793 4725 contingere
2848 4652 3076 4724 potest.
3180 4643 3276 4707 At
3332 4663 3537 4725 quum
3592 4663 3674 4706 ex
3718 4641 3800 4706 iis
3843 4662 3918 4706 ac
3963 4640 4111 4708 aliis
4153 4644 4368 4726 regio-

2412 4727 2643 4803 nibus,
2713 4726 2822 4790 vel
2880 4728 3074 4792 etiam
3139 4727 3655 4806 circumviciniS,
3722 4726 4008 4810 quotidie
4085 4730 4366 4793 affluunt

2414 4811 2641 4889 multi,
2702 4824 2944 4895 quanto
2999 4833 3145 4879 cum
3192 4812 3424 4876 solutio
3484 4813 3901 4894 aedificioque
3951 4813 4246 4889 redeunt,
4307 4813 4364 4877 si

2415 4895 2646 4963 urbem
2713 4907 3002 4963 nostram
3077 4916 3154 4961 eo
3224 4918 3353 4981 quo
3412 4899 3597 4964 decet
3652 4898 3881 4962 ordine
3939 4901 4366 4983 compositam

2416 5057 2730 5066 ——ae—--ss

2448 5138 2580 5201 312.
2620 5139 2683 5266 ἑ),
2709 5138 2917 5259 ὑπαὶ
2952 5137 3190 5190 omnium
3224 5136 3371 5206 quod
3402 5136 3603 5193 habeut
3633 5152 3757 5193 σωκ.
3791 5138 4018 5205 Arm.

2623 5275 2683 5343 3)
2720 5226 3037 5398 Effectum
3072 5274 3132 5330 S.
3170 5277 3446 5345 expetitur
3476 5275 3555 5331 H.
3994 5345 4006 5356 ⁶

2624 5344 2687 5413 4)
2722 5346 2760 5400 C
2821 5362 3002 5399 vinum
3038 5359 3140 5401 σπι.
3175 5344 3404 5414 Ανροητ.
3441 5346 3722 5417 eoeempbr
3754 5344 4130 5401 antheum.
4129 5388 4143 5402 .
