5050 6167
747 422 867 487 ⁷31

917 606 1004 672 D.
1048 605 1289 672 Ioanni
1331 603 1613 673 Calvino
1658 602 1849 671 fratri
1890 625 2091 688 quam
2131 603 2471 670 carissimo

2240 688 2573 755 Genovae.

920 828 989 895 S.
1058 828 1373 906 Verebar,
1419 825 1592 911 quod
1635 826 1890 904 accidit,
1950 846 2035 889 ne
2079 826 2289 890 nostri
2333 847 2528 909 aegre
2571 824 2703 889 fer-

743 924 898 982 rent
954 914 1010 979 si
1066 914 1248 979 nullo
1303 936 1344 978 a
1396 914 1632 978 vestris
1688 912 2118 977 humanitatis
2174 911 2388 976 officio
2444 911 2701 994 excipe·

746 1011 991 1068 rentur.
1080 1000 1325 1066 Audivi
1391 1000 1566 1064 enim
1634 998 1715 1063 ab
1782 998 2008 1062 amicis
2071 996 2308 1062 alicubi
2430 996 2701 1062 uosdam

747 1095 1152 1169 conquestos.
1281 1083 1475 1167 Quod
1540 1093 1755 1148 autem
1821 1082 1937 1148 tibi
2005 1091 2309 1165 quaestor
2429 1103 2465 1146 e
2545 1082 2701 1145 vino

745 1176 944 1239 misso
989 1170 1324 1253 respondit
1357 1168 1707 1235 ridiculum
1743 1190 1885 1234 esse
1921 1168 2220 1246 arbitror,
2266 1188 2477 1251 neque
2521 1167 2700 1231 aliud

743 1260 818 1325 in
863 1267 1061 1325 causa
1101 1257 1301 1321 fuisse
1345 1256 1639 1340 suspicor
1671 1276 1868 1338 quam
1912 1254 2185 1319 istorum
2232 1261 2697 1335 contemptum.

745 1345 1100 1413 Caeterum
1144 1343 1345 1407 statui
1401 1342 1506 1406 die
1550 1342 1783 1406 Lunae
1838 1339 2074 1406 abhinc
2137 1348 2400 1416 octav0,
2458 1351 2573 1403 aut
2617 1338 2700 1403 ad

722 1427 1073 1496 ‘summum
1112 1428 1437 1510 perendie,
1473 1427 1626 1492 hinc
1667 1426 1919 1491 solvere
1940 1426 2231 1490 Bernam
2266 1425 2696 1507 profecturus.
2777 1433 2782 1436 ’

746 1520 858 1582 An
901 1526 967 1580 te
1021 1513 1326 1597 expediat
1381 1533 1636 1577 mecum
1689 1511 2039 1595 proficisci,
2095 1518 2249 1576 tuae
2306 1511 2700 1593 prudentiae

743 1603 1099 1669 committo.
1187 1600 1441 1663 Vereor
1496 1618 1581 1662 ne
1636 1596 2218 1662 calumniatoribus
2274 1596 2702 1679 praebeamus

744 1708 975 1752 ansam
1021 1682 1489 1760 calumniandi,
1547 1684 1731 1766 quasi
1788 1684 1965 1747 inter
2020 1704 2138 1749 nos
2182 1682 2588 1747 colludamus
2632 1689 2702 1745 et

743 1773 965 1839 omnia
1005 1774 1171 1836 fiant
1214 1768 1292 1834 dc
1337 1769 1712 1850 composite.
1802 1768 1973 1834 Rem
2018 1767 2192 1852 apud
2237 1776 2304 1833 te
2349 1767 2698 1849 expendes.

694 1869 699 1880 '
742 1857 1044 1942 Exposui
1086 1864 1386 1921 nostrum
1420 1854 1764 1919 consilium
1800 1853 2132 1932 fratribuS,
2179 1854 2259 1918 de
2304 1854 2701 1936 profectione

743 1944 1055 2011 Bernam.
1145 1943 1571 2015 Annuerunt,
1631 1939 1745 2004 sed
1804 1948 1880 2005 ut
1921 1940 2077 2004 hinc
2121 1940 2355 2023 pedem
2399 1959 2701 2003 moveam

744 2039 862 2095 aut
903 2025 1255 2095 concedam
1296 2047 1405 2090 me
1449 2027 1704 2105 vestris,
1761 2025 2137 2091 rarissimus
2179 2037 2281 2090 est
2323 2025 2433 2108 qui
2475 2045 2703 2090 assen-

743 2117 978 2181 tiatur:
1025 2111 1141 2178 sed
1185 2132 1319 2177 uno
1364 2132 1476 2177 ore
1519 2131 1745 2176 omnes
1795 2108 2265 2189 dissuaserunt,
2311 2118 2378 2175 et
2422 2131 2493 2175 se
2537 2131 2702 2174 non-

742 2200 911 2267 nihil
955 2198 1223 2283 indigne
1267 2198 1438 2262 ferre
1480 2197 1874 2273 indicarunt,
1922 2196 2092 2279 quod
2137 2198 2342 2262 vestri
2386 2196 2453 2260 id
2497 2194 2702 2279 petie-

742 2287 879 2353 rint
919 2283 1308 2349 inconsultis
1364 2283 1675 2348 fratribus
1731 2281 2064 2361 omnibus,
2165 2290 2383 2347 raeter
2438 2302 2703 2347 omnem

742 2369 1217 2439 ecclesiasticae
1269 2368 1649 2453 disciplinae
1706 2366 2019 2433 ordinem.
2175 2368 2200 2433 i
2254 2376 2577 2432 venturus
2633 2388 2703 2432 es

744 2466 860 2523 aut
903 2457 1289 2539 scriptume,
1335 2456 1436 2520 fac
1479 2454 1681 2520 sciam
1720 2454 1791 2517 in
1827 2461 2136 2537 tempore.
2206 2453 2355 2518 Non
2401 2453 2702 2517 differam

741 2543 1212 2629 profectionem
1256 2539 1433 2604 ultra
1476 2539 1649 2606 diem
1685 2540 1923 2608 Martis
1967 2540 2303 2621 proximae
2347 2537 2703 2603 hebdoma-

744 2629 847 2694 dis
891 2628 1020 2693 nisi
1059 2626 1240 2691 aliud
1284 2627 1552 2710 gravius
1596 2625 1926 2691 obstiterit
1967 2633 2231 2709 praeter
2272 2645 2475 2708 spem.
2506 2627 2554 2702 ¹)

915 2714 1253 2778 Diaconus
1309 2719 1533 2776 noster
1548 2710 1605 2796 ²)
1664 2712 1889 2776 Berua
1942 2710 2136 2776 rediit
2191 2709 2526 2776 abdicatus
2584 2729 2702 2774 suo

616 2840 621 2844 ·
740 2798 1113 2866 ministerio
1164 2799 1236 2862 in
1280 2807 1421 2861 tota
1463 2804 1689 2861 nostra
1732 2797 1958 2874 classe,
2003 2805 2153 2880 post
2195 2796 2397 2859 trium
2444 2794 2702 2859 dierum

740 2905 1071 2951 carcerem
1127 2883 1200 2947 in
1243 2903 1371 2965 quo
1416 2882 1676 2947 Bernae
1730 2881 2035 2947 detentus
2087 2881 2229 2946 fuit.
2317 2880 2550 2946 Iussus
2602 2887 2705 2946 est

739 2977 1085 3056 praeterea
1161 2968 1285 3034 hac
1349 2967 1511 3033 urbe
1589 2967 1922 3034 excedere.
2033 2965 2371 3050 Scriptum
2437 2973 2541 3033 est
2617 2965 2702 3030 ad

788 3056 1142 3122 raefectum
1186 3074 1227 3118 a
1270 3053 1654 3120 consistorio
1699 3050 1780 3119 de
1823 3073 2027 3118 uxore
2047 3051 2259 3134 Beati,
2274 3052 2333 3138 ⁸)
2376 3050 2493 3119 sed
2536 3073 2700 3117 non-

788 3162 902 3206 um
948 3140 1401 3205 intelleximus
1442 3139 1596 3222 quid
1642 3139 1869 3204 literae
1912 3138 2312 3218 contineant,
2354 3138 2484 3203 nisi
2528 3135 2702 3222 quod

743 3227 1126 3311 Hymbertus
1144 3227 1205 3306 ⁴)
1250 3224 1510 3290 audivit
1546 3223 1843 3302 Bernae,
1901 3223 2316 3290 voluntatem
2358 3244 2501 3290 esse
2545 3244 2702 3290 con-

741 3312 988 3378 sistorii
1028 3320 1105 3376 ut
1146 3332 1225 3376 ea
1265 3330 1516 3392 quoque
1559 3330 1803 3394 poenas
1843 3310 1985 3374 luat
2025 3330 2188 3392 quas
2230 3310 2490 3375 meruit.
2564 3306 2701 3374 Sed

741 3399 915 3463 nosti
957 3396 1268 3480 praefecti
1313 3396 1385 3460 in
1424 3394 1620 3462 rebus
1662 3396 1968 3461 omnibus
2010 3395 2408 3475 tarditatem,
2451 3417 2580 3478 quo
2622 3397 2701 3459 fit

741 3489 822 3548 ut
884 3481 1074 3547 nobis
1135 3481 1464 3547 incertum
1540 3481 1630 3547 sit
1737 3502 2007 3547 uersum
2072 3502 2179 3547 res
2240 3482 2328 3547 sit
2403 3501 2698 3547 evasura.

743 3568 1123 3651 Hymbertus
1170 3566 1429 3633 Perroto
1480 3588 1550 3633 se
1594 3566 1762 3632 nilul
1822 3566 2097 3649 posthac
2140 3567 2422 3650 amplius
2466 3587 2698 3631 nume-

740 3661 1044 3720 raturum
1109 3651 1450 3735 respondit
1511 3652 1639 3717 nisi
1707 3652 1849 3717 iure
1913 3662 2202 3736 cogatur.
2314 3652 2478 3718 Vide
2540 3649 2698 3735 quid

743 3738 1002 3806 Porroto
1043 3736 1436 3821 respondere
1488 3736 1743 3804 debeas.
1829 3739 1915 3803 D.
1961 3737 2038 3802 cle
2083 3738 2341 3821 Campis
2381 3739 2696 3822 Morgen-

737 3825 922 3977 ffis
965 3825 1206 3890 missus
1261 3831 1364 3890 est
1418 3843 1624 3906 quum
1679 3823 1877 3889 isthic
1930 3844 2174 3903 essem,
2230 3848 2271 3890 a
2312 3825 2553 3908 quibus
2595 3833 2699 3888 est

896 3930 1086 3975 issue.

917 3994 1153 4061 Saluta
1207 3994 1478 4072 amicos,
1531 4007 1601 4059 et
1655 3993 1816 4060 mihi
1875 3994 2049 4079 quod
2104 3995 2276 4061 facto
2333 4015 2497 4078 opus
2553 4015 2697 4059 esse

737 4079 1051 4147 iudicaris
1094 4079 1481 4163 significato,
1526 4080 1913 4164 priusquam
1969 4080 2077 4147 hic
2119 4080 2390 4148 solvam.
2484 4081 2698 4145 Graa-

735 4169 938 4242 mw')
983 4186 1274 4242 mecum,
1328 4166 1462 4231 nisi
1513 4166 1733 4244 fallor,
1789 4174 2110 4232 venturus
2162 4177 2287 4231 est:
2348 4178 2698 4249 propterea

736 4252 932 4335 quod,
951 4250 1109 4317 dum
1131 4251 1306 4335 apud
1327 4272 1443 4317 vos
1460 4272 1689 4330 essem,
1715 4252 1955 4318 missae
1976 4257 2131 4317 sunt
2148 4251 2376 4317 literae
2395 4272 2437 4316 a
2456 4258 2696 4317 senatu

769 4499 902 4568 560.
944 4507 999 4571 1)
1036 4506 1193 4562 Haec
1226 4507 1414 4561 onnia
1447 4506 1588 4560 eatis
1621 4507 1843 4561 obscure
1877 4506 2042 4562 dicta.
2110 4507 2334 4562 Videtur
2367 4514 2548 4562 tamen
2570 4506 2692 4562 Gal-

736 4576 861 4631 οὐκ·
903 4575 1190 4630 eonetlium
1230 4575 1408 4641 finisse
1452 4574 1696 4628 Bormam
1738 4576 2016 4642 proficicet·
2058 4581 2120 4631 ut
2166 4575 2338 4630 Vin-eti
2380 4576 2692 4630 missionem

734 4644 1176 4765 ‘mmm‘
1093 4643 1496 4775 ⁶⁶²⁸⁶⁶1⁶a¹⁸⁸a2¹²323
1526 4641 2182 4767 wiffam&
2192 4644 2382 4768 ..252⁹
2418 4645 2690 4767 ”⁰0r⁶“‘0{⁰”⁶

729 4712 1004 4916 ἕζεὲῗὲ)
1047 4728 1220 4834 Οιιὲιῗε
1239 4714 1434 4851 (neque
1478 4797 1674 4836 nomen
1720 4796 1889 4852 neque
1932 4780 2148 4851 eulpam
2189 4782 2348 4838 nobas·
2386 4755 2690 4838 unnotuieee

943 4914 1005 4983 3)
1044 4915 1295 4983 Comitis,
1339 4917 1586 4972 ministri
1614 4917 2064 4986 Laueanneneie,
2110 4919 2210 4989 qui
2253 4934 2404 4973 anno
2438 4922 2691 4988 sequente

735 5000 955 5038 munere
990 4998 1046 5038 ee
1080 4983 1357 5040 abdicavit
1395 4992 1461 5041 ut
1493 4984 1755 5040 medicam
1788 4993 1959 5042 artem
1992 4988 2152 5042 unice
2185 4992 2464 5041 exerceret
2544 4984 2692 5056 Quid

736 5055 856 5107 eius
888 5068 1034 5107 uxor
1063 5055 1366 5132 peccam&
1399 5071 1512 5109 non
1546 5059 1795 5124 apparet.
1871 5055 2019 5112 Obiit
2038 5071 2106 5112 ea
2136 5056 2306 5125 paulo
2333 5061 2467 5124 poet
2497 5053 2548 5109 3.
2570 5056 2686 5110 Au·

729 5122 895 5193 ‘⁹⁸⁸⁶'
941 5121 1171 5259 4825&
1191 5121 1770 5260 Ἧῖιῗῖᾧῗῦὁνᾼῳ)

942 5256 1003 5322 5)
1047 5258 1183 5314 fait
1287 5231 2691 5333 ‘i310.LeGru⁸1udimaqiaeterAquaeiaeia

735 5339 873 5397 aare
917 5325 1173 5387 vadem.
1242 5331 1269 5397 (
1330 5328 1550 5397 ermini.
1582 5328 1673 5384 11.
1707 5327 1847 5398 433.)

2295 412 2823 482 EPISTOLAE
2870 417 3207 480 560—562

4612 420 4714 485 732

2807 602 3134 668 Beruensi
3178 600 3263 667 ad
3305 602 3539 670 fratres
3554 653 3573 682 ,
3627 610 3705 667 ut
3753 600 3836 667 de
3879 601 4022 667 eius
4064 599 4457 685 migratione
4494 608 4558 667 et
4591 623 4718 670 mu·

2809 688 3054 755 tatione
3097 689 3384 773 cogitent
3436 696 3504 754 et
3547 687 3913 754 deliberent
3952 687 4022 752 in
4068 693 4388 771 tempore,
4445 689 4720 770 quoniam

2809 772 2892 839 ab
2935 794 3011 839 eo
3066 775 3403 840 decretum
3458 782 3566 841 est
3616 788 3692 839 ut
3744 781 4005 858 peracto
4064 771 4188 839 hoc
4244 774 4538 839 semestri
4586 774 4719 840 inde

2806 859 2934 925 alio
2976 861 3237 944 migret.
3306 859 3596 926 Causam
3628 860 3825 926 aliam
3860 880 3993 924 non
4026 867 4335 942 putamus
4374 879 4513 924 esse
4548 880 4723 942 quam

2806 946 3064 1011 suffecti
3097 945 3435 1012 cuiusdam
3470 947 3784 1029 querelas.
3853 946 4024 1010 Nam
4060 945 4423 1027 praefectus
4455 945 4513 1009 ei
4549 946 4719 1011 favet.

2805 1031 3012 1097 Vides
3056 1052 3256 1114 quam
3299 1030 3648 1097 debeamus
3691 1052 3958 1115 sperare
4000 1029 4430 1113 disciplinam.
4515 1029 4724 1096 Saluta

2805 1138 3111 1192 uxorem,
3177 1117 3523 1194 Daviderm
3584 1117 3921 1183 Danielem
3991 1124 4059 1181 et
4122 1123 4273 1182 tuos
4335 1121 4723 1201 symmystas.

2804 1202 2992 1268 Vale.
3079 1203 3479 1269 Lansannae
3522 1207 3622 1269 23.
3667 1203 3853 1268 Iunii
3905 1205 4086 1266 1544.

3943 1365 4128 1431 Tuus
4169 1364 4249 1431 P.
4291 1363 4577 1429 Viretus.

3579 1659 3862 1666 ᾑφ--->--
3877 1659 3983 1666 *q

3707 1893 3853 1965 531.

3298 2065 3769 2134 OALVINUS
3813 2064 4268 2133 M‘YGONIO.

2985 2238 3354 2304 Novissima
3389 2238 3466 2303 cle
3506 2238 3658 2304 bello
3698 2237 3979 2304 inchoato
4011 2239 4248 2320 petenti
4288 2239 4502 2303 tradit.
4601 2234 4740 2300 Vota

2806 2330 3126 2407 nuncupat
3167 2345 3293 2407 pro
3338 2325 3542 2390 armis
3590 2324 3923 2390 Gallorum
3975 2330 4034 2389 et
4063 2328 4480 2406 protestantes
4510 2320 4740 2404 princi-

2797 2431 2920 2491 pes
2976 2411 3291 2492 vituperat
3355 2411 3518 2493 quod
3582 2430 3652 2475 se
3709 2408 3972 2475 Caesari
4028 2409 4459 2475 adiuncta-int.
4559 2404 4744 2472 Mittit

2808 2497 3006 2562 eidem
3052 2495 3369 2579 exmplar
3417 2495 3741 2579 Supplici-s
3779 2495 4229 2561 exhortationis
4274 2496 4360 2562 ad
4408 2493 4740 2561 Gaesarem.

2808 2691 3234 2762 (Autographon
3267 2708 3379 2746 non
3416 2700 3611 2747 exstat.
3681 2693 3943 2746 Simlerus
3977 2692 4094 2747 Vol.
4117 2690 4187 2746 55
4221 2692 4457 2772 sumpsit
4491 2706 4557 2743 ex
4593 2686 4743 2742 Arch.

2806 2763 3070 2815 Bernens.
3107 2763 3247 2830 Epp.
3273 2761 3394 2817 v11.
3470 2801 3483 2814 .
3518 2760 3622 2814 626
3695 2762 3804 2815 uod
3838 2761 3998 2814 fluxit
4032 2778 4101 2815 ex
4136 2761 4413 2815 Turretmi
4447 2755 4744 2829 apographo

2807 2830 2938 2885 Cod.
2978 2831 3179 2884 Gener.
3219 2829 3336 2892 111,
3371 2778 3467 2884 soli
3502 2830 3588 2883 95.
3778 2846 3808 2884 c
3843 2831 4024 2884 omnia
4057 2830 4351 2899 praecessit
4389 2835 4548 2882 vetus
4581 2841 4743 2880 exom-

2929 2899 3052 2968 plar
3087 2898 3214 2953 eod.
3253 2898 3371 2966 106,
3408 2899 3500 2952 fol.
3543 2898 3656 2953 115.
3726 2899 3956 2970 Anglice
3991 2898 4191 2968 legitur
4226 2895 4286 2951 Τ.
4323 2898 4369 2952 Ι.
4408 2916 4446 2967 p
4504 2894 4651 2958 397.)

2974 3087 3328 3154 Praeclare
3370 3087 3512 3154 viro
3553 3088 3639 3153 D.
3679 3085 3971 3153 Osualdo
4013 3087 4325 3171 Myconio
4371 3081 4743 3152 Basiliensis

2804 3171 3116 3241 ecclesiae
3155 3171 3289 3238 fido
3332 3173 3583 3257 pastori
3624 3173 3832 3238 amico
3874 3187 3942 3238 et
3981 3173 4169 3239 fratri
4212 3171 4669 3325 οιίὲῖιὲἒὶιίἒέἓηο

2975 3393 3047 3462 S.
3115 3393 3311 3476 Quod
3378 3416 3484 3461 me
3539 3393 3787 3478 rogasti
3811 3395 3861 3479 ¹)
3932 3402 4009 3459 ut
4063 3394 4145 3460 de
4203 3393 4384 3460 Galli
4439 3398 4744 3477 apparatu

2803 3482 3142 3547 certiorem
3189 3487 3254 3545 te
3297 3480 3579 3546 facerem
3597 3531 3614 3557 ,
3672 3480 3806 3545 iam
3847 3480 3916 3545 id
3960 3489 4027 3545 te
4067 3480 4341 3544 minime
4385 3478 4744 3545 desiderare

2802 3566 3099 3631 arbitror.
3168 3566 3344 3631 Nam
3387 3575 3456 3631 et
3490 3565 3829 3632 Helvetios
3874 3564 4059 3631 vides
4102 3566 4437 3644 festinare,
4483 3586 4603 3630 nec
4637 3562 4745 3627 du-

2802 3652 2937 3717 bito
2981 3653 3139 3735 quin
3174 3652 3324 3717 istic
3360 3652 3447 3716 sit
3484 3651 3947 3736 pervulgatum
3983 3650 4295 3734 quidnam
4335 3651 4574 3716 habeat
4605 3668 4745 3713 con·

2803 3737 2952 3804 silii.
3041 3738 3168 3803 Est
3221 3736 3604 3820 oppidulum
3658 3739 3725 3802 in
3783 3736 4150 3821 Campania
4202 3736 4378 3820 quod
4440 3733 4745 3803 Castalio-

2803 3845 2957 3888 nem
2970 3825 3029 3898 ⁴²)
3074 3830 3332 3889 vocant.
3421 3824 3523 3888 Eo
3560 3823 3778 3906 copias
3821 3845 4048 3890 omnes
4088 3844 4242 3888 suas
4285 3822 4637 3896 contrahit,
4677 3823 4744 3883 ut

2800 3909 2937 3975 illic
2990 3910 3060 3973 in
3113 3907 3476 3975 adventum
3526 3930 3731 3991 usque
3780 3908 4077 3975 Caesaris
4129 3907 4464 3974 subsistat.
4551 3907 4744 3972 Prae-

2799 3994 2970 4060 sidia
3010 3993 3277 4059 interim
3322 3995 3523 4061 habet
3563 3995 3723 4060 satis
3767 3996 3960 4060 firma
4015 3994 4086 4059 in
4143 3995 4419 4060 urbibus
4462 3993 4744 4076 aliquan·

2800 4090 2941 4145 tum
2978 4081 3272 4146 munitis.
3342 4079 3419 4147 Si
3452 4082 3631 4147 vires
3665 4081 4007 4163 utriusque
4041 4081 4482 4161 aestimemus,
4517 4094 4743 4162 magno

2796 4166 2869 4231 in
2911 4166 3203 4251 periculo
3247 4175 3551 4231 versatur
3598 4187 3879 4250 regnum
3923 4165 4201 4232 Galliae.
4223 4169 4280 4242 ⁸)
4368 4167 4622 4232 Verum
4664 4181 4743 4226 ex

2797 4273 2998 4317 manu
3024 4249 3297 4316 Domini
3335 4251 3583 4335 pendet
3623 4258 3922 4318 eventus.
3986 4252 4082 4319 Ut
4115 4251 4311 4318 hodie
4353 4272 4465 4318 res
4509 4248 4744 4317 habent

2796 4338 2870 4402 in
2914 4336 3192 4415 munde,
3253 4338 3433 4403 sanis
3487 4337 3791 4403 omnibus
3849 4337 4211 4421 optandum
4268 4346 4369 4404 est
4426 4344 4506 4403 ut
4546 4334 4743 4401 nimia

2803 4422 3103 4489 Caesaris
3158 4423 3399 4489 ferocia
3448 4422 3845 4490 cohibeatur.
3934 4423 4106 4488 Nam
4164 4424 4220 4489 si
4263 4423 4423 4508 quid
4484 4420 4740 4508 gravius

2796 4509 3085 4594 patietur
3149 4507 3397 4589 Gallia,
3460 4510 3531 4574 in
3600 4531 3751 4589 nos,
3816 4508 4006 4576 crede
4071 4509 4270 4589 mihi,
4335 4505 4739 4576 redundabit.

2826 4781 2953 4930 ‘im'
2999 4783 3059 4931 ἐ)
3087 4780 3375 4906 {bamba
3412 4866 3589 4920 prope
3626 4849 3909 4921 Epeo-my.
3979 4848 4069 4905 De
4112 4851 4279 4907 huius
4312 4851 4444 4907 bem
4474 4846 4735 4906 asserem·-

2793 4920 2957 4975 ntbue
2990 4935 3041 4973 et
3073 4919 3210 4990 quid
3242 4922 3555 4975 accuratius
3590 4919 3797 4974 discere
3842 4919 3976 4975 velis
4012 4927 4062 4974 te
4103 4920 4181 4973 ad
4213 4920 4505 4976 historicos
4538 4918 4734 4985 ableya·

2792 5003 2949 5071 wius..
2974 4988 3087 5043 Hic
3119 4989 3364 5070 suffic-'at
3396 4988 3605 5044 dulei-see
3638 4988 3901 5058 oppidum
3934 4988 4076 5043 illud
4109 4990 4160 5042 d.
4196 4988 4245 5041 6.
4286 4988 4432 5059 Sept.
4470 5006 4523 5045 a.
4549 4988 4731 5044 Gaesa-

2792 5071 2975 5207 mm?
2997 5058 3516 5208 Βοῗρὸἷέἒιζτῒαὲἕὲᾖφ
3548 5125 3780 5181 habebat
3811 5126 4015 5207 ciffi-nti
4030 5125 4205 5180 millia
4237 5126 4471 5209 maitiae!
4505 5142 4572 5180 ex
4609 5121 4731 5203 Ger·

2791 5209 2984 5248 manta
3018 5210 3311 5263 super-tore,
3354 5201 3551 5264 septus
3584 5195 3726 5250 mille
3757 5200 3808 5249 et
3839 5201 4162 5266 qumqentos
4195 5211 4263 5250 ex
4295 5196 4559 5262 inferiore
4611 5190 4731 5246 Hw-

2786 5278 3166 5398 ἳιίζιοξὲἔαῗω
3185 5264 3329 5318 mille
3351 5267 3402 5320 et
3421 5262 3866 5353 qundo-inquam,
3888 5270 4173 5335 praeterea
4196 5275 4248 5319 et
4268 5264 4460 5321 Italos.
4514 5237 4732 5330 (ka-u
