5050 6167
620 471 748 533 135

618 658 835 740 magis
890 677 965 722 ac
1022 655 1237 740 magis
1300 653 1385 720 ad
1449 675 1613 738 opus
1675 673 1887 720 suum.
1992 651 2409 719 wormaciae
2472 656 2578 718 24.

621 740 932 808 Decemb.

1807 823 2127 890 Calvinus
2174 831 2405 891 vester.

1396 1084 1802 1094 ———-—

1517 1284 1667 1354 268.

1131 1421 1606 1490 GALVINUS
1649 1421 1751 1488 IN
1753 1421 2078 1489 OER'PO.

630 1683 646 1697 ι
689 1594 971 1750 moFuse
1011 1599 1239 1661 narrat
1279 1614 1438 1676 quae
1496 1593 1879 1661 wormatiae
1916 1598 2091 1678 qesta
2132 1599 2283 1660 eunt
2322 1594 2468 1660 inde
2502 1592 2582 1659 ab

614 1704 690 1751 m
807 1731 819 1744 .

824 1852 1017 1907 'bimus
1061 1851 1200 1905 hanc
1244 1867 1313 1904 ex
1362 1866 1397 1905 a
1567 1850 1677 1921 pho
1726 1850 1950 1905 Archiv.
1998 1850 2160 1904 Bern.
2218 1848 2313 1919 [A]
2371 1850 2583 1904 Kirchl.

620 1922 926 1993 Angelegh.
966 1918 1324 1985 1540-1559,
1361 1937 1397 1973 u
1435 1920 1453 1972 i
1490 1925 1673 1973 exstat
1706 1920 1766 1973 in
1800 1926 1958 1989 tergo
1995 1920 2260 1990 epistolae
2306 1920 2581 1973 Melanch·

619 1992 807 2046 thenis
858 1990 930 2043 ad
988 1990 1386 2043 Neocomenses
1437 1988 1505 2041 de
1559 2005 1668 2057 qua
1718 1989 1846 2043 vide
1934 1988 2312 2042 raecedentem
2365 1995 2478 2042 not.
2531 1988 2578 2040 l.

621 2060 964 2115 Oontulimus
1018 2058 1167 2111 aliud
1219 2058 1365 2126 quod
1410 2057 1644 2111 habetur
1691 2058 1748 2110 in
1797 2058 1903 2112 Bib
1925 2097 1942 2113 .
1987 2058 2139 2111 civic.
2188 2057 2452 2111 Beruensi
2489 2055 2582 2127 [B]

619 2129 756 2184 Ood.
793 2127 908 2194 141,
963 2127 1033 2181 N.
1064 2126 1148 2192 48,
1194 2143 1359 2180 mauu
1421 2127 1555 2179 satis
1604 2127 1832 2247 antiqua
1875 2127 2139 2196 scriptum
2213 2125 2312 2178 sed
2358 2125 2581 2180 difficile

620 2199 793 2279 lectu}
831 2197 963 2250 item
998 2196 1223 2249 tertium
1258 2210 1505 2275 mancum
1541 2195 1600 2247 in
1635 2195 1742 2248 Bib
1815 2201 2095 2277 pastorum
2127 2194 2579 2275 Neocomensium

621 2263 1763 2413 Qatssgssffissdssffiffisszf?
1779 2263 2579 2386 οὶἪθὶοἩέἐαῖξῖἓιῖέῖ

620 2404 966 2459 varietatem
1002 2402 1248 2456 lectionis
1283 2401 1788 2536 plumbagogulgcis
1824 2402 2126 2471 neglectam
2169 2416 2277 2454 non
2312 2407 2397 2454 est
2432 2401 2580 2470 quod

791 2658 983 2741 Quod
1042 2659 1255 2725 rarius
1310 2657 1427 2723 tibi
1486 2657 1700 2723 scribo
1755 2655 1910 2738 inde
1966 2658 2044 2722 fit
2086 2655 2261 2740 quod
2286 2660 2335 2735 ι)
2377 2658 2579 2724 11111110

616 2767 845 2814 sumus
869 2745 1078 2811 otiosi.
1144 2744 1331 2810 Haec
1371 2742 1491 2808 tibi
1528 2742 1805 2810 ridicula
1848 2742 2178 2808 videbitur
2220 2745 2576 2824 excusatio,

658 2833 773 2898 uia
814 2839 920 2898 est
958 2852 1226 2915 prorsus
1268 2830 1597 2896 inusitata.
1663 2828 1919 2894 Verum
1964 2850 2046 2893 01
2082 2829 2301 2894 01111110
2323 2828 2574 2912 loquor.

614 2854 788 2985 llffam
833 2917 890 2983 si
936 2916 1047 2982 vel
1088 2917 1163 2980 in
1202 2916 1485 3000 speciem
1520 2914 1740 2998 aliqua
1773 2916 1941 2980 actio
1964 2914 2072 2981 hic
2094 2914 2574 2994 institueretur,

614 3004 785 3070 mihi
834 3001 1160 3070 scribendi
1218 3008 1685 3086 argumentum
1742 3000 2288 3067 subministraret.
2377 3001 2443 3067 N
2444 3023 2575 3067 unc

615 3088 775 3174 quid
854 3087 1035 3154 aliud
1109 3088 1329 3164 literis,
1397 3086 1794 3172 complectar
1868 3107 2070 3168 quam
2137 3085 2311 3169 quod
2388 3096 2575 3154 tanto

614 3176 821 3242 animi
866 3194 1064 3239 sensu
1081 3176 1111 3215 2
1182 3191 1648 3258 recognoscere
1691 3192 1950 3238 mecum
1992 3172 2174 3257 piget
2226 3192 2303 3238 ac
2339 3171 2572 3257 pudet:

612 3282 735 3328 nos
779 3259 1029 3326 scilieet
1128 3269 1342 3324 terum
1374 3260 1511 3324 iam
1546 3278 1841 3323 mensem
1863 3259 2113 3324 frustra
2133 3259 2574 3342 exspectando

612 3346 724 3413 1110
769 3344 1082 3411 desidere.
1148 3344 1409 3429 Viginti
1425 3348 1482 3424 ⁸)
1528 3342 1665 3410 dies
1699 3343 1906 3427 elapsi
1939 3354 2131 3410 erant
2163 3344 2246 3410 ab
2279 3344 2575 3411 adventu

612 3440 859 3509 nostro,
906 3439 1262 3514 antequam
1303 3451 1424 3496 nos
1459 3429 1687 3495 arbitri
1730 3439 2062 3495 vocarent.
2150 3430 2323 3496 Nam
2366 3451 2573 3514 quum

619 3516 999 3586 aramenus
1036 3514 1464 3581 distineretur
1504 3516 1576 3580 in
1619 3513 1970 3581 asserenda
2003 3523 2072 3581 et
2117 3517 2573 3583 constituenda

608 3605 770 3687 reip.
826 3603 1233 3669 Vesontinae
1294 3600 1595 3667 libertate
1611 3652 1627 3679 ,
1696 3600 2063 3668 absentiam
2129 3623 2318 3668 suam
2372 3624 2570 3669 01011-

611 3696 875 3757 saverat
939 3698 1006 3755 et
1068 3687 1354 3754 alterum
1368 3690 1429 3770 ⁴)
1493 3687 1993 3772 subrogaverat,
2062 3689 2173 3772 qui
2240 3690 2384 3755 vice
2450 3710 2571 3754 sua

607 3777 1010 3861 fungeretur.
1110 3773 1232 3838 Isti
1298 3781 1518 3839 autem
1594 3775 1961 3857 suppressis
2025 3773 2233 3841 literis
2298 3797 2569 3859 exspec-

608 3869 841 3927 tarunt
884 3859 1042 3925 dum
1085 3860 1473 3924 nunciatum
1517 3869 1691 3926 esset
1733 3860 2094 3927 adventare
2138 3870 2207 3926 et
2248 3881 2382 3926 11011
2417 3861 2569 3944 plus

606 3944 805 4013 biduo
821 3949 877 4024 ⁶)
922 3946 1167 4012 abesse.
1257 3945 1444 4011 'I'unc
1488 3944 1773 4024 demum,
1819 3946 2008 4013 nobis
2049 3953 2118 4012 et
2174 3944 2569 4013 adversariis

607 4032 1004 4110 convocatis,
1050 4031 1337 4114 primum
1380 4030 1607 4098 literas
1634 4033 1973 4098 iusserunt
2005 4032 2285 4110 recitari,
2331 4032 2569 4099 deinde

606 4117 806 4185 fidem
863 4137 1126 4183 omnem
1180 4137 1257 4181 ac
1309 4115 1718 4202 diligentiam
1767 4118 1838 4183 in
1900 4119 2026 4185 hac
2081 4118 2449 4201 cognitione
2495 4139 2568 4184 se

609 4204 1017 4270 adhibituros
1060 4213 1467 4286 receperunt,
1516 4223 1591 4268 ac
1635 4204 1923 4270 vicissim
1970 4203 2269 4287 stipulati
2327 4212 2485 4270 sunt
2530 4226 2571 4269 a

609 4290 797 4356 nobis
814 4342 830 4368 ,
888 4296 964 4355 ut
1020 4288 1313 4372 deposita
1365 4290 1547 4353 omni
1603 4290 2023 4356 contentione
2076 4298 2142 4355 et
2210 4290 2567 4357 acerbitate

607 4375 755 4459 paci
812 4385 877 4440 et
930 4374 1314 4441 concordiae
1370 4372 1799 4442 studeremus.
1896 4376 2318 4459 Responsum
2339 4377 2397 4453 θ)
2464 4383 2569 4443 000

606 4462 917 4544 utrinque
959 4481 1095 4525 non
1139 4460 1267 4526 alio
1312 4460 1531 4526 animo
1570 4462 1827 4528 venisse
1880 4482 2078 4544 quam
2133 4469 2209 4526 ut
2258 4462 2567 4529 ecclesiae

606 4545 1073 4630 tranquillitati
1135 4545 1600 4612 consuleretur.
1724 4546 1949 4612 Nostri
2019 4555 2245 4613 tamen
2308 4569 2567 4633 semper

607 4632 961 4700 addebant:
1009 4632 1065 4697 si
1098 4651 1229 4714 qua
1249 4631 1534 4698 inveniri
1554 4632 1916 4717 pacificatio
1937 4634 2183 4717 poterit
2202 4634 2566 4701 secundum

635 4903 773 4967 m.
812 4904 871 4970 1)
909 4903 1055 4973 quod
1088 4921 1190 4959 om.
1226 4904 1294 4958 N.

807 4973 868 5040 2)
906 4989 1171 5055 consensu
1204 4973 1270 5029 B.
2251 5044 2263 5056 ·

604 5110 749 5166 Non.
783 5041 1449 5179 εξζιῖᾞιιῗησῗὰηῗαῗὲ
1474 5049 1768 5178 ἅῗὲῗ
1782 5060 1977 5167 23⁰¹*
2028 5043 2353 5114 Qu*
2397 5060 2442 5100 ⁶‘
2473 5043 2558 5098 ᾖ

809 5178 1140 5315 0111131
1165 5181 1379 5303 01·ss-

600 5384 686 5440 29·
726 5314 871 5439 No?
908 5316 1247 5386 Responsum
1284 5357 1500 5372 .....
1538 5318 1671 5373 iure.
1707 5335 1808 5376 om.
1844 5320 1911 5374 Β.
1983 5319 2107 5376 Hoc
2144 5320 2354 5388 factum
2388 5324 2470 5374 est
2501 5318 2554 5372 d.

2164 460 2704 531 EPISTOLAE}
2739 464 3079 528 267--268

4521 463 4644 528 136

2687 649 2964 718 verbum
3031 648 3326 716 Domini.
3437 649 3682 716 Postea
3755 650 4082 734 agitatum
4159 649 4240 715 de
4318 650 4512 716 modo
4576 661 4647 718 et

2686 735 2914 802 ordine
2979 736 3269 803 actionis.
3380 735 3679 819 Utraque
3742 757 3897 819 pars
3962 735 4228 801 arbitris
4283 735 4520 802 detulit
4572 746 4647 803 ut

2685 842 2880 906 quem
2925 829 3237 906 putarent
3270 823 3594 906 optimum
3629 821 4147 906 praescriberent
4174 822 4359 888 salvo
4381 829 4645 890 tantum

2686 906 3075 991 repudiandi
3134 908 3294 973 iure.
3390 908 3499 972 Illi
3546 928 3668 991 pro
3715 928 3839 973 sua
3883 907 4209 990 aequitate
4246 906 4645 974 adversariis

2687 1001 3170 1072 concesserunt,
3215 1002 3536 1078 quantum
3571 993 3692 1060 vix
3735 992 3954 1077 palam
3989 994 4132 1059 ausi
4166 1002 4388 1059 essent
4419 1007 4643 1078 postu·

2686 1079 2841 1145 lare.
2932 1079 3157 1146 Nostri
3203 1087 3423 1145 tamen
3438 1131 3454 1157 ,
3506 1100 3588 1144 ne
3630 1078 4017 1145 viderentur
4059 1079 4278 1145 statim
4323 1080 4404 1146 ab
4447 1080 4643 1146 initio

2686 1166 2760 1229 in
2803 1165 2996 1231 rebus
3040 1186 3174 1230 non
3233 1165 3495 1250 magnis
3551 1165 3882 1248 impendio
3939 1165 4359 1245 morosiores,
4416 1165 4642 1249 paucis

2687 1251 2978 1335 exceptis
3014 1250 3340 1335 capitibus
3373 1261 3848 1317 concesserunt.
3910 1250 4139 1329 Putas,
4184 1251 4432 1334 opinor,
4477 1250 4644 1320 haec

2688 1337 2914 1402 omnia
2953 1337 3134 1402 intra
3175 1336 3511 1401 dimidiam
3553 1334 3786 1402 horam
3819 1335 4018 1401 fuisse
4054 1336 4368 1403 absoluta.
4437 1337 4643 1421 Atqui

2687 1430 2826 1487 tam
2863 1431 3164 1488 actuosae
3199 1421 3390 1488 nobis
3425 1428 3586 1488 sunt
3619 1422 4085 1501 caeremoniae,
4120 1432 4198 1487 ut
4235 1422 4643 1506 saepiuscule

2689 1509 3043 1574 convenire
3087 1530 3207 1575 nos
3250 1508 3614 1591 oportuerit
3647 1517 3998 1590 antequam
4034 1507 4282 1592 aliquid
4318 1509 4643 1594 transige-

2687 1601 2888 1659 retur.
2998 1595 3126 1660 Est
3189 1602 3408 1660 autem
3474 1594 3637 1661 haec
3710 1590 3947 1678 agendi
4012 1595 4224 1659 forma
4282 1603 4348 1660 et
4405 1596 4637 1661 series:

2689 1678 2855 1744 duae
2921 1687 3077 1744 sunt
3142 1679 3332 1745 aulae
3396 1678 3646 1745 duabus
3725 1680 4021 1763 partibus
4094 1679 4485 1758 destinatae,
4567 1681 4642 1746 in

2686 1765 2923 1847 quibus
2968 1787 3264 1832 seorsum
3307 1764 3702 1831 consultant.
3792 1765 4084 1830 Tertiam
4126 1764 4372 1831 habent
4415 1767 4640 1852 cogn-i·

2686 1857 2881 1930 tores,
2927 1851 2999 1914 in
3041 1872 3239 1935 quam
3281 1852 3590 1934 utrinque
3631 1851 4061 1916 convenimus
4117 1872 4319 1934 quum
4376 1858 4476 1919 est
4518 1852 4640 1917 011-
4728 1924 4746 1942 ⁸

2686 1935 2841 2018 quid
2885 1936 3138 2019 publice
3178 1936 3523 2021 agendum.
3610 1936 3692 2001 In
3752 1958 3898 2002 eam
3941 1949 4160 2001 tamen
4211 1937 4407 2004 nimis
4448 1938 4640 2004 fami-

2685 2021 2935 2087 liariter
2978 2033 3343 2088 commeant
3383 2021 3606 2089 hostes
3649 2023 3879 2101 nostri,
3923 2030 3997 2086 ut
4031 2023 4304 2089 consilia
4337 2045 4490 2090 cum
4533 2045 4640 2090 ar-

2685 2107 2874 2173 bitris
2918 2108 3419 2174 communicent.
3442 2109 3499 2184 ⁷)
3585 2108 3814 2191 Neque
3857 2108 3922 2172 id
3969 2108 4218 2174 faciunt
4267 2109 4640 2177 clanculum

2686 2204 2802 2258 aut
2844 2192 3232 2273 verecunde,
3278 2192 3391 2259 sed
3437 2192 3561 2258 sub
3603 2194 3810 2260 oculis
3854 2194 4129 2278 00101113)
4174 2197 4432 2274 nostris,
4476 2194 4639 2263 dum

2683 2278 2821 2343 illic
2883 2278 3248 2358 adstamus,
3313 2300 3442 2345 non
3515 2279 3816 2346 dubitant
3867 2301 3944 2345 00
3989 2279 4083 2345 100
4146 2282 4455 2347 conferre.
4544 2282 4640 2347 Et

2684 2363 2840 2447 quid
2884 2363 3063 2430 aliud
3106 2364 3439 2431 facerent?
3509 2302 3994 2450 Moyuntinusg
4016 2373 4082 2429 et
4103 2364 4411 2433 Bavarus
4438 2369 4522 2451 ¹⁰)
4569 2375 4638 2433 et

2683 2449 3171 2534 Arqentineneis
3223 2471 3374 2517 suos
3428 2451 3753 2517 miserunt
3809 2451 3922 2534 qui
3989 2451 4330 2518 uobiscum
4385 2452 4638 2537 discep-

2683 2542 2901 2601 tarent
2925 2539 2937 2576 ¹
2957 2542 3006 2614 ¹)
3051 2543 3120 2602 et
3161 2534 3620 2619 disceptationi
3663 2535 4124 2620 praesiderent.
4190 2535 4299 2602 Illi
4341 2538 4639 2623 singulos

2683 2642 2720 2687 e
2775 2642 2892 2687 suo
2945 2642 3218 2688 numero
3274 2621 3611 2705 praesides
3667 2621 3996 2708 deligunt,
4053 2621 4167 2688 sed
4224 2645 4303 2689 ea
4354 2624 4500 2709 lege
4557 2632 4638 2691 ut

2682 2708 3048 2792 cognitores
3093 2716 3431 2784 vocentur,
3479 2708 3766 2772 hostium
3809 2715 4031 2792 partes
4085 2709 4420 2793 impleant.
4519 2711 4637 2776 In-

2681 2795 2872 2859 terim
2901 2794 2985 2878 12)
3043 2803 3317 2859 venerat
3376 2793 3755 2860 Granvellu-s·
3805 2793 3920 2877 qui
3977 2797 4079 2859 25.
4111 2796 4194 2875 ¹⁸)
4238 2795 4637 2862 Novembris

2679 2879 2914 2945 urbem
2972 2880 3343 2964 ingressus,
3401 2881 3590 2945 tertio
3645 2889 3792 2962 post
3849 2879 3954 2944 die
3998 2880 4357 2946 orationem
4402 2881 4639 2948 habuit

2677 2964 2866 3031 nobis
2903 2986 3038 3030 non
3062 2986 3269 3048 usque
3290 2964 3450 3030 adeo
3472 2985 3763 3048 aequam,
3806 2963 3979 3048 quod
4010 2964 4352 3032 videretur
4369 2967 4638 3052 culpam

2678 3050 2972 3116 omnium
3016 3053 3340 3116 malorum
3386 3052 3459 3115 in
3503 3072 3625 3117 1100
3670 3050 3987 3117 derivare.
4077 3051 4243 3118 Eius
4298 3054 4637 3138 exemplar

2675 3137 2796 3202 tibi
2837 3138 3031 3203 mitto
3073 3135 3288 3220 quoad
3330 3138 3546 3221 potuit
3600 3135 3683 3200 ab
3738 3159 3850 3203 ore
3904 3136 4232 3220 loquentis
4274 3159 4315 3203 a
4356 3139 4634 3206 notariis

2679 3222 2910 3306 excipi.
3013 3222 3335 3288 Fideliter
3398 3230 3576 3290 certe
3643 3229 3780 3287 tota
3843 3244 4100 3290 summa
4162 3223 4637 3309 comprehensa

2677 3315 2798 3387 est,
2841 3329 2963 3375 nee
3005 3316 3107 3375 est
3148 3309 3286 3374 ulla
3328 3308 3649 3392 particula
3691 3309 3951 3389 omissa,
3996 3310 4067 3375 in
4111 3330 4241 3392 qua
4296 3318 4468 3377 esset
4510 3311 4632 3377 ali-

2675 3392 2832 3477 quid
2862 3395 3197 3461 momenti.
3263 3393 3593 3461 Postridie
3627 3416 4011 3479 responsum
4056 3405 4156 3461 est
4198 3398 4635 3463 communiter

2675 3480 2968 3546 omnium
3011 3481 3298 3563 nomine,
3343 3500 3713 3564 quanquam
3755 3482 3998 3548 nostris
4037 3480 4462 3549 vehementer
4496 3483 4632 3551 dis-

2674 3566 2974 3650 plicebat.
3065 3566 3200 3633 Sed
3243 3566 3401 3650 quid
3444 3567 3773 3646 fecissent,
3827 3588 4030 3650 quum
4073 3567 4265 3633 aliter
4307 3590 4440 3634 non
4481 3588 4631 3652 per-

2672 3652 3109 3719 mitterentur.
3137 3653 3223 3737 ¹⁴)
3309 3652 3457 3718 Iam
3500 3653 3654 3718 a‘nte
3697 3652 3995 3720 audierat
4037 3653 4179 3737 ipse
4226 3654 4284 3720 G
4288 3655 4631 3736 ramanus,

2672 3748 2789 3803 aut
2831 3747 3006 3804 certe
3050 3760 3136 3804 ex
3179 3759 3253 3804 re
3295 3740 3436 3822 ipsa
3492 3739 3975 3823 suspicabatur,
4030 3747 4292 3806 nostros
4349 3741 4632 3808 fremere

2673 3832 2741 3890 et
2782 3824 3119 3910 indignari
3161 3825 3288 3891 sibi
3322 3826 3561 3891 factam
3599 3846 3741 3892 esse
3776 3825 4052 3890 nimiam
4084 3826 4411 3904 iniuriam,
4457 3826 4633 3910 quod

2673 3911 2836 3978 falso
2880 3913 3477 3995 perstringerentur
3532 3912 3664 3976 iam
3722 3919 3876 3977 ante
3921 3912 4195 3978 actionis
4236 3911 4628 3996 ingressum.

2669 3996 2961 4063 Proinde
3026 3997 3158 4062 illis
3224 3997 3592 4075 excusavit,
3661 4018 3732 4063 se
3797 3996 3965 4062 nihil
4020 3997 4239 4064 minus
4294 4000 4365 4063 in
4410 3999 4631 4065 animo

2674 4082 2981 4149 habuisse
3065 4103 3222 4148 uam
3263 4082 3411 4148 illos
3455 4083 3561 4149 vel
3601 4082 3950 4148 minimum
3995 4083 4344 4150 offendere.
4412 4085 4516 4151 Ab
4552 4105 4631 4151 eo

2671 4177 2965 4252 tempore
3009 4103 3255 4251 alliquot
3301 4168 3527 4234 diebus
3570 4169 3696 4234 fuit
3739 4168 3819 4235 de
3861 4168 4161 4235 formulis
4197 4191 4235 4234 a
4286 4171 4516 4236 ‘tatum
4554 4171 4630 4236 111

2671 4254 2910 4338 quibus
2975 4253 3073 4318 illi
3136 4253 3317 4319 mille
3383 4255 3627 4339 effugia
3700 4263 4064 4338 captarunt.
4254 4276 4361 4336 os,
4427 4265 4503 4322 ut
4555 4257 4630 4322 111

2669 4347 2971 4424 apertum
3017 4360 3326 4422 campum
3369 4361 3478 4405 eos
3523 4340 4031 4421 attraheremus,
4092 4341 4345 4408 nullam
4386 4343 4629 4426 iniqui-

2668 4433 2872 4492 tatem
2895 4426 3118 4491 subire
3138 4426 3589 4492 recusavimus
3612 4447 3777 4508 quae
3801 4428 4032 4492 saltem
4049 4428 4236 4494 nobis
4258 4427 4507 4493 salvam
4538 4432 4625 4504 ¹⁶)

2670 4532 2902 4578 causae
2961 4511 3403 4577 defensionem
3458 4512 3872 4596 relinqueret.
3976 4513 4408 4596 Aliquantum
4457 4528 4625 4579 tem·

2668 4598 2844 4682 poris
2889 4598 3262 4664 intercessit
3277 4649 3294 4678 ,
3347 4617 3474 4681 quo
3529 4599 3703 4663 inter
3758 4618 3829 4662 se
3887 4596 4077 4665 nobis
4120 4620 4251 4665 non
4311 4598 4625 4666 adhibitis

2669 4756 2846 4763 —0—
2921 4758 2958 4762 .--
2993 4757 3076 4762 a„

2874 4837 2930 4900 7)
2968 4835 3061 4892 Sic
3095 4838 3161 4891 B.
3196 4842 3448 4891 constent
3481 4838 3550 4891 A.
3587 4838 3896 4893 consultant
3930 4840 3999 4893 N.

2871 4906 2931 4972 8)
2969 4907 3134 4960 etiam
3169 4920 3272 4960 om.
3308 4907 3371 4959 B.

2869 4975 2931 5038 9)
2968 4976 3032 5029 B.
3067 4972 3200 5030 add.
3236 4975 3397 5028 enim.

2872 5043 2963 5110 10)
2999 5043 3240 5097 Ganatus
3277 5046 3340 5096 A.

2873 5114 2965 5174 11)
3000 5113 3344 5182 disputarent
3378 5112 3446 5165 N.

2869 5181 2962 5246 12)
2999 5182 3219 5235 iuterim
3253 5196 3360 5235 om·
3392 5181 3455 5235 B.

2871 5248 2964 5314 18)
3002 5249 3071 5302 23
3107 5251 3164 5304 Β.
3242 5247 3325 5315 Of.
3366 5255 3546 5305 tanen
3584 5250 3661 5305 Ν.
3694 5248 3815 5320 258,
3850 5256 3946 5305 not
3977 5249 4027 5304 2.

2870 5318 2962 5385 14)
2996 5318 3409 5388 permitteretur
3445 5318 3504 5373 B.

2869 5387 2963 5453 15)
2998 5388 3202 5441 salvam
3239 5403 3342 5441 om.
3379 5387 3446 5441 N.
