5050 6167
659 391 783 453 447

662 598 802 642 sam
843 574 1230 650 habuerunt,
1278 573 1404 637 nisi
1447 573 1655 653 fallor,
1703 582 1769 638 et
1810 573 2030 637 minus
2064 573 2136 635 in
2172 572 2425 656 agendo
2455 594 2611 654 pec·

662 669 912 729 carunt.
1015 659 1242 739 Neque
1300 667 1520 723 tamen
1579 658 1703 724 hoc
1763 658 1906 723 ideo
1967 658 2139 736 dice,
2199 659 2352 739 quia
2409 658 2612 723 velim

660 768 781 814 vos
823 746 954 811 illis
971 747 1030 826 ὗ)
1077 742 1326 809 adulari
1340 768 1355 824 ;
1401 742 1515 809 sed
1551 744 1907 809 videndum
1945 744 2130 808 vobis
2167 753 2267 808 est
2302 765 2404 819 ne,
2452 744 2609 808 dum

661 834 882 917 plures
916 831 1151 896 merito
1186 829 1681 911 reprehenditis,
1722 830 2075 893 videamini
2099 830 2164 892 in
2193 830 2392 894 simili
2417 851 2612 893 causa

663 921 778 984 uni
815 938 1096 1001 parcere.
1184 916 1538 998 Utcunque
1574 916 1676 992 sit,
1725 938 1827 980 res
1873 927 2093 979 tamen
2140 915 2374 979 melius
2411 915 2611 979 habet

662 1025 856 1087 quam
915 1022 1179 1085 sperare
1239 1021 1437 1066 ausus
1495 1002 1783 1066 fuissem.
1883 1001 2089 1065 Faxit
2146 999 2475 1065 Dominus
2534 1011 2609 1065 ut

662 1090 891 1154 literae
935 1099 1192 1154 vestrae
1234 1087 1396 1151 bene
1441 1088 1520 1152 ab
1566 1086 1933 1151 hominibus
1980 1085 2433 1151 exaudiantur.

832 1173 936 1238 De
981 1174 1168 1238 bonis
1213 1173 1735 1255 000108108110186)
1782 1172 1944 1235 nihil
1989 1172 2124 1235 fere
2168 1172 2376 1237 habeo
2419 1193 2601 1253 prae-

661 1267 765 1324 ter
800 1259 1114 1324 audit-um.
1203 1256 1440 1322 Dicam
1475 1259 1677 1341 igitur
1723 1259 2009 1339 primum
2053 1278 2219 1339 quae
2264 1257 2602 1336 audierim,

663 1344 898 1410 deinde
941 1342 1092 1426 quid
1141 1346 1436 1407 sentiam.
1529 1345 2066 1425 Proscripserunt
2111 1341 2421 1424 quidquid
2464 1351 2606 1407 erat

663 1452 975 1497 censuum
1043 1451 1116 1495 ac
1173 1429 1504 1493 redituum
1571 1451 1640 1493 se
1685 1429 2064 1493 vendituros
2134 1428 2258 1494 hac
2320 1429 2463 1511 lege
2530 1441 2605 1492 ut

662 1538 814 1600 pars
839 1515 919 1580 ad
957 1535 1223 1579 manum
1251 1523 1723 1591 numeraretur,
1770 1537 1851 1578 ex
1889 1515 2138 1596 reliqua
2175 1535 2430 1578 summa
2451 1536 2602 1580 con-

661 1604 969 1667 ficeretur
1025 1621 1245 1665 annua
1302 1600 1547 1682 pensi0.
1659 1600 1934 1664 Addunt
1992 1601 2461 1681 exceptionem,
2520 1622 2603 1664 ne

662 1688 905 1753 diutius
950 1694 1248 1750 asserant
1301 1707 1377 1750 ac
1420 1695 1730 1749 tueantur
1775 1688 2247 1769 possessionem
2290 1687 2600 1768 emptori-

660 1772 785 1838 bus
829 1772 1033 1837 donec
1075 1771 1477 1854 provinciam
1536 1771 1940 1836 obtinebunt.
2033 1773 2177 1835 Hac
2232 1771 2601 1837 conditione

662 1859 823 1923 emit
877 1858 1119 1922 Petrus
1177 1856 1509 1922 Vendelius
1566 1858 1922 1939 prioratum
1985 1857 2164 1921 mille
2222 1857 2601 1940 quingentis

660 1944 1016 2018 coronatis,
1075 1942 1185 2006 alii
1243 1943 1445 2021 vites,
1505 1942 1612 2005 alii
1672 1964 1893 2026 agros,
1955 1943 2065 2006 alii
2124 1941 2363 2006 domos.
2455 1944 2602 2008 Iam

660 2027 814 2112 quid
873 2029 1117 2094 sentire
1176 2029 1435 2110 possim,
1488 2028 1626 2109 ipse
1682 2050 1799 2110 per
1853 2037 1918 2092 te
1972 2029 2292 2093 coniicies.
2396 2027 2600 2092 Vides

662 2115 1118 2180 alienationem
1180 2114 1339 2190 ficri,
1419 2114 1752 2178 ecclesiam
1822 2115 2104 2196 relinqui
2176 2114 2438 2191 nudam,
2530 2125 2601 2177 ut

660 2201 1085 2282 magistratus
1139 2198 1276 2274 det,
1335 2199 1522 2279 quasi
1577 2199 1657 2263 de
1715 2222 1860 2278 8110,
1930 2208 2247 2283 quantum
2305 2199 2600 2263 libuerit:

659 2283 831 2368 (111οᾶ
874 2285 929 2348 81
968 2284 1180 2350 officio
1225 2306 1342 2348 suo
1377 2306 1510 2348 non
1546 2286 1917 2362 satisfaciat,
1969 2287 2177 2368 possit
2211 2306 2358 2350 eam
2393 2286 2601 2367 ipsam

656 2371 1024 2454 portionem
1082 2391 1276 2452 quam
1337 2370 1681 2435 distribuet
1745 2385 2103 2453 amputare,
2128 2371 2184 2454 ⁷)
2251 2383 2317 2435 et
2381 2370 2460 2434 de
2523 2391 2602 2435 ea

658 2455 1010 2520 auferenda
1053 2456 1309 2520 minari.
1399 2455 1603 2520 Vobis
1647 2465 1864 2521 autem
1914 2456 2071 2538 quid
2111 2457 2477 2520 faciendum
2513 2457 2602 2522 sit

656 2563 790 2606 non
855 2550 954 2606 081
1015 2541 1202 2605 facile
1267 2542 1620 2625 explicare,
1687 2544 2075 2624 praesertim
2141 2564 2341 2624 quum
2408 2544 2600 2624 pauci

656 2628 794 2693 sint
827 2628 936 2710 qui
981 2648 1050 2691 se
1094 2646 1334 2710 magno
1380 2629 1600 2692 animo
1644 2627 1932 2692 invidiae
1975 2628 2250 2693 obiicere
2295 2627 2597 2706 audeant,

653 2712 879 2796 plures
923 2712 1333 2778 connivendo
1377 2713 1613 2777 malint
1659 2725 1876 2796 partes
1917 2735 2068 2779 suas
2127 2713 2441 2792 deserere,
2498 2722 2598 2777 at-

653 2819 781 2881 que
815 2799 910 2862 110
943 2798 1229 2863 retinere
1264 2798 1604 2863 hominum
1640 2801 1942 2882 gratiam,
1988 2821 2186 2882 quam
2221 2807 2600 2865 constanter

653 2903 731 2949 ac
776 2884 1038 2949 fortiter
1091 2883 1412 2967 loquendo
1466 2885 1799 2951 incurrere
1854 2887 1924 2950 in
1981 2886 2425 2951 offensionem.
2514 2885 2597 2949 In

651 2969 778 3034 hoc
812 2977 1032 3035 autem
1067 2990 1148 3033 ne
1197 2970 1331 3034 otio
1367 2968 1536 3034 nihil
1572 2971 1790 3054 agitur
1825 2973 1968 3036 sine
2003 2991 2341 3037 consensu.
2415 2972 2596 3055 Ergo

650 3055 900 3121 frustra
944 3055 1146 3137 aliqui
1232 3054 1539 3120 inchoare
1583 3056 1865 3135 studeas,
1917 3059 2042 3122 nisi
2084 3078 2312 3123 omnes
2356 3057 2597 3122 11011008

649 3140 772 3206 tibi
805 3141 1203 3207 coniunctos.
1291 3141 1438 3205 Hoc
1472 3148 1695 3206 tamen
1731 3152 1907 3208 certe
1951 3164 1991 3207 a
2033 3143 2217 3208 nobis
2260 3153 2595 3226 praestan·

652 3223 809 3290 dum
854 3233 957 3290 est
999 3246 1084 3289 ne
1128 3233 1242 3290 aut
1298 3226 1513 3292 verbis
1573 3235 1687 3291 aut
1744 3227 1882 3294 ulla
1937 3227 2066 3293 0110
2120 3230 2597 3313 significatione

649 3331 793 3376 rem
835 3331 973 3375 non
1016 3311 1248 3376 bonam
1294 3313 1744 3393 approbemus.

821 3395 1099 3461 Gaudeo
1143 3396 1313 3479 quod
1351 3418 1562 3478 nuper
1595 3419 1701 3462 me
1735 3421 1867 3463 non
1903 3399 2149 3464 frustra
2182 3400 2595 3483 fatigaverim

649 3479 990 3546 scribendo
1034 3482 1102 3545 in
1146 3482 1428 3556 Italiam,
1475 3483 1733 3564 quando
1783 3485 2013 3549 literae
2068 3507 2250 3550 meae
2308 3488 2375 3550 in
2431 3493 2592 3549 tem-

646 3587 804 3650 pore
847 3568 1073 3632 venire
1118 3589 1252 3632 non
1295 3576 1611 3649 poterant.
1631 3572 1693 3650 ⁸)
1780 3569 2118 3636 Habemus
2178 3572 2285 3636 bic
2340 3592 2593 3653 (1110(1110

648 3651 931 3718 0110111111
973 3651 1238 3730 Italum,
1263 3652 1317 3738 ⁹)
1366 3652 1700 3719 hominem
1744 3676 1988 3734 senem,
2034 3664 2103 3722 et
2142 3658 2285 3740 ipso
2327 3666 2590 3740 aspectu

848 3922 907 3985 ὃ)
945 3923 1063 3978 aliis
1099 3925 1226 3979 eod.
1269 3927 1358 3976 lll
1402 3927 1460 3980 B.
1500 3928 1566 3981 H.
1605 3930 1830 3999 Anglus.

849 3989 907 4056 6)
946 3991 1253 4048 Beruenses
1287 4011 1422 4064 αρτ-ο
1459 3997 1698 4051 Vadsnsi
1737 3999 1902 4066 potiti
1931 4006 2138 4065 partem
2176 4000 2392 4053 illorum
2427 4000 2585 4052 bono·

639 4075 766 4116 rum
799 4061 1113 4116 civitattbus
1161 4072 1538 4118 concesserunt
1584 4075 1645 4120 ut
1693 4069 1755 4119 in
1801 4082 1959 4119 usum
2005 4068 2308 4122 scholarum
2355 4073 2404 4121 et
2447 4083 2585 4135 pau·

639 4144 830 4198 perum
882 4145 947 4183 ea
997 4130 1447 4187 administrarent
1503 4136 1722 4204 aliaque
1783 4136 2004 4201 publica
2066 4137 2252 4202 officia
2314 4145 2585 4201 curarent,

639 4198 812 4252 aliam
858 4205 1068 4267 partem
1115 4201 1402 4267 stipendiis
1441 4204 1814 4257 ministrorum
1859 4205 2170 4268 fundandis
2217 4211 2585 4273 reservarunt,

639 4266 867 4336 reliquis
885 4266 1179 4322 divenditis
1211 4273 1488 4325 aerarium
1511 4287 1669 4325 suum
1694 4273 1973 4341 publicum
2015 4274 2277 4328 ditarunt.
2335 4274 2586 4339 (Ruchat

642 4334 754 4390 IV.
787 4335 891 4388 395
925 4351 996 4389 ss.
1071 4337 1356 4394 Hundesh.
1381 4357 1439 4408 p.
1477 4340 1621 4408 173).

848 4402 906 4468 7)
948 4404 1042 4459 Sic
1076 4422 1258 4461 omnes
1300 4409 1442 4475 bene,
1483 4417 1704 4477 praeter
1749 4408 2102 4465 Ionvillaeum
2139 4416 2239 4482 qui
2276 4427 2579 4480 perperam,

640 4471 695 4526 εἰ
723 4470 859 4541 Quid
892 4472 1149 4540 videmus,
1184 4476 1427 4545 scripsit:
1465 4479 1748 4547 imputare.

844 4539 904 4602 8)
947 4541 995 4594 0
1018 4583 1031 4595 .
1071 4543 1145 4596 N.
1179 4542 1299 4598 424.

842 4607 902 4674 9)
992 4613 1098 4663 itra
1135 4611 1358 4667 dubium
1403 4614 1586 4668 innuit
1620 4615 2032 4669 Bernardt'num
2075 4615 2355 4681 Ochinum,
2403 4635 2582 4686 nuper

675 4678 936 4732 meralem
993 4678 1408 4746 Capusinornm,
1457 4690 1509 4736 et
1558 4685 1711 4751 apud
1761 4684 2212 4752 Mediolanenses,
2265 4687 2487 4741 Venetos
2532 4694 2583 4741 et

636 4693 1988 4876 nassitanae.areatat.
2037 4751 2579 4880 ...ms

637 4884 856 4951 citatus,
903 4885 1164 4939 suadente
1262 4927 1274 4939 .
1328 4888 1577 4943 Vct-milio
1627 4891 1688 4944 in
1733 4891 2038 4943 Helvetium
2085 4907 2142 4944 se
2186 4893 2410 4960 recepit,
2472 4911 2578 4962 quo

635 4952 730 5006 ille
780 4953 917 5006 alter
965 4968 1084 5006 eum
1134 4971 1261 5009 mox
1310 4964 1568 5026 sequutus
1609 4965 1704 5013 est.
1789 4959 2038 5013 Primum
2094 4960 2353 5016 Turicum
2403 4964 2580 5032 petiit,

636 5020 833 5075 deindo
872 5021 1173 5087 Genavam
1209 5024 1275 5078 ds
1314 5031 1548 5093 tempore
1580 5044 1706 5082 vero
1742 5029 2006 5082 adventus
2041 5033 2355 5084 accuratius
2389 5031 2577 5096 defini·

635 5089 777 5144 mdo
808 5091 1120 5158 ambiqitur,
1173 5095 1244 5157 cf.
1283 5092 1527 5149 Schmidt
1573 5098 1635 5150 in
1683 5097 2018 5167 Realencycl.
2071 5097 2141 5150 X.
2189 5098 2308 5166 524,
2361 5099 2579 5159 M’Crie

629 5172 693 5228 p.
729 5157 844 5226 185,
907 5160 1150 5214 stechsel
1187 5161 1275 5214 11.
1315 5181 1377 5232 p.
1428 5165 1510 5232 22,
1559 5167 1644 5233 29,
1692 5166 1795 5218 202
1841 5182 1911 5219 ss.
1986 5165 2179 5221 Simler
2223 5171 2284 5222 in
2326 5168 2579 5224 Gardest'i

635 5225 843 5365 m
856 5229 1192 5352 alntz'fQIII.
1232 5231 1281 5301 1,
1309 5247 1374 5299 p.
1411 5233 1495 5287 21.
1552 5235 1794 5291 Schmidt
1841 5237 2097 5304 Vermiqli
2126 5253 2180 5305 p.
2219 5236 2286 5290 47
2292 5280 2302 5291 .
2362 5237 2575 5306 Ranke,

2201 382 2729 450 EPIS'POLAE
2775 385 3114 448 426—427

4543 393 4663 458 448

2718 570 3173 635 reverendum.
3289 572 3447 636 Fuit
3504 573 3675 654 apud
3732 594 3885 639 suos
3941 596 4220 658 magnae
4275 576 4660 643 autoritatis.

2717 656 2850 721 Hic
2892 658 3059 722 vivit
3101 668 3366 739 sumptu
3411 679 3548 723 8110.
3639 658 3717 724 Si
3761 661 4003 741 poterit
4058 659 4356 744 linguam
4399 662 4660 742 discere,

2716 744 2842 806 erit
2885 743 3230 824 aliquando
3277 764 3703 826 summopere,
3749 756 3825 809 ut
3867 767 4075 828 811010,
4122 747 4317 812 utilis,

2889 828 3161 892 Ioannes
3185 827 3535 910 bibliopola
3563 829 3643 914 ¹⁰)
3666 852 3877 913 nuper
3899 833 4058 896 istac
4080 854 4385 899 reversus
4408 855 4657 900 mecum

2716 912 2794 976 de
2852 912 3186 978 Zebedaeo
3250 913 3554 996 loquutus
3610 931 3725 980 est.
3816 918 4108 995 Dicebat,
4165 929 4469 1000 paratum
4522 942 4661 987 0880

2714 996 2845 1062 11110
2881 999 3107 1063 venire
3158 999 3213 1064 si
3249 999 3428 1064 locus
3463 1001 3646 1065 foret.
3738 1001 3921 1067 Nihil
3964 1002 4141 1067 aliud
4186 1006 4491 1087 respondi
4536 1008 4659 1072 nisi

2712 1105 2817 1148 me
2855 1084 2967 1147 tibi
3007 1084 3426 1166 scripturum.
3500 1084 3678 1166 Quid
3715 1097 3935 1152 autem
3971 1089 4249 1154 scribam
4278 1112 4409 1154 non
4431 1091 4658 1170 habeo,

2711 1170 2863 1251 quia
2906 1170 3237 1248 facultate,
3294 1179 3371 1234 ut
3414 1172 3558 1250 8018,
3616 1170 4051 1238 destituimur.
4139 1176 4231 1238 Et
4296 1185 4367 1240 tu
4426 1177 4659 1245 melius

2710 1254 3015 1337 colligere
3083 1265 3265 1338 potes
3323 1277 3521 1338 quam
3581 1258 3792 1323 multa
3844 1281 3962 1326 nos
4016 1260 4395 1345 impediant,
4462 1285 4659 1345 quam

2710 1361 2830 1423 ego
2877 1341 3135 1422 scriptis
3187 1341 3545 1424 complecti.

2877 1427 3004 1491 Est
3025 1426 3203 1491 aliud
3228 1427 3401 1509 quod
3424 1450 3531 1492 me
3551 1429 3981 1495 vehementer
4002 1432 4352 1498 excruciat.
4432 1431 4659 1513 Quum

2707 1520 3004 1592 putarem
3071 1514 3492 1595 compositam
3560 1535 3703 1580 esse
3767 1516 3950 1581 litem
4016 1540 4165 1582 cum
4237 1519 4653 1598 Bernatibus,

2708 1617 2854 1661 0000
2891 1596 3241 1679 derepente
3284 1600 3506 1664 omnia
3548 1601 3843 1684 abrupta.
3945 1602 4089 1666 Iam
4135 1603 4469 1669 decretum
4513 1615 4657 1670 erat

2709 1703 2748 1745 a
2792 1682 3130 1759 DiacosiiS,
3186 1683 3654 1750 remittendum
3699 1707 3841 1752 0880
3883 1688 4279 1754 Βο11101111118
4324 1689 4496 1772 (111οᾶ
4539 1713 4655 1774 110-

2708 1769 2966 1833 11010111.
3093 1769 3455 1835 Restabant
3518 1772 3808 1850 comitia,
3891 1772 3972 1838 de
4036 1773 4269 1856 quibus
4333 1775 4654 1842 habendis

2709 1874 2911 1935 quum
2957 1851 3243 1919 Senatus
3287 1864 3618 1935 tractaret,
3662 1858 4024 1925 Amedaeus
4049 1861 4126 1940 ¹¹)
4190 1872 4409 1926 1108101
4453 1861 4652 1927 dixit:

2708 1959 2777 2002 se
2842 1947 3198 2005 retractare
3263 1940 3432 2023 quod
3499 1954 3857 2009 censuerat.
3970 1945 4229 2010 Deinde
4287 1948 4656 2030 magnificis

2708 2024 2926 2089 verbis
2971 2025 3277 2090 disseruit
3320 2048 3513 2108 quam
3560 2030 3767 2112 turpis
3809 2032 3977 2095 foret
4018 2030 4134 2095 illa
4176 2034 4395 2097 008810.
4468 2034 4656 2100 Non-

2708 2108 2874 2173 nulli
2921 2131 3075 2174 eum
3117 2114 3375 2194 sequuti
3419 2123 3592 2179 sunt.
3682 2117 3784 2179 Eo
3846 2125 4116 2181 ventum
4171 2127 4271 2182 est
4323 2127 4396 2182 ut
4442 2117 4656 2185 Sexa-

2707 2193 2911 2278 ginta,
2957 2205 3183 2276 postea
3227 2198 3509 2263 Ducenti
3558 2211 3959 2267 vocarentur.
4065 2202 4285 2282 Quum
4330 2202 4657 2271 Ducentis

2706 2301 2811 2344 res
2877 2293 3047 2346 esset
3109 2284 3469 2364 proposita,
3536 2307 3683 2351 0000
3753 2286 4100 2370 Payuetus.
4168 2290 4352 2370 quasi
4415 2292 4656 2357 unicus

2705 2365 2896 2431 Atlas
2960 2367 3354 2449 reipublicae
3420 2371 3667 2436 acerbis
3730 2374 4038 2438 conviciis
4100 2375 4171 2438 in
4238 2396 4346 2440 eos
4400 2376 4653 2454 invehi,

2704 2452 2813 2533 qui
2880 2461 3112 2534 sponte
3182 2454 3413 2519 urbem
3478 2464 3615 2519 tam
3674 2457 4011 2540 praeclaro
4078 2460 4219 2523 iure
4276 2462 4655 2543 spoliarent.

2703 2537 2803 2601 Eo
2849 2555 3066 2602 autem
3111 2561 3314 2621 usque
3357 2543 3768 2608 contentione
3814 2551 4044 2626 raptus
4088 2552 4206 2622 est,
4256 2554 4330 2610 ut
4373 2544 4655 2613 Senatui

2703 2623 2914 2687 forum
2952 2624 3304 2707 lignarium
3347 2627 3725 2706 minaretur,
3766 2629 3877 2694 ubi
3914 2629 4217 2695 decollari
4253 2632 4466 2696 solent
4499 2654 4655 2715 pro·

2704 2708 2961 2773 ditores
3054 2710 3404 2776 Tumultus
3439 2713 3663 2795 gravis
3699 2715 4048 2780 excitatus:
4098 2716 4361 2781 tandem
4398 2719 4471 2782 in
4506 2720 4655 2784 eius

2702 2796 3092 2859 sententiam
3131 2795 3486 2861 discessum
3522 2808 3637 2876 est,
3683 2801 3809 2865 nisi
3853 2801 4022 2882 quod
4064 2801 4281 2867 iussus
4325 2814 4424 2868 est
4456 2805 4656 2869 flexis

2699 2879 2978 2963 genibus
3021 2881 3404 2964 suppliciter
3461 2885 3720 2949 veniam
3774 2906 3814 2950 0
3865 2885 4118 2952 Senatu
4171 2894 4411 2970 petere.
4501 2891 4656 2956 Hoc

2705 2986 2860 3030 vero
2916 2974 3150 3046 totum,
3210 2977 3287 3032 ut
3344 2969 3527 3048 scias,
3588 2990 3673 3034 ex
3729 2970 4015 3037 Macrini
4070 2973 4311 3055 prodiit
4366 2975 4652 3049 officina.

2701 3051 2815 3132 qui
2858 3051 3121 3117 videtur
3158 3053 3325 3118 mihi
3364 3053 3685 3121 destinato
3728 3057 3996 3123 consilio
4056 3058 4177 3123 hoc
4234 3069 4515 3143 captare,
4574 3080 4657 3128 ut,

2702 3136 2870 3201 duae
2914 3138 3212 3204 civitates
3265 3152 3577 3223 perpetuo
3631 3143 3804 3208 inter
3858 3164 3929 3208 80
3987 3143 4359 3210 dissideant.
4448 3147 4655 3212 Nunc.

2700 3221 2756 3286 si
2796 3242 3017 3304 posses
3058 3245 3176 3306 per
3217 3231 3397 3289 tuam
3442 3227 3963 3293 commoditatem
4011 3230 4139 3297 huc
4182 3237 4248 3295 te
4291 3253 4445 3296 mox
4489 3254 4650 3299 con-

2699 3307 2890 3385 ferre,
2934 3309 3125 3374 valde
3169 3310 3332 3374 mihi
3378 3321 3639 3393 gratum
3682 3315 3866 3379 foret.
3956 3315 4127 3379 Nam
4178 3315 4299 3381 etsi
4354 3319 4652 3384 remedio

2700 3392 2923 3458 nullus
2969 3395 3094 3458 crit
3136 3395 3334 3474 100118,
3380 3397 3502 3464 1100
3546 3406 3767 3463 tamen
3810 3421 3917 3464 me
3962 3409 4030 3464 et
4071 3413 4137 3466 te
4184 3402 4438 3467 iuvabit
4471 3405 4651 3487 quod

2701 3478 2872 3543 hanc
2916 3480 3352 3545 calamitatem
3396 3484 3568 3547 inter
3624 3506 3741 3549 nos
3801 3484 4297 3568 deplorabimus.
4387 3489 4649 3555 Verum

2699 3586 2782 3627 110
2837 3564 3090 3629 dubita:
3159 3567 3442 3632 multum
3496 3568 3790 3650 proderit
3841 3581 3994 3636 tuus
4050 3573 4387 3648 adventus,
4445 3575 4652 3641 modo

2697 3650 2932 3716 Lunae
2959 3651 3040 3725 ¹²)
3092 3651 3221 3717 huc
3264 3660 3330 3716 te
3387 3654 3596 3720 sistas.
3688 3654 3974 3722 Causam
4031 3668 4253 3723 tamen
4309 3681 4469 3724 cave
4526 3662 4651 3727 abs

2695 3744 2763 3799 te
2828 3737 3150 3819 quispiam
3214 3738 3558 3822 intelligat.
3660 3741 3830 3805 Nam
3892 3743 4310 3810 iureiurando
4370 3747 4645 3828 polliciti

2694 3831 2849 3884 sunt
2891 3822 3241 3900 silentium,
3287 3834 3604 3908 quotquot
3661 3826 3964 3892 aderant:
4032 3830 4249 3910 itaque
4308 3854 4435 3895 non
4494 3835 4650 3898 sine

2693 3907 2980 3989 periculo
3040 3909 3224 3973 foret.
3328 3911 3647 3977 Fructum
3714 3923 3864 3978 tuae
3931 3916 4346 3996 profectionis
4405 3939 4649 3985 ,0010111

2693 3992 2916 4056 audies
2961 4004 3171 4076 atque,
3220 4003 3298 4058 ut
3341 4017 3551 4078 spere,
3598 3998 3860 4064 senties.

2863 4079 3047 4155 Vale,
3093 4081 3185 4143 mi
3229 4081 3448 4146 frater.
3542 4084 3865 4149 Dominus
3910 4093 3976 4149 te
4022 4096 4388 4161 conservet,
4440 4095 4646 4172 atque

2692 4161 2820 4228 huc
2874 4164 3268 4229 incolumem
3336 4165 3635 4232 celeriter
3693 4168 3986 4235 adducat.
4093 4170 4331 4237 Saluta
4395 4175 4645 4239 fratres

2689 4269 2912 4314 omnes
2977 4259 3045 4313 et
3110 4259 3287 4315 tuam
3354 4254 3667 4319 familiam
3729 4276 3874 4319 meo
3941 4265 4007 4320 et
4063 4259 4287 4323 uxoris
4353 4262 4643 4326 nomine.

2690 4333 3017 4400 Genevae.
3050 4338 3134 4420 ιε1)

3600 4477 3882 4543 Ioannes
3928 4478 4243 4546 Calvinus
4289 4492 4457 4549 tuus.

2857 4677 2949 4738 10)
2992 4676 3221 4732 Girard.

2858 4745 2950 4806 11)
2986 4746 3189 4801 Peru-in
3226 4747 3429 4817 (Roget
3464 4749 3550 4802 11.
3586 4749 3653 4803 92
3690 4751 3787 4817 ss.)

2857 4813 2951 4878 12)
2988 4817 3107 4868 dies
3143 4816 3341 4870 Lunae
3375 4834 3443 4870 m.
3487 4817 3711 4873 octobre
3737 4821 3965 4886 fuerunt
4000 4820 4047 4874 2.
4087 4821 4137 4874 9.
4174 4828 4269 4877 etc.

2855 4881 2946 4947 13)
2986 4881 3076 4937 De
3109 4883 3197 4938 die
3233 4887 3468 4953 scriptae
3504 4888 3758 4954 epistolae
3804 4904 3869 4943 ex
3904 4892 3977 4943 iis
4023 4906 4161 4960 quae
4203 4897 4316 4947 not.
4351 4892 4400 4947 3.
4448 4900 4497 4948 et
4546 4894 4641 4950 12,

2683 4951 2831 5005 dicta
2866 4957 2997 5006 sunt
3029 4955 3393 5008 coniecturam
3425 4956 3633 5020 feceris.
