<?xml version="1.0" encoding="UTF-8"?>
<!DOCTYPE html PUBLIC "-//W3C//DTD XHTML 1.0 Transitional//EN"
    "http://www.w3.org/TR/xhtml1/DTD/xhtml1-transitional.dtd">
<html xmlns="http://www.w3.org/1999/xhtml" xml:lang="en" lang="en">
 <head>
  <title>
</title>
<meta http-equiv="Content-Type" content="text/html;charset=utf-8" />
  <meta name='ocr-system' content='tesseract 3.04.00' />
  <meta name='ocr-capabilities' content='ocr_page ocr_carea ocr_par ocr_line ocrx_word'/>
</head>
<body>
  <div class='ocr_page' id='page_1' title='image "./ioanniscalvinio13unkngoog_0145.png"; bbox 0 0 5050 6167; ppageno 0'>
   <div class='ocr_carea' id='block_1_1' title="bbox 488 396 608 458">
    <p class='ocr_par' dir='ltr' id='par_1_1' title="bbox 488 396 608 458">
     <span class='ocr_line' id='line_1_1' title="bbox 488 396 608 458; baseline 0 0"><span class='ocrx_word' id='word_1_1' title='bbox 488 396 608 458; x_wconf 82' lang='lat'>265</span> 
     </span>
    </p>
   </div>
   <div class='ocr_carea' id='block_1_2' title="bbox 490 575 2430 715">
    <p class='ocr_par' dir='ltr' id='par_1_2' title="bbox 490 575 2430 715">
     <span class='ocr_line' id='line_1_2' title="bbox 490 575 2430 652; baseline -0.001 -18"><span class='ocrx_word' id='word_1_2' title='bbox 490 581 785 652; x_wconf 67' lang='lat' dir='ltr'>(lt-prens</span> <span class='ocrx_word' id='word_1_3' title='bbox 830 580 1033 636; x_wconf 78' lang='lat' dir='ltr'>Genov.</span> <span class='ocrx_word' id='word_1_4' title='bbox 1070 579 1209 635; x_wconf 75' lang='lat'><strong>1576</strong></span> <span class='ocrx_word' id='word_1_5' title='bbox 1240 597 1293 650; x_wconf 90' lang='lat' dir='ltr'>p.</span> <span class='ocrx_word' id='word_1_6' title='bbox 1328 579 1448 646; x_wconf 76' lang='lat'>419,</span> <span class='ocrx_word' id='word_1_7' title='bbox 1498 579 1724 637; x_wconf 77' lang='lat' dir='ltr'>Obouet.</span> <span class='ocrx_word' id='word_1_8' title='bbox 1758 596 1814 650; x_wconf 87' lang='lat' dir='ltr'>p.</span> <span class='ocrx_word' id='word_1_9' title='bbox 1847 578 1968 646; x_wconf 68' lang='lat'>⁶84,</span> <span class='ocrx_word' id='word_1_10' title='bbox 2005 580 2183 633; x_wconf 71' lang='lat' dir='ltr'>Amat.</span> <span class='ocrx_word' id='word_1_11' title='bbox 2220 596 2277 648; x_wconf 89' lang='lat' dir='ltr'>p.</span> <span class='ocrx_word' id='word_1_12' title='bbox 2309 575 2430 633; x_wconf 73' lang='lat'>262.</span> 
     </span>
     <span class='ocr_line' id='line_1_3' title="bbox 1084 648 1830 715; baseline -0.004 -11"><span class='ocrx_word' id='word_1_13' title='bbox 1084 651 1146 704; x_wconf 87' lang='lat' dir='ltr'>ln</span> <span class='ocrx_word' id='word_1_14' title='bbox 1181 650 1413 704; x_wconf 76' lang='lat' dir='ltr'>caeteris</span> <span class='ocrx_word' id='word_1_15' title='bbox 1446 648 1830 715; x_wconf 80' lang='lat' dir='ltr'>desideratur.)</span> 
     </span>
    </p>
   </div>
   <div class='ocr_carea' id='block_1_3' title="bbox 484 835 2442 5036">
    <p class='ocr_par' dir='ltr' id='par_1_3' title="bbox 484 835 2436 3918">
     <span class='ocr_line' id='line_1_4' title="bbox 657 835 2430 922; baseline -0.001 -20"><span class='ocrx_word' id='word_1_16' title='bbox 657 835 839 903; x_wconf 83' lang='lat' dir='ltr'>Satis</span> <span class='ocrx_word' id='word_1_17' title='bbox 858 837 1142 904; x_wconf 79' lang='lat' dir='ltr'><strong>arbitror</strong></span> <span class='ocrx_word' id='word_1_18' title='bbox 1172 846 1244 903; x_wconf 87' lang='lat' dir='ltr'>te</span> <span class='ocrx_word' id='word_1_19' title='bbox 1264 838 1620 922; x_wconf 88' lang='lat' dir='ltr'>discupere,</span> <span class='ocrx_word' id='word_1_20' title='bbox 1656 836 1812 920; x_wconf 90' lang='lat' dir='ltr'>quid</span> <span class='ocrx_word' id='word_1_21' title='bbox 1839 835 2155 904; x_wconf 86' lang='lat' dir='ltr'>Genevae</span> <span class='ocrx_word' id='word_1_22' title='bbox 2176 842 2430 919; x_wconf 77' lang='lat' dir='ltr'><strong>agatur,</strong></span> 
     </span>
     <span class='ocr_line' id='line_1_5' title="bbox 487 920 2428 1007; baseline -0.002 -19"><span class='ocrx_word' id='word_1_23' title='bbox 487 923 750 990; x_wconf 86' lang='lat' dir='ltr'>rescire:</span> <span class='ocrx_word' id='word_1_24' title='bbox 798 944 919 1007; x_wconf 89' lang='lat' dir='ltr'>ego</span> <span class='ocrx_word' id='word_1_25' title='bbox 977 945 1108 989; x_wconf 89' lang='lat' dir='ltr'>non</span> <span class='ocrx_word' id='word_1_26' title='bbox 1166 923 1387 990; x_wconf 89' lang='lat' dir='ltr'>minus</span> <span class='ocrx_word' id='word_1_27' title='bbox 1456 943 1688 1006; x_wconf 85' lang='lat' dir='ltr'>angor,</span> <span class='ocrx_word' id='word_1_28' title='bbox 1755 922 1926 1005; x_wconf 90' lang='lat' dir='ltr'>quod</span> <span class='ocrx_word' id='word_1_29' title='bbox 1979 944 2107 986; x_wconf 92' lang='lat' dir='ltr'>non</span> <span class='ocrx_word' id='word_1_30' title='bbox 2169 920 2428 986; x_wconf 78' lang='lat' dir='ltr'><strong>audiam</strong></span> 
     </span>
     <span class='ocr_line' id='line_1_6' title="bbox 486 1007 2429 1094; baseline -0.002 -19"><span class='ocrx_word' id='word_1_31' title='bbox 486 1007 755 1092; x_wconf 83' lang='lat' dir='ltr'>aliquid:</span> <span class='ocrx_word' id='word_1_32' title='bbox 802 1030 1032 1076; x_wconf 89' lang='lat' dir='ltr'>verum</span> <span class='ocrx_word' id='word_1_33' title='bbox 1076 1010 1247 1075; x_wconf 90' lang='lat' dir='ltr'>malo</span> <span class='ocrx_word' id='word_1_34' title='bbox 1291 1009 1454 1075; x_wconf 84' lang='lat' dir='ltr'><strong>nihil</strong></span> <span class='ocrx_word' id='word_1_35' title='bbox 1500 1030 1768 1094; x_wconf 88' lang='lat' dir='ltr'>prorsus</span> <span class='ocrx_word' id='word_1_36' title='bbox 1805 1007 2188 1091; x_wconf 89' lang='lat' dir='ltr'>intelligere,</span> <span class='ocrx_word' id='word_1_37' title='bbox 2232 1028 2429 1090; x_wconf 90' lang='lat' dir='ltr'>quam</span> 
     </span>
     <span class='ocr_line' id='line_1_7' title="bbox 488 1092 2430 1178; baseline -0.002 -18"><span class='ocrx_word' id='word_1_38' title='bbox 488 1095 826 1160; x_wconf 85' lang='lat' dir='ltr'>sinistrum</span> <span class='ocrx_word' id='word_1_39' title='bbox 883 1095 1147 1177; x_wconf 86' lang='lat' dir='ltr'>aliquid.</span> <span class='ocrx_word' id='word_1_40' title='bbox 1245 1096 1349 1160; x_wconf 77' lang='lat' dir='ltr'>Tu</span> <span class='ocrx_word' id='word_1_41' title='bbox 1397 1105 1574 1161; x_wconf 89' lang='lat' dir='ltr'>certe</span> <span class='ocrx_word' id='word_1_42' title='bbox 1631 1093 1872 1178; x_wconf 85' lang='lat' dir='ltr'>dignus</span> <span class='ocrx_word' id='word_1_43' title='bbox 1926 1116 2026 1172; x_wconf 87' lang='lat' dir='ltr'>es,</span> <span class='ocrx_word' id='word_1_44' title='bbox 2083 1093 2195 1175; x_wconf 89' lang='lat' dir='ltr'>qui</span> <span class='ocrx_word' id='word_1_45' title='bbox 2260 1092 2430 1158; x_wconf 86' lang='lat' dir='ltr'><strong>nihil</strong></span> 
     </span>
     <span class='ocr_line' id='line_1_8' title="bbox 487 1178 2433 1263; baseline -0.002 -16"><span class='ocrx_word' id='word_1_46' title='bbox 487 1181 815 1256; x_wconf 72' lang='lat' dir='ltr'>rescissas,</span> <span class='ocrx_word' id='word_1_47' title='bbox 862 1201 1065 1263; x_wconf 89' lang='lat' dir='ltr'>quum</span> <span class='ocrx_word' id='word_1_48' title='bbox 1106 1182 1408 1247; x_wconf 89' lang='lat' dir='ltr'>omnibus</span> <span class='ocrx_word' id='word_1_49' title='bbox 1449 1181 1580 1247; x_wconf 87' lang='lat' dir='ltr'>illis</span> <span class='ocrx_word' id='word_1_50' title='bbox 1622 1181 1753 1245; x_wconf 91' lang='lat' dir='ltr'>iam</span> <span class='ocrx_word' id='word_1_51' title='bbox 1798 1200 2103 1263; x_wconf 86' lang='lat' dir='ltr'>praesens</span> <span class='ocrx_word' id='word_1_52' title='bbox 2140 1178 2433 1244; x_wconf 82' lang='lat' dir='ltr'><strong>hortator</strong></span> 
     </span>
     <span class='ocr_line' id='line_1_9' title="bbox 488 1263 2429 1350; baseline -0.002 -18"><span class='ocrx_word' id='word_1_53' title='bbox 488 1287 629 1332; x_wconf 88' lang='lat' dir='ltr'>esse</span> <span class='ocrx_word' id='word_1_54' title='bbox 684 1263 953 1330; x_wconf 78' lang='lat' dir='ltr'>deberes</span> <span class='ocrx_word' id='word_1_55' title='bbox 997 1264 1079 1330; x_wconf 90' lang='lat' dir='ltr'>ad</span> <span class='ocrx_word' id='word_1_56' title='bbox 1123 1269 1400 1350; x_wconf 88' lang='lat' dir='ltr'>optima:</span> <span class='ocrx_word' id='word_1_57' title='bbox 1458 1266 1571 1333; x_wconf 91' lang='lat' dir='ltr'>sed</span> <span class='ocrx_word' id='word_1_58' title='bbox 1613 1285 1807 1350; x_wconf 89' lang='lat' dir='ltr'>quem</span> <span class='ocrx_word' id='word_1_59' title='bbox 1861 1286 2159 1332; x_wconf 88' lang='lat' dir='ltr'>accusem</span> <span class='ocrx_word' id='word_1_60' title='bbox 2203 1267 2429 1348; x_wconf 87' lang='lat' dir='ltr'>magis,</span> 
     </span>
     <span class='ocr_line' id='line_1_10' title="bbox 488 1349 2429 1429; baseline -0.002 -12"><span class='ocrx_word' id='word_1_61' title='bbox 488 1360 555 1417; x_wconf 83' lang='lat' dir='ltr'>te</span> <span class='ocrx_word' id='word_1_62' title='bbox 598 1373 682 1415; x_wconf 89' lang='lat' dir='ltr'>an</span> <span class='ocrx_word' id='word_1_63' title='bbox 742 1350 1038 1429; x_wconf 77' lang='lat' dir='ltr'>Viretum,</span> <span class='ocrx_word' id='word_1_64' title='bbox 1086 1353 1321 1418; x_wconf 90' lang='lat' dir='ltr'>nescio.</span> <span class='ocrx_word' id='word_1_65' title='bbox 1411 1351 1679 1418; x_wconf 87' lang='lat' dir='ltr'>Dudum</span> <span class='ocrx_word' id='word_1_66' title='bbox 1723 1349 2059 1417; x_wconf 79' lang='lat' dir='ltr'>advolasse</span> <span class='ocrx_word' id='word_1_67' title='bbox 2094 1349 2429 1427; x_wconf 83' lang='lat' dir='ltr'>debueras,</span> 
     </span>
     <span class='ocr_line' id='line_1_11' title="bbox 490 1436 2430 1519; baseline -0.002 -17"><span class='ocrx_word' id='word_1_68' title='bbox 490 1438 687 1502; x_wconf 86' lang='lat' dir='ltr'>etiam</span> <span class='ocrx_word' id='word_1_69' title='bbox 756 1437 1057 1502; x_wconf 90' lang='lat' dir='ltr'>omnibus</span> <span class='ocrx_word' id='word_1_70' title='bbox 1124 1439 1664 1504; x_wconf 86' lang='lat' dir='ltr'>reclamantibus:</span> <span class='ocrx_word' id='word_1_71' title='bbox 1729 1457 1887 1501; x_wconf 88' lang='lat' dir='ltr'>nam</span> <span class='ocrx_word' id='word_1_72' title='bbox 1955 1436 2111 1519; x_wconf 89' lang='lat' dir='ltr'>quid</span> <span class='ocrx_word' id='word_1_73' title='bbox 2170 1456 2430 1500; x_wconf 89' lang='lat' dir='ltr'>movere</span> 
     </span>
     <span class='ocr_line' id='line_1_12' title="bbox 489 1522 2430 1606; baseline -0.001 -19"><span class='ocrx_word' id='word_1_74' title='bbox 489 1522 773 1606; x_wconf 84' lang='lat' dir='ltr'>aliquem</span> <span class='ocrx_word' id='word_1_75' title='bbox 826 1544 1113 1605; x_wconf 89' lang='lat' dir='ltr'>unquam</span> <span class='ocrx_word' id='word_1_76' title='bbox 1170 1523 1387 1602; x_wconf 85' lang='lat' dir='ltr'>debet,</span> <span class='ocrx_word' id='word_1_77' title='bbox 1449 1526 1502 1589; x_wconf 90' lang='lat' dir='ltr'>si</span> <span class='ocrx_word' id='word_1_78' title='bbox 1562 1533 1633 1590; x_wconf 91' lang='lat' dir='ltr'>tu</span> <span class='ocrx_word' id='word_1_79' title='bbox 1687 1543 1821 1587; x_wconf 90' lang='lat' dir='ltr'>non</span> <span class='ocrx_word' id='word_1_80' title='bbox 1875 1523 2125 1606; x_wconf 88' lang='lat' dir='ltr'>cogeris</span> <span class='ocrx_word' id='word_1_81' title='bbox 2168 1541 2430 1586; x_wconf 90' lang='lat' dir='ltr'>currere</span> 
     </span>
     <span class='ocr_line' id='line_1_13' title="bbox 488 1607 2429 1692; baseline -0.002 -18"><span class='ocrx_word' id='word_1_82' title='bbox 488 1608 571 1675; x_wconf 93' lang='lat' dir='ltr'>ob</span> <span class='ocrx_word' id='word_1_83' title='bbox 614 1630 693 1673; x_wconf 91' lang='lat' dir='ltr'>ea</span> <span class='ocrx_word' id='word_1_84' title='bbox 734 1630 899 1691; x_wconf 89' lang='lat' dir='ltr'>quae</span> <span class='ocrx_word' id='word_1_85' title='bbox 942 1616 1007 1674; x_wconf 89' lang='lat' dir='ltr'>te</span> <span class='ocrx_word' id='word_1_86' title='bbox 1049 1610 1430 1692; x_wconf 76' lang='lat' dir='ltr'>pertrahere</span> <span class='ocrx_word' id='word_1_87' title='bbox 1474 1609 1710 1675; x_wconf 90' lang='lat' dir='ltr'>debent</span> <span class='ocrx_word' id='word_1_88' title='bbox 1752 1629 1950 1691; x_wconf 90' lang='lat' dir='ltr'>quam</span> <span class='ocrx_word' id='word_1_89' title='bbox 2004 1607 2312 1673; x_wconf 78' lang='lat' dir='ltr'>citissime</span> <span class='ocrx_word' id='word_1_90' title='bbox 2359 1608 2429 1671; x_wconf 91' lang='lat' dir='ltr'>in</span> 
     </span>
     <span class='ocr_line' id='line_1_14' title="bbox 489 1691 2427 1778; baseline -0.003 -19"><span class='ocrx_word' id='word_1_91' title='bbox 489 1694 671 1759; x_wconf 87' lang='lat' dir='ltr'>illam</span> <span class='ocrx_word' id='word_1_92' title='bbox 695 1693 1081 1760; x_wconf 87' lang='lat' dir='ltr'>ecclesiam?</span> <span class='ocrx_word' id='word_1_93' title='bbox 1148 1696 1517 1778; x_wconf 86' lang='lat' dir='ltr'>Exspectas</span> <span class='ocrx_word' id='word_1_94' title='bbox 1560 1706 1636 1760; x_wconf 89' lang='lat' dir='ltr'>ut</span> <span class='ocrx_word' id='word_1_95' title='bbox 1658 1693 1906 1776; x_wconf 88' lang='lat' dir='ltr'>lapides</span> <span class='ocrx_word' id='word_1_96' title='bbox 1943 1691 2427 1757; x_wconf 79' lang='lat' dir='ltr'>vociferentur?</span> 
     </span>
     <span class='ocr_line' id='line_1_15' title="bbox 489 1777 2430 1864; baseline -0.002 -20"><span class='ocrx_word' id='word_1_97' title='bbox 489 1780 733 1845; x_wconf 83' lang='lat' dir='ltr'>Hostes</span> <span class='ocrx_word' id='word_1_98' title='bbox 785 1781 912 1864; x_wconf 87' lang='lat' dir='ltr'>ipsi</span> <span class='ocrx_word' id='word_1_99' title='bbox 954 1788 1279 1864; x_wconf 86' lang='lat' dir='ltr'>coguntur</span> <span class='ocrx_word' id='word_1_100' title='bbox 1331 1781 1524 1846; x_wconf 88' lang='lat' dir='ltr'>fateri</span> <span class='ocrx_word' id='word_1_101' title='bbox 1566 1790 1631 1845; x_wconf 92' lang='lat' dir='ltr'>te</span> <span class='ocrx_word' id='word_1_102' title='bbox 1687 1799 1727 1844; x_wconf 87' lang='lat' dir='ltr'>a</span> <span class='ocrx_word' id='word_1_103' title='bbox 1785 1781 1927 1844; x_wconf 89' lang='lat' dir='ltr'>Deo</span> <span class='ocrx_word' id='word_1_104' title='bbox 1981 1778 2136 1844; x_wconf 90' lang='lat' dir='ltr'>illuc</span> <span class='ocrx_word' id='word_1_105' title='bbox 2193 1777 2430 1854; x_wconf 86' lang='lat' dir='ltr'>vocari,</span> 
     </span>
     <span class='ocr_line' id='line_1_16' title="bbox 491 1863 2430 1950; baseline -0.001 -20"><span class='ocrx_word' id='word_1_106' title='bbox 491 1872 687 1948; x_wconf 84' lang='lat' dir='ltr'>teque</span> <span class='ocrx_word' id='word_1_107' title='bbox 750 1886 884 1930; x_wconf 90' lang='lat' dir='ltr'>uon</span> <span class='ocrx_word' id='word_1_108' title='bbox 948 1887 1138 1950; x_wconf 85' lang='lat' dir='ltr'>posse</span> <span class='ocrx_word' id='word_1_109' title='bbox 1212 1867 1434 1945; x_wconf 85' lang='lat' dir='ltr'>aliter,</span> <span class='ocrx_word' id='word_1_110' title='bbox 1512 1866 1641 1931; x_wconf 90' lang='lat' dir='ltr'>nisi</span> <span class='ocrx_word' id='word_1_111' title='bbox 1705 1885 2076 1947; x_wconf 85' lang='lat' dir='ltr'>repugnare</span> <span class='ocrx_word' id='word_1_112' title='bbox 2144 1863 2430 1928; x_wconf 89' lang='lat' dir='ltr'>Domino</span> 
     </span>
     <span class='ocr_line' id='line_1_17' title="bbox 486 1948 2430 2034; baseline -0.002 -18"><span class='ocrx_word' id='word_1_113' title='bbox 486 1950 670 2016; x_wconf 83' lang='lat' dir='ltr'>velis.</span> <span class='ocrx_word' id='word_1_114' title='bbox 758 1951 1025 2016; x_wconf 91' lang='lat' dir='ltr'>Piorum</span> <span class='ocrx_word' id='word_1_115' title='bbox 1080 1953 1222 2034; x_wconf 90' lang='lat' dir='ltr'>quis</span> <span class='ocrx_word' id='word_1_116' title='bbox 1262 1962 1389 2030; x_wconf 85' lang='lat' dir='ltr'>est,</span> <span class='ocrx_word' id='word_1_117' title='bbox 1448 1971 1612 2034; x_wconf 88' lang='lat' dir='ltr'>quae</span> <span class='ocrx_word' id='word_1_118' title='bbox 1654 1948 1905 2017; x_wconf 83' lang='lat' dir='ltr'>Christi</span> <span class='ocrx_word' id='word_1_119' title='bbox 1956 1949 2244 2026; x_wconf 86' lang='lat' dir='ltr'>ecclesia,</span> <span class='ocrx_word' id='word_1_120' title='bbox 2290 1970 2430 2013; x_wconf 90' lang='lat' dir='ltr'>rem</span> 
     </span>
     <span class='ocr_line' id='line_1_18' title="bbox 485 2037 2431 2121; baseline -0.002 -20"><span class='ocrx_word' id='word_1_121' title='bbox 485 2037 881 2121; x_wconf 88' lang='lat' dir='ltr'>intelligens,</span> <span class='ocrx_word' id='word_1_122' title='bbox 929 2058 1093 2121; x_wconf 89' lang='lat' dir='ltr'>quae</span> <span class='ocrx_word' id='word_1_123' title='bbox 1146 2059 1279 2102; x_wconf 95' lang='lat' dir='ltr'>non</span> <span class='ocrx_word' id='word_1_124' title='bbox 1333 2045 1398 2103; x_wconf 90' lang='lat' dir='ltr'>te</span> <span class='ocrx_word' id='word_1_125' title='bbox 1456 2048 1694 2121; x_wconf 86' lang='lat' dir='ltr'>arguat</span> <span class='ocrx_word' id='word_1_126' title='bbox 1749 2043 2132 2113; x_wconf 80' lang='lat' dir='ltr'>cessantem,</span> <span class='ocrx_word' id='word_1_127' title='bbox 2189 2043 2256 2100; x_wconf 91' lang='lat' dir='ltr'>et</span> <span class='ocrx_word' id='word_1_128' title='bbox 2297 2055 2431 2099; x_wconf 89' lang='lat' dir='ltr'>non</span> 
     </span>
     <span class='ocr_line' id='line_1_19' title="bbox 488 2118 2426 2206; baseline -0.002 -18"><span class='ocrx_word' id='word_1_129' title='bbox 488 2132 816 2206; x_wconf 86' lang='lat' dir='ltr'>stupescat</span> <span class='ocrx_word' id='word_1_130' title='bbox 880 2130 945 2186; x_wconf 89' lang='lat' dir='ltr'>te</span> <span class='ocrx_word' id='word_1_131' title='bbox 1012 2121 1264 2188; x_wconf 89' lang='lat' dir='ltr'>tamdiu</span> <span class='ocrx_word' id='word_1_132' title='bbox 1330 2123 1595 2188; x_wconf 82' lang='lat' dir='ltr'>differre</span> <span class='ocrx_word' id='word_1_133' title='bbox 1659 2120 2057 2186; x_wconf 88' lang='lat' dir='ltr'>adventum?</span> <span class='ocrx_word' id='word_1_134' title='bbox 2139 2121 2193 2185; x_wconf 89' lang='lat' dir='ltr'>si</span> <span class='ocrx_word' id='word_1_135' title='bbox 2272 2118 2426 2185; x_wconf 91' lang='lat' dir='ltr'>dum</span> 
     </span>
     <span class='ocr_line' id='line_1_20' title="bbox 486 2206 2430 2292; baseline -0.003 -18"><span class='ocrx_word' id='word_1_136' title='bbox 486 2229 704 2274; x_wconf 88' lang='lat' dir='ltr'>moras</span> <span class='ocrx_word' id='word_1_137' title='bbox 746 2216 893 2273; x_wconf 87' lang='lat' dir='ltr'>tuas</span> <span class='ocrx_word' id='word_1_138' title='bbox 935 2209 1146 2292; x_wconf 88' lang='lat' dir='ltr'>cogito</span> <span class='ocrx_word' id='word_1_139' title='bbox 1189 2209 1548 2289; x_wconf 88' lang='lat' dir='ltr'>concidam,</span> <span class='ocrx_word' id='word_1_140' title='bbox 1591 2228 1858 2291; x_wconf 90' lang='lat' dir='ltr'>prorsus</span> <span class='ocrx_word' id='word_1_141' title='bbox 1899 2207 2118 2272; x_wconf 86' lang='lat' dir='ltr'>neseio</span> <span class='ocrx_word' id='word_1_142' title='bbox 2154 2206 2263 2272; x_wconf 91' lang='lat' dir='ltr'>ubi</span> <span class='ocrx_word' id='word_1_143' title='bbox 2287 2207 2430 2283; x_wconf 89' lang='lat' dir='ltr'>sim,</span> 
     </span>
     <span class='ocr_line' id='line_1_21' title="bbox 488 2293 2433 2360; baseline -0.002 -1"><span class='ocrx_word' id='word_1_144' title='bbox 488 2303 558 2359; x_wconf 89' lang='lat' dir='ltr'>et</span> <span class='ocrx_word' id='word_1_145' title='bbox 611 2294 768 2359; x_wconf 91' lang='lat' dir='ltr'>dum</span> <span class='ocrx_word' id='word_1_146' title='bbox 826 2294 1106 2359; x_wconf 76' lang='lat' dir='ltr'>Viretum</span> <span class='ocrx_word' id='word_1_147' title='bbox 1156 2294 1347 2360; x_wconf 85' lang='lat' dir='ltr'>video</span> <span class='ocrx_word' id='word_1_148' title='bbox 1401 2315 1532 2359; x_wconf 91' lang='lat' dir='ltr'>non</span> <span class='ocrx_word' id='word_1_149' title='bbox 1593 2294 1786 2358; x_wconf 88' lang='lat' dir='ltr'>aliter</span> <span class='ocrx_word' id='word_1_150' title='bbox 1826 2293 2311 2358; x_wconf 78' lang='lat' dir='ltr'>incumbentem</span> <span class='ocrx_word' id='word_1_151' title='bbox 2354 2300 2433 2357; x_wconf 89' lang='lat' dir='ltr'>ut</span> 
     </span>
     <span class='ocr_line' id='line_1_22' title="bbox 487 2377 2433 2463; baseline -0.003 -17"><span class='ocrx_word' id='word_1_152' title='bbox 487 2379 867 2446; x_wconf 82' lang='lat' dir='ltr'>sublevetur</span> <span class='ocrx_word' id='word_1_153' title='bbox 905 2389 1090 2445; x_wconf 85' lang='lat' dir='ltr'>tanta</span> <span class='ocrx_word' id='word_1_154' title='bbox 1131 2401 1351 2446; x_wconf 90' lang='lat' dir='ltr'>rerum</span> <span class='ocrx_word' id='word_1_155' title='bbox 1408 2379 1580 2445; x_wconf 92' lang='lat' dir='ltr'>mole</span> <span class='ocrx_word' id='word_1_156' title='bbox 1634 2398 1933 2463; x_wconf 88' lang='lat' dir='ltr'>pressus,</span> <span class='ocrx_word' id='word_1_157' title='bbox 1990 2377 2122 2443; x_wconf 89' lang='lat' dir='ltr'>illis</span> <span class='ocrx_word' id='word_1_158' title='bbox 2189 2378 2433 2443; x_wconf 88' lang='lat' dir='ltr'>scilieet</span> 
     </span>
     <span class='ocr_line' id='line_1_23' title="bbox 488 2466 2429 2549; baseline -0.002 -18"><span class='ocrx_word' id='word_1_159' title='bbox 488 2466 799 2549; x_wconf 88' lang='lat' dir='ltr'>stipatus,</span> <span class='ocrx_word' id='word_1_160' title='bbox 866 2486 1130 2549; x_wconf 88' lang='lat' dir='ltr'>corpore</span> <span class='ocrx_word' id='word_1_161' title='bbox 1194 2468 1288 2532; x_wconf 89' lang='lat' dir='ltr'>sic</span> <span class='ocrx_word' id='word_1_162' title='bbox 1349 2466 1608 2545; x_wconf 86' lang='lat' dir='ltr'>affecto,</span> <span class='ocrx_word' id='word_1_163' title='bbox 1674 2485 1873 2547; x_wconf 87' lang='lat' dir='ltr'>reque</span> <span class='ocrx_word' id='word_1_164' title='bbox 1931 2472 2069 2528; x_wconf 89' lang='lat' dir='ltr'>tam</span> <span class='ocrx_word' id='word_1_165' title='bbox 2133 2472 2429 2546; x_wconf 88' lang='lat' dir='ltr'>urgente,</span> 
     </span>
     <span class='ocr_line' id='line_1_24' title="bbox 486 2548 2433 2635; baseline -0.002 -17"><span class='ocrx_word' id='word_1_166' title='bbox 486 2572 685 2635; x_wconf 87' lang='lat' dir='ltr'>quam</span> <span class='ocrx_word' id='word_1_167' title='bbox 740 2571 973 2616; x_wconf 83' lang='lat' dir='ltr'>verum</span> <span class='ocrx_word' id='word_1_168' title='bbox 1029 2553 1242 2616; x_wconf 88' lang='lat' dir='ltr'>sentio</span> <span class='ocrx_word' id='word_1_169' title='bbox 1300 2550 1491 2631; x_wconf 90' lang='lat' dir='ltr'>illud,</span> <span class='ocrx_word' id='word_1_170' title='bbox 1552 2549 2004 2634; x_wconf 88' lang='lat' dir='ltr'>prudentiores</span> <span class='ocrx_word' id='word_1_171' title='bbox 2059 2569 2201 2614; x_wconf 88' lang='lat' dir='ltr'>esse</span> <span class='ocrx_word' id='word_1_172' title='bbox 2264 2548 2433 2615; x_wconf 84' lang='lat' dir='ltr'>filios</span> 
     </span>
     <span class='ocr_line' id='line_1_25' title="bbox 486 2636 2433 2721; baseline -0.003 -18"><span class='ocrx_word' id='word_1_173' title='bbox 486 2637 731 2703; x_wconf 88' lang='lat' dir='ltr'>saeculi</span> <span class='ocrx_word' id='word_1_174' title='bbox 770 2636 930 2701; x_wconf 87' lang='lat' dir='ltr'>filiis</span> <span class='ocrx_word' id='word_1_175' title='bbox 970 2637 1150 2702; x_wconf 89' lang='lat' dir='ltr'>lueis.</span> <span class='ocrx_word' id='word_1_176' title='bbox 1238 2637 1413 2702; x_wconf 89' lang='lat' dir='ltr'>Nam</span> <span class='ocrx_word' id='word_1_177' title='bbox 1452 2637 1598 2721; x_wconf 90' lang='lat' dir='ltr'>quis</span> <span class='ocrx_word' id='word_1_178' title='bbox 1647 2638 2126 2720; x_wconf 85' lang='lat' dir='ltr'>negotiatorum</span> <span class='ocrx_word' id='word_1_179' title='bbox 2181 2642 2433 2698; x_wconf 84' lang='lat' dir='ltr'>tantam</span> 
     </span>
     <span class='ocr_line' id='line_1_26' title="bbox 484 2721 2434 2804; baseline -0.002 -16"><span class='ocrx_word' id='word_1_180' title='bbox 484 2725 808 2789; x_wconf 87' lang='lat' dir='ltr'>iacturam</span> <span class='ocrx_word' id='word_1_181' title='bbox 829 2744 963 2788; x_wconf 91' lang='lat' dir='ltr'>non</span> <span class='ocrx_word' id='word_1_182' title='bbox 995 2725 1150 2788; x_wconf 89' lang='lat' dir='ltr'>totis</span> <span class='ocrx_word' id='word_1_183' title='bbox 1186 2724 1411 2788; x_wconf 85' lang='lat' dir='ltr'>nervis</span> <span class='ocrx_word' id='word_1_184' title='bbox 1448 2721 1729 2788; x_wconf 88' lang='lat' dir='ltr'>vitaret?</span> <span class='ocrx_word' id='word_1_185' title='bbox 1776 2722 1918 2804; x_wconf 90' lang='lat' dir='ltr'>quis</span> <span class='ocrx_word' id='word_1_186' title='bbox 1952 2730 2092 2786; x_wconf 85' lang='lat' dir='ltr'>tam</span> <span class='ocrx_word' id='word_1_187' title='bbox 2125 2739 2434 2803; x_wconf 87' lang='lat' dir='ltr'>praeseus</span> 
     </span>
     <span class='ocr_line' id='line_1_27' title="bbox 487 2805 2435 2891; baseline -0.002 -18"><span class='ocrx_word' id='word_1_188' title='bbox 487 2818 555 2873; x_wconf 93' lang='lat' dir='ltr'>et</span> <span class='ocrx_word' id='word_1_189' title='bbox 598 2808 887 2891; x_wconf 89' lang='lat' dir='ltr'>amplum</span> <span class='ocrx_word' id='word_1_190' title='bbox 931 2808 1191 2875; x_wconf 91' lang='lat' dir='ltr'>lucrum</span> <span class='ocrx_word' id='word_1_191' title='bbox 1234 2830 1368 2874; x_wconf 94' lang='lat' dir='ltr'>non</span> <span class='ocrx_word' id='word_1_192' title='bbox 1407 2816 1768 2875; x_wconf 87' lang='lat' dir='ltr'>sectaretur</span> <span class='ocrx_word' id='word_1_193' title='bbox 1809 2805 2224 2873; x_wconf 79' lang='lat' dir='ltr'>avidissime?</span> <span class='ocrx_word' id='word_1_194' title='bbox 2270 2826 2435 2889; x_wconf 86' lang='lat' dir='ltr'>quae</span> 
     </span>
     <span class='ocr_line' id='line_1_28' title="bbox 486 2891 2435 2978; baseline -0.002 -18"><span class='ocrx_word' id='word_1_195' title='bbox 486 2892 765 2960; x_wconf 84' lang='lat' dir='ltr'>tarditas</span> <span class='ocrx_word' id='word_1_196' title='bbox 806 2895 1018 2960; x_wconf 90' lang='lat' dir='ltr'>maior</span> <span class='ocrx_word' id='word_1_197' title='bbox 1062 2906 1290 2960; x_wconf 87' lang='lat' dir='ltr'>nostra</span> <span class='ocrx_word' id='word_1_198' title='bbox 1333 2916 1474 2960; x_wconf 90' lang='lat' dir='ltr'>esse</span> <span class='ocrx_word' id='word_1_199' title='bbox 1518 2903 1757 2978; x_wconf 90' lang='lat' dir='ltr'>potest,</span> <span class='ocrx_word' id='word_1_200' title='bbox 1816 2891 1973 2957; x_wconf 90' lang='lat' dir='ltr'>dum</span> <span class='ocrx_word' id='word_1_201' title='bbox 2030 2901 2163 2957; x_wconf 90' lang='lat' dir='ltr'>tam</span> <span class='ocrx_word' id='word_1_202' title='bbox 2208 2900 2435 2957; x_wconf 90' lang='lat' dir='ltr'>sancta</span> 
     </span>
     <span class='ocr_line' id='line_1_29' title="bbox 488 2977 2433 3065; baseline -0.001 -21"><span class='ocrx_word' id='word_1_203' title='bbox 488 2987 645 3045; x_wconf 89' lang='lat' dir='ltr'>sunt</span> <span class='ocrx_word' id='word_1_204' title='bbox 686 2977 1065 3045; x_wconf 87' lang='lat' dir='ltr'>subeunda?</span> <span class='ocrx_word' id='word_1_205' title='bbox 1155 2982 1249 3045; x_wconf 76' lang='lat' dir='ltr'>Te</span> <span class='ocrx_word' id='word_1_206' title='bbox 1292 3001 1528 3065; x_wconf 82' lang='lat' dir='ltr'>quaeso</span> <span class='ocrx_word' id='word_1_207' title='bbox 1571 3001 1720 3047; x_wconf 90' lang='lat' dir='ltr'>cum</span> <span class='ocrx_word' id='word_1_208' title='bbox 1764 2979 1889 3062; x_wconf 91' lang='lat' dir='ltr'>piis</span> <span class='ocrx_word' id='word_1_209' title='bbox 1944 2978 2244 3044; x_wconf 86' lang='lat' dir='ltr'>omnibus</span> <span class='ocrx_word' id='word_1_210' title='bbox 2289 2977 2433 3042; x_wconf 89' lang='lat' dir='ltr'>dili-</span> 
     </span>
     <span class='ocr_line' id='line_1_30' title="bbox 486 3063 2431 3151; baseline -0.001 -21"><span class='ocrx_word' id='word_1_211' title='bbox 486 3073 717 3151; x_wconf 83' lang='lat' dir='ltr'>genter</span> <span class='ocrx_word' id='word_1_212' title='bbox 752 3065 1056 3132; x_wconf 87' lang='lat' dir='ltr'>invoeato</span> <span class='ocrx_word' id='word_1_213' title='bbox 1107 3066 1407 3143; x_wconf 91' lang='lat' dir='ltr'>Domin0,</span> <span class='ocrx_word' id='word_1_214' title='bbox 1462 3066 1611 3132; x_wconf 85' lang='lat' dir='ltr'>vide</span> <span class='ocrx_word' id='word_1_215' title='bbox 1653 3087 1741 3131; x_wconf 90' lang='lat' dir='ltr'>ne</span> <span class='ocrx_word' id='word_1_216' title='bbox 1783 3085 1968 3130; x_wconf 90' lang='lat' dir='ltr'>mora</span> <span class='ocrx_word' id='word_1_217' title='bbox 2011 3063 2140 3128; x_wconf 89' lang='lat' dir='ltr'>ista</span> <span class='ocrx_word' id='word_1_218' title='bbox 2186 3083 2431 3146; x_wconf 86' lang='lat' dir='ltr'>pecces,</span> 
     </span>
     <span class='ocr_line' id='line_1_31' title="bbox 487 3147 2436 3236; baseline -0.003 -18"><span class='ocrx_word' id='word_1_219' title='bbox 487 3159 555 3218; x_wconf 92' lang='lat' dir='ltr'>et</span> <span class='ocrx_word' id='word_1_220' title='bbox 596 3150 934 3217; x_wconf 89' lang='lat' dir='ltr'>ecclesiam</span> <span class='ocrx_word' id='word_1_221' title='bbox 978 3151 1233 3236; x_wconf 88' lang='lat' dir='ltr'>perdas,</span> <span class='ocrx_word' id='word_1_222' title='bbox 1278 3160 1347 3218; x_wconf 91' lang='lat' dir='ltr'>et</span> <span class='ocrx_word' id='word_1_223' title='bbox 1387 3152 1572 3236; x_wconf 90' lang='lat' dir='ltr'>pium</span> <span class='ocrx_word' id='word_1_224' title='bbox 1614 3152 1901 3216; x_wconf 84' lang='lat' dir='ltr'>fratrem.</span> <span class='ocrx_word' id='word_1_225' title='bbox 1976 3147 2052 3216; x_wconf 80' lang='lat' dir='ltr'>Si</span> <span class='ocrx_word' id='word_1_226' title='bbox 2088 3171 2245 3215; x_wconf 89' lang='lat' dir='ltr'>vera</span> <span class='ocrx_word' id='word_1_227' title='bbox 2280 3156 2436 3214; x_wconf 88' lang='lat' dir='ltr'>sunt</span> 
     </span>
     <span class='ocr_line' id='line_1_32' title="bbox 486 3234 2435 3321; baseline -0.002 -19"><span class='ocrx_word' id='word_1_228' title='bbox 486 3257 654 3321; x_wconf 76' lang='lat' dir='ltr'>qnae</span> <span class='ocrx_word' id='word_1_229' title='bbox 696 3237 890 3303; x_wconf 88' lang='lat' dir='ltr'>audio</span> <span class='ocrx_word' id='word_1_230' title='bbox 935 3236 1017 3302; x_wconf 93' lang='lat' dir='ltr'>de</span> <span class='ocrx_word' id='word_1_231' title='bbox 1057 3238 1354 3317; x_wconf 87' lang='lat' dir='ltr'>comitiis,</span> <span class='ocrx_word' id='word_1_232' title='bbox 1402 3259 1534 3302; x_wconf 93' lang='lat' dir='ltr'>non</span> <span class='ocrx_word' id='word_1_233' title='bbox 1576 3245 1791 3321; x_wconf 89' lang='lat' dir='ltr'>potest</span> <span class='ocrx_word' id='word_1_234' title='bbox 1848 3236 2110 3301; x_wconf 88' lang='lat' dir='ltr'>differre</span> <span class='ocrx_word' id='word_1_235' title='bbox 2151 3234 2435 3318; x_wconf 92' lang='lat' dir='ltr'>amplius</span> 
     </span>
     <span class='ocr_line' id='line_1_33' title="bbox 489 3321 2436 3409; baseline -0.002 -20"><span class='ocrx_word' id='word_1_236' title='bbox 489 3321 846 3389; x_wconf 85' lang='lat' dir='ltr'>adventum</span> <span class='ocrx_word' id='word_1_237' title='bbox 917 3344 1108 3389; x_wconf 89' lang='lat' dir='ltr'>suum</span> <span class='ocrx_word' id='word_1_238' title='bbox 1187 3322 1495 3389; x_wconf 78' lang='lat' dir='ltr'>Bucerus.</span> <span class='ocrx_word' id='word_1_239' title='bbox 1524 3322 1570 3409; x_wconf 92' lang='lat'>¹)</span> <span class='ocrx_word' id='word_1_240' title='bbox 1681 3321 2077 3405; x_wconf 90' lang='lat' dir='ltr'>Iampridem</span> <span class='ocrx_word' id='word_1_241' title='bbox 2157 3321 2436 3387; x_wconf 87' lang='lat' dir='ltr'>certiora</span> 
     </span>
     <span class='ocr_line' id='line_1_34' title="bbox 486 3405 2434 3491; baseline -0.001 -17"><span class='ocrx_word' id='word_1_242' title='bbox 486 3430 715 3474; x_wconf 88' lang='lat' dir='ltr'>omnes</span> <span class='ocrx_word' id='word_1_243' title='bbox 757 3408 866 3474; x_wconf 94' lang='lat' dir='ltr'>hic</span> <span class='ocrx_word' id='word_1_244' title='bbox 909 3408 990 3474; x_wconf 92' lang='lat' dir='ltr'>de</span> <span class='ocrx_word' id='word_1_245' title='bbox 1033 3418 1099 3474; x_wconf 92' lang='lat' dir='ltr'>te</span> <span class='ocrx_word' id='word_1_246' title='bbox 1141 3410 1462 3475; x_wconf 87' lang='lat' dir='ltr'>referente</span> <span class='ocrx_word' id='word_1_247' title='bbox 1517 3408 1746 3475; x_wconf 89' lang='lat' dir='ltr'>audire</span> <span class='ocrx_word' id='word_1_248' title='bbox 1790 3405 2240 3491; x_wconf 87' lang='lat' dir='ltr'>sperabamus,</span> <span class='ocrx_word' id='word_1_249' title='bbox 2299 3406 2434 3472; x_wconf 87' lang='lat' dir='ltr'>tuis</span> 
     </span>
     <span class='ocr_line' id='line_1_35' title="bbox 488 3493 2432 3578; baseline -0.001 -19"><span class='ocrx_word' id='word_1_250' title='bbox 488 3493 804 3559; x_wconf 88' lang='lat' dir='ltr'>admoniti</span> <span class='ocrx_word' id='word_1_251' title='bbox 847 3495 1083 3560; x_wconf 90' lang='lat' dir='ltr'>literis:</span> <span class='ocrx_word' id='word_1_252' title='bbox 1129 3493 1242 3561; x_wconf 87' lang='lat' dir='ltr'>sed</span> <span class='ocrx_word' id='word_1_253' title='bbox 1294 3496 1615 3560; x_wconf 90' lang='lat' dir='ltr'>miramur</span> <span class='ocrx_word' id='word_1_254' title='bbox 1665 3493 1836 3578; x_wconf 92' lang='lat' dir='ltr'>quod</span> <span class='ocrx_word' id='word_1_255' title='bbox 1894 3501 2156 3558; x_wconf 89' lang='lat' dir='ltr'>tantum</span> <span class='ocrx_word' id='word_1_256' title='bbox 2199 3512 2432 3558; x_wconf 87' lang='lat' dir='ltr'>cesses.</span> 
     </span>
     <span class='ocr_line' id='line_1_36' title="bbox 489 3579 2433 3661; baseline -0.002 -16"><span class='ocrx_word' id='word_1_257' title='bbox 489 3579 626 3647; x_wconf 86' lang='lat' dir='ltr'>Nec</span> <span class='ocrx_word' id='word_1_258' title='bbox 669 3599 814 3645; x_wconf 85' lang='lat' dir='ltr'>eam</span> <span class='ocrx_word' id='word_1_259' title='bbox 858 3580 1142 3660; x_wconf 83' lang='lat' dir='ltr'>habebit,</span> <span class='ocrx_word' id='word_1_260' title='bbox 1185 3581 1384 3647; x_wconf 88' lang='lat' dir='ltr'>timeo</span> <span class='ocrx_word' id='word_1_261' title='bbox 1403 3632 1417 3659; x_wconf 91' lang='lat'>,</span> <span class='ocrx_word' id='word_1_262' title='bbox 1473 3581 1672 3646; x_wconf 88' lang='lat' dir='ltr'>fidem</span> <span class='ocrx_word' id='word_1_263' title='bbox 1716 3589 1831 3645; x_wconf 87' lang='lat' dir='ltr'>tua</span> <span class='ocrx_word' id='word_1_264' title='bbox 1872 3585 2181 3657; x_wconf 82' lang='lat' dir='ltr'>narratiO,</span> <span class='ocrx_word' id='word_1_265' title='bbox 2238 3597 2433 3661; x_wconf 87' lang='lat' dir='ltr'>quam</span> 
     </span>
     <span class='ocr_line' id='line_1_37' title="bbox 488 3663 2434 3749; baseline -0.002 -18"><span class='ocrx_word' id='word_1_266' title='bbox 488 3665 547 3731; x_wconf 90' lang='lat' dir='ltr'>si</span> <span class='ocrx_word' id='word_1_267' title='bbox 598 3666 785 3749; x_wconf 89' lang='lat' dir='ltr'>prius</span> <span class='ocrx_word' id='word_1_268' title='bbox 839 3666 1161 3731; x_wconf 83' lang='lat' dir='ltr'>venisses:</span> <span class='ocrx_word' id='word_1_269' title='bbox 1216 3667 1470 3732; x_wconf 87' lang='lat' dir='ltr'>utinam</span> <span class='ocrx_word' id='word_1_270' title='bbox 1525 3688 1658 3731; x_wconf 93' lang='lat' dir='ltr'>non</span> <span class='ocrx_word' id='word_1_271' title='bbox 1713 3667 1912 3732; x_wconf 88' lang='lat' dir='ltr'>etiam</span> <span class='ocrx_word' id='word_1_272' title='bbox 1978 3663 2153 3747; x_wconf 88' lang='lat' dir='ltr'>apud</span> <span class='ocrx_word' id='word_1_273' title='bbox 2211 3664 2434 3730; x_wconf 78' lang='lat' dir='ltr'>Gene-</span> 
     </span>
     <span class='ocr_line' id='line_1_38' title="bbox 488 3750 2434 3834; baseline -0.002 -18"><span class='ocrx_word' id='word_1_274' title='bbox 488 3772 725 3817; x_wconf 83' lang='lat' dir='ltr'>venses</span> <span class='ocrx_word' id='word_1_275' title='bbox 788 3750 1035 3834; x_wconf 86' lang='lat' dir='ltr'>aliquid</span> <span class='ocrx_word' id='word_1_276' title='bbox 1100 3751 1449 3818; x_wconf 89' lang='lat' dir='ltr'>decesserit</span> <span class='ocrx_word' id='word_1_277' title='bbox 1511 3752 1641 3817; x_wconf 87' lang='lat' dir='ltr'>ista</span> <span class='ocrx_word' id='word_1_278' title='bbox 1709 3771 1911 3817; x_wconf 89' lang='lat' dir='ltr'>mora.</span> <span class='ocrx_word' id='word_1_279' title='bbox 2020 3750 2206 3816; x_wconf 87' lang='lat' dir='ltr'>Haec</span> <span class='ocrx_word' id='word_1_280' title='bbox 2282 3757 2434 3814; x_wconf 88' lang='lat' dir='ltr'>ante</span> 
     </span>
     <span class='ocr_line' id='line_1_39' title="bbox 484 3833 2434 3918; baseline -0.001 -17"><span class='ocrx_word' id='word_1_281' title='bbox 484 3857 778 3916; x_wconf 86' lang='lat' dir='ltr'>menses,</span> <span class='ocrx_word' id='word_1_282' title='bbox 842 3850 941 3917; x_wconf 88' lang='lat' dir='ltr'>et,</span> <span class='ocrx_word' id='word_1_283' title='bbox 1004 3843 1081 3903; x_wconf 91' lang='lat' dir='ltr'>ut</span> <span class='ocrx_word' id='word_1_284' title='bbox 1142 3836 1309 3901; x_wconf 90' lang='lat' dir='ltr'>mihi</span> <span class='ocrx_word' id='word_1_285' title='bbox 1371 3836 1663 3917; x_wconf 91' lang='lat' dir='ltr'>videtur,</span> <span class='ocrx_word' id='word_1_286' title='bbox 1731 3843 1886 3901; x_wconf 88' lang='lat' dir='ltr'>ante</span> <span class='ocrx_word' id='word_1_287' title='bbox 1943 3856 2182 3915; x_wconf 92' lang='lat' dir='ltr'>annos,</span> <span class='ocrx_word' id='word_1_288' title='bbox 2237 3833 2434 3918; x_wconf 89' lang='lat' dir='ltr'>idque</span> 
     </span>
    </p>

    <p class='ocr_par' dir='ltr' id='par_1_4' title="bbox 488 3920 2442 5036">
     <span class='ocr_line' id='line_1_40' title="bbox 534 3920 2435 4006; baseline -0.001 -19"><span class='ocrx_word' id='word_1_289' title='bbox 534 3932 749 3987; x_wconf 87' lang='lat' dir='ltr'>raeter</span> <span class='ocrx_word' id='word_1_290' title='bbox 801 3944 1081 4002; x_wconf 89' lang='lat' dir='ltr'>morem,</span> <span class='ocrx_word' id='word_1_291' title='bbox 1138 3944 1292 3997; x_wconf 87' lang='lat' dir='ltr'>nam</span> <span class='ocrx_word' id='word_1_292' title='bbox 1346 3945 1477 3988; x_wconf 93' lang='lat' dir='ltr'>non</span> <span class='ocrx_word' id='word_1_293' title='bbox 1533 3923 1661 3988; x_wconf 90' lang='lat' dir='ltr'>nisi</span> <span class='ocrx_word' id='word_1_294' title='bbox 1715 3930 2137 4006; x_wconf 81' lang='lat' dir='ltr'>exspectante</span> <span class='ocrx_word' id='word_1_295' title='bbox 2190 3920 2435 3987; x_wconf 90' lang='lat' dir='ltr'>nuncio</span> 
     </span>
     <span class='ocr_line' id='line_1_41' title="bbox 520 4007 2433 4075; baseline 0 -3"><span class='ocrx_word' id='word_1_296' title='bbox 520 4008 715 4075; x_wconf 83' lang='lat' dir='ltr'>‘teras</span> <span class='ocrx_word' id='word_1_297' title='bbox 790 4008 1020 4074; x_wconf 87' lang='lat' dir='ltr'>scribo.</span> <span class='ocrx_word' id='word_1_298' title='bbox 1138 4007 1273 4074; x_wconf 80' lang='lat' dir='ltr'>Sed</span> <span class='ocrx_word' id='word_1_299' title='bbox 1337 4009 1462 4073; x_wconf 85' lang='lat' dir='ltr'>hae</span> <span class='ocrx_word' id='word_1_300' title='bbox 1526 4009 1841 4074; x_wconf 90' lang='lat' dir='ltr'>nuncium</span> <span class='ocrx_word' id='word_1_301' title='bbox 1905 4014 2433 4072; x_wconf 90' lang='lat' dir='ltr'>anteverterunt:</span> 
     </span>
     <span class='ocr_line' id='line_1_42' title="bbox 488 4093 2436 4178; baseline -0.001 -19"><span class='ocrx_word' id='word_1_302' title='bbox 488 4101 726 4178; x_wconf 89' lang='lat' dir='ltr'>rogant</span> <span class='ocrx_word' id='word_1_303' title='bbox 766 4114 993 4159; x_wconf 88' lang='lat' dir='ltr'>omnes</span> <span class='ocrx_word' id='word_1_304' title='bbox 1036 4101 1104 4159; x_wconf 91' lang='lat' dir='ltr'>et</span> <span class='ocrx_word' id='word_1_305' title='bbox 1144 4093 1586 4172; x_wconf 89' lang='lat' dir='ltr'>obsecrantur,</span> <span class='ocrx_word' id='word_1_306' title='bbox 1631 4103 1710 4159; x_wconf 90' lang='lat' dir='ltr'>ut</span> <span class='ocrx_word' id='word_1_307' title='bbox 1752 4093 1972 4159; x_wconf 92' lang='lat' dir='ltr'>omnia</span> <span class='ocrx_word' id='word_1_308' title='bbox 2005 4113 2217 4177; x_wconf 85' lang='lat' dir='ltr'>agam,</span> <span class='ocrx_word' id='word_1_309' title='bbox 2263 4099 2339 4157; x_wconf 91' lang='lat' dir='ltr'>ut</span> <span class='ocrx_word' id='word_1_310' title='bbox 2370 4100 2436 4157; x_wconf 89' lang='lat' dir='ltr'>te</span> 
     </span>
     <span class='ocr_line' id='line_1_43' title="bbox 492 4175 2436 4263; baseline -0.002 -19"><span class='ocrx_word' id='word_1_311' title='bbox 492 4199 689 4263; x_wconf 88' lang='lat' dir='ltr'>quam</span> <span class='ocrx_word' id='word_1_312' title='bbox 732 4179 1041 4246; x_wconf 86' lang='lat' dir='ltr'>citissime</span> <span class='ocrx_word' id='word_1_313' title='bbox 1097 4180 1388 4245; x_wconf 88' lang='lat' dir='ltr'>habeant</span> <span class='ocrx_word' id='word_1_314' title='bbox 1438 4188 1880 4261; x_wconf 89' lang='lat' dir='ltr'>praesentem,</span> <span class='ocrx_word' id='word_1_315' title='bbox 1934 4200 2127 4262; x_wconf 91' lang='lat' dir='ltr'>quem</span> <span class='ocrx_word' id='word_1_316' title='bbox 2185 4175 2436 4242; x_wconf 89' lang='lat' dir='ltr'>tamdiu</span> 
     </span>
     <span class='ocr_line' id='line_1_44' title="bbox 493 4264 2435 4349; baseline -0.002 -19"><span class='ocrx_word' id='word_1_317' title='bbox 493 4273 811 4348; x_wconf 83' lang='lat' dir='ltr'>exoptant</span> <span class='ocrx_word' id='word_1_318' title='bbox 865 4272 932 4329; x_wconf 89' lang='lat' dir='ltr'>et</span> <span class='ocrx_word' id='word_1_319' title='bbox 984 4265 1243 4349; x_wconf 88' lang='lat' dir='ltr'>magnis</span> <span class='ocrx_word' id='word_1_320' title='bbox 1298 4286 1408 4330; x_wconf 92' lang='lat' dir='ltr'>sus</span> <span class='ocrx_word' id='word_1_321' title='bbox 1453 4266 1595 4330; x_wconf 89' lang='lat' dir='ltr'>iriis</span> <span class='ocrx_word' id='word_1_322' title='bbox 1650 4273 2015 4347; x_wconf 90' lang='lat' dir='ltr'>queruntur</span> <span class='ocrx_word' id='word_1_323' title='bbox 2069 4264 2435 4328; x_wconf 84' lang='lat' dir='ltr'>absentem:</span> 
     </span>
     <span class='ocr_line' id='line_1_45' title="bbox 492 4347 2439 4435; baseline -0.002 -21"><span class='ocrx_word' id='word_1_324' title='bbox 492 4350 796 4435; x_wconf 86' lang='lat' dir='ltr'>iubetque</span> <span class='ocrx_word' id='word_1_325' title='bbox 850 4361 923 4415; x_wconf 92' lang='lat' dir='ltr'>ut</span> <span class='ocrx_word' id='word_1_326' title='bbox 977 4360 1041 4416; x_wconf 86' lang='lat' dir='ltr'>te</span> <span class='ocrx_word' id='word_1_327' title='bbox 1097 4350 1366 4417; x_wconf 89' lang='lat' dir='ltr'>comiter</span> <span class='ocrx_word' id='word_1_328' title='bbox 1464 4358 1699 4415; x_wconf 89' lang='lat' dir='ltr'>enatus</span> <span class='ocrx_word' id='word_1_329' title='bbox 1743 4352 1878 4415; x_wconf 90' lang='lat' dir='ltr'>suis</span> <span class='ocrx_word' id='word_1_330' title='bbox 1922 4348 2145 4414; x_wconf 86' lang='lat' dir='ltr'>lit-eris.</span> <span class='ocrx_word' id='word_1_331' title='bbox 2165 4350 2222 4421; x_wconf 83' lang='lat'>²)</span> <span class='ocrx_word' id='word_1_332' title='bbox 2308 4347 2439 4412; x_wconf 90' lang='lat' dir='ltr'>Hic</span> 
     </span>
     <span class='ocr_line' id='line_1_46' title="bbox 494 4434 2440 4518; baseline -0.002 -18"><span class='ocrx_word' id='word_1_333' title='bbox 494 4444 566 4500; x_wconf 90' lang='lat' dir='ltr'>tu</span> <span class='ocrx_word' id='word_1_334' title='bbox 610 4446 678 4502; x_wconf 88' lang='lat' dir='ltr'>et</span> <span class='ocrx_word' id='word_1_335' title='bbox 717 4436 827 4501; x_wconf 89' lang='lat' dir='ltr'>alii</span> <span class='ocrx_word' id='word_1_336' title='bbox 871 4444 1087 4501; x_wconf 90' lang='lat' dir='ltr'>tecum</span> <span class='ocrx_word' id='word_1_337' title='bbox 1133 4456 1266 4501; x_wconf 91' lang='lat' dir='ltr'>non</span> <span class='ocrx_word' id='word_1_338' title='bbox 1322 4434 1754 4503; x_wconf 83' lang='lat' dir='ltr'>advolabitis?</span> <span class='ocrx_word' id='word_1_339' title='bbox 1811 4448 1877 4499; x_wconf 89' lang='lat' dir='ltr'>et</span> <span class='ocrx_word' id='word_1_340' title='bbox 1936 4436 2044 4518; x_wconf 88' lang='lat' dir='ltr'>qui</span> <span class='ocrx_word' id='word_1_341' title='bbox 2099 4434 2232 4498; x_wconf 90' lang='lat' dir='ltr'>iam</span> <span class='ocrx_word' id='word_1_342' title='bbox 2289 4444 2440 4498; x_wconf 89' lang='lat' dir='ltr'>ante</span> 
     </span>
     <span class='ocr_line' id='line_1_47' title="bbox 494 4518 2439 4604; baseline -0.003 -18"><span class='ocrx_word' id='word_1_343' title='bbox 494 4542 752 4589; x_wconf 87' lang='lat' dir='ltr'>menses</span> <span class='ocrx_word' id='word_1_344' title='bbox 809 4520 1101 4587; x_wconf 87' lang='lat' dir='ltr'>debeatis</span> <span class='ocrx_word' id='word_1_345' title='bbox 1155 4523 1408 4587; x_wconf 87' lang='lat' dir='ltr'>venisse</span> <span class='ocrx_word' id='word_1_346' title='bbox 1463 4521 1657 4586; x_wconf 87' lang='lat' dir='ltr'>toties</span> <span class='ocrx_word' id='word_1_347' title='bbox 1710 4521 1949 4604; x_wconf 88' lang='lat' dir='ltr'>rogati,</span> <span class='ocrx_word' id='word_1_348' title='bbox 2001 4521 2094 4585; x_wconf 90' lang='lat' dir='ltr'>ita</span> <span class='ocrx_word' id='word_1_349' title='bbox 2145 4518 2439 4603; x_wconf 88' lang='lat' dir='ltr'>flagitati,</span> 
     </span>
     <span class='ocr_line' id='line_1_48' title="bbox 494 4605 2437 4690; baseline -0.003 -17"><span class='ocrx_word' id='word_1_350' title='bbox 494 4608 666 4689; x_wconf 88' lang='lat' dir='ltr'>quod</span> <span class='ocrx_word' id='word_1_351' title='bbox 727 4608 802 4673; x_wconf 88' lang='lat' dir='ltr'>in</span> <span class='ocrx_word' id='word_1_352' title='bbox 874 4608 1103 4690; x_wconf 91' lang='lat' dir='ltr'>quovis</span> <span class='ocrx_word' id='word_1_353' title='bbox 1166 4606 1679 4681; x_wconf 89' lang='lat' dir='ltr'>detestaremini,</span> <span class='ocrx_word' id='word_1_354' title='bbox 1762 4627 1897 4670; x_wconf 92' lang='lat' dir='ltr'>non</span> <span class='ocrx_word' id='word_1_355' title='bbox 1962 4605 2238 4671; x_wconf 90' lang='lat' dir='ltr'>audietis</span> <span class='ocrx_word' id='word_1_356' title='bbox 2301 4612 2437 4668; x_wconf 87' lang='lat' dir='ltr'>tam</span> 
     </span>
     <span class='ocr_line' id='line_1_49' title="bbox 496 4691 2440 4776; baseline -0.003 -17"><span class='ocrx_word' id='word_1_357' title='bbox 496 4704 756 4761; x_wconf 88' lang='lat' dir='ltr'>sanetas</span> <span class='ocrx_word' id='word_1_358' title='bbox 798 4693 1065 4776; x_wconf 83' lang='lat' dir='ltr'>preces?</span> <span class='ocrx_word' id='word_1_359' title='bbox 1112 4713 1244 4757; x_wconf 93' lang='lat' dir='ltr'>non</span> <span class='ocrx_word' id='word_1_360' title='bbox 1288 4691 1594 4775; x_wconf 88' lang='lat' dir='ltr'>parebitis</span> <span class='ocrx_word' id='word_1_361' title='bbox 1638 4691 1923 4757; x_wconf 91' lang='lat' dir='ltr'>Domino</span> <span class='ocrx_word' id='word_1_362' title='bbox 1968 4692 2079 4774; x_wconf 92' lang='lat' dir='ltr'>qui</span> <span class='ocrx_word' id='word_1_363' title='bbox 2122 4712 2238 4774; x_wconf 91' lang='lat' dir='ltr'>per</span> <span class='ocrx_word' id='word_1_364' title='bbox 2286 4710 2440 4755; x_wconf 91' lang='lat' dir='ltr'>suos</span> 
     </span>
     <span class='ocr_line' id='line_1_50' title="bbox 496 4774 2442 4859; baseline -0.003 -16"><span class='ocrx_word' id='word_1_365' title='bbox 496 4792 632 4845; x_wconf 89' lang='lat' dir='ltr'>tam</span> <span class='ocrx_word' id='word_1_366' title='bbox 676 4780 866 4846; x_wconf 88' lang='lat' dir='ltr'>enixe</span> <span class='ocrx_word' id='word_1_367' title='bbox 910 4800 1026 4844; x_wconf 86' lang='lat' dir='ltr'>vos</span> <span class='ocrx_word' id='word_1_368' title='bbox 1071 4778 1474 4843; x_wconf 85' lang='lat' dir='ltr'>obtestatur?</span> <span class='ocrx_word' id='word_1_369' title='bbox 1566 4779 1701 4844; x_wconf 80' lang='lat' dir='ltr'>Sed</span> <span class='ocrx_word' id='word_1_370' title='bbox 1760 4799 1889 4841; x_wconf 92' lang='lat' dir='ltr'>non</span> <span class='ocrx_word' id='word_1_371' title='bbox 1934 4797 2196 4859; x_wconf 89' lang='lat' dir='ltr'>possum</span> <span class='ocrx_word' id='word_1_372' title='bbox 2246 4775 2315 4839; x_wconf 90' lang='lat' dir='ltr'>id</span> <span class='ocrx_word' id='word_1_373' title='bbox 2361 4774 2442 4839; x_wconf 92' lang='lat' dir='ltr'>de</span> 
     </span>
     <span class='ocr_line' id='line_1_51' title="bbox 494 4861 2442 4949; baseline -0.003 -19"><span class='ocrx_word' id='word_1_374' title='bbox 494 4866 683 4932; x_wconf 83' lang='lat' dir='ltr'>vobis</span> <span class='ocrx_word' id='word_1_375' title='bbox 726 4886 1007 4949; x_wconf 88' lang='lat' dir='ltr'>sperare.</span> <span class='ocrx_word' id='word_1_376' title='bbox 1107 4861 1332 4944; x_wconf 79' lang='lat' dir='ltr'>Quum</span> <span class='ocrx_word' id='word_1_377' title='bbox 1386 4864 1642 4930; x_wconf 90' lang='lat' dir='ltr'>videam</span> <span class='ocrx_word' id='word_1_378' title='bbox 1709 4863 2131 4929; x_wconf 82' lang='lat' dir='ltr'>Genevenses</span> <span class='ocrx_word' id='word_1_379' title='bbox 2184 4881 2442 4944; x_wconf 88' lang='lat' dir='ltr'>semper</span> 
     </span>
     <span class='ocr_line' id='line_1_52' title="bbox 494 4947 2442 5036; baseline -0.004 -19"><span class='ocrx_word' id='word_1_380' title='bbox 494 4972 769 5036; x_wconf 88' lang='lat' dir='ltr'>pergere</span> <span class='ocrx_word' id='word_1_381' title='bbox 810 4950 883 5014; x_wconf 92' lang='lat' dir='ltr'>in</span> <span class='ocrx_word' id='word_1_382' title='bbox 925 4950 1223 5033; x_wconf 89' lang='lat' dir='ltr'>petendo,</span> <span class='ocrx_word' id='word_1_383' title='bbox 1270 4971 1422 5029; x_wconf 92' lang='lat' dir='ltr'>non,</span> <span class='ocrx_word' id='word_1_384' title='bbox 1472 4971 1729 5033; x_wconf 86' lang='lat' dir='ltr'>quaeso,</span> <span class='ocrx_word' id='word_1_385' title='bbox 1771 4947 1962 5015; x_wconf 90' lang='lat' dir='ltr'>ludas</span> <span class='ocrx_word' id='word_1_386' title='bbox 2002 4948 2184 5013; x_wconf 87' lang='lat' dir='ltr'>illam</span> <span class='ocrx_word' id='word_1_387' title='bbox 2242 4947 2442 5014; x_wconf 89' lang='lat' dir='ltr'>eccle-</span> 
     </span>
    </p>
   </div>
   <div class='ocr_carea' id='block_1_4' title="bbox 502 5091 811 5100">
    <p class='ocr_par' dir='ltr' id='par_1_5' title="bbox 502 5091 811 5100">
     <span class='ocr_line' id='line_1_53' title="bbox 502 5091 811 5100; baseline -0.003 0"><span class='ocrx_word' id='word_1_388' title='bbox 502 5091 721 5100; x_wconf 43' lang='lat' dir='ltr'>”Q—</span> <span class='ocrx_word' id='word_1_389' title='bbox 740 5093 811 5099; x_wconf 60' lang='lat'>.-</span> 
     </span>
    </p>
   </div>
   <div class='ocr_carea' id='block_1_5' title="bbox 503 5169 2442 5379">
    <p class='ocr_par' dir='ltr' id='par_1_6' title="bbox 503 5169 2442 5379">
     <span class='ocr_line' id='line_1_54' title="bbox 530 5169 2441 5242; baseline -0.004 -15"><span class='ocrx_word' id='word_1_390' title='bbox 530 5172 661 5235; x_wconf 69' lang='lat'>844.</span> <span class='ocrx_word' id='word_1_391' title='bbox 698 5172 755 5237; x_wconf 81' lang='lat'>1)</span> <span class='ocrx_word' id='word_1_392' title='bbox 799 5173 968 5227; x_wconf 75' lang='lat' dir='ltr'>Cuius</span> <span class='ocrx_word' id='word_1_393' title='bbox 1001 5174 1208 5226; x_wconf 76' lang='lat' dir='ltr'>reditus</span> <span class='ocrx_word' id='word_1_394' title='bbox 1241 5189 1368 5242; x_wconf 68' lang='lat' dir='ltr'>erqo</span> <span class='ocrx_word' id='word_1_395' title='bbox 1402 5173 1502 5240; x_wconf 90' lang='lat' dir='ltr'>(N.</span> <span class='ocrx_word' id='word_1_396' title='bbox 1521 5172 1648 5229; x_wconf 64' lang='lat'>341)</span> <span class='ocrx_word' id='word_1_397' title='bbox 1672 5169 1892 5225; x_wconf 63' lang='lat' dir='ltr'>Far-ello</span> <span class='ocrx_word' id='word_1_398' title='bbox 1908 5169 2151 5223; x_wconf 76' lang='lat' dir='ltr'>nondum</span> <span class='ocrx_word' id='word_1_399' title='bbox 2186 5169 2441 5223; x_wconf 72' lang='lat' dir='ltr'>innotuit.</span> 
     </span>
     <span class='ocr_line' id='line_1_55' title="bbox 701 5237 2442 5309; baseline -0.002 -14"><span class='ocrx_word' id='word_1_400' title='bbox 701 5242 761 5308; x_wconf 75' lang='lat'>2)</span> <span class='ocrx_word' id='word_1_401' title='bbox 802 5241 987 5295; x_wconf 81' lang='lat' dir='ltr'>Paulo</span> <span class='ocrx_word' id='word_1_402' title='bbox 1028 5249 1151 5309; x_wconf 77' lang='lat' dir='ltr'>post</span> <span class='ocrx_word' id='word_1_403' title='bbox 1196 5242 1273 5297; x_wconf 79' lang='lat' dir='ltr'>ad</span> <span class='ocrx_word' id='word_1_404' title='bbox 1312 5242 1570 5297; x_wconf 77' lang='lat' dir='ltr'>Senatum</span> <span class='ocrx_word' id='word_1_405' title='bbox 1609 5243 2025 5297; x_wconf 76' lang='lat' dir='ltr'>Neocomensem</span> <span class='ocrx_word' id='word_1_406' title='bbox 2074 5238 2141 5292; x_wconf 79' lang='lat' dir='ltr'>de</span> <span class='ocrx_word' id='word_1_407' title='bbox 2182 5237 2442 5293; x_wconf 63' lang='lat' dir='ltr'>manendo</span> 
     </span>
     <span class='ocr_line' id='line_1_56' title="bbox 503 5307 2080 5379; baseline -0.004 -13"><span class='ocrx_word' id='word_1_408' title='bbox 503 5311 724 5366; x_wconf 65' lang='lat' dir='ltr'>Far-ello</span> <span class='ocrx_word' id='word_1_409' title='bbox 760 5312 1111 5379; x_wconf 70' lang='lat' dir='ltr'>seripserunt.</span> <span class='ocrx_word' id='word_1_410' title='bbox 1184 5311 1445 5375; x_wconf 79' lang='lat' dir='ltr'>(Gaberel</span> <span class='ocrx_word' id='word_1_411' title='bbox 1475 5313 1652 5379; x_wconf 76' lang='grc' dir='ltr'>ρι’ὲοεε</span> <span class='ocrx_word' id='word_1_412' title='bbox 1674 5311 1809 5377; x_wconf 65' lang='lat' dir='ltr'>Just.</span> <span class='ocrx_word' id='word_1_413' title='bbox 1840 5324 1898 5376; x_wconf 79' lang='lat' dir='ltr'>p.</span> <span class='ocrx_word' id='word_1_414' title='bbox 1937 5307 2080 5374; x_wconf 82' lang='lat'>115.)</span> 
     </span>
    </p>
   </div>
   <div class='ocr_carea' id='block_1_6' title="bbox 2181 387 2780 459">
    <p class='ocr_par' dir='ltr' id='par_1_7' title="bbox 2181 387 2780 459">
     <span class='ocr_line' id='line_1_57' title="bbox 2181 387 2780 459; baseline 0.002 -4"><span class='ocrx_word' id='word_1_415' title='bbox 2181 395 2337 456; x_wconf 81' lang='lat'>1541</span> <span class='ocrx_word' id='word_1_416' title='bbox 2387 387 2780 459; x_wconf 69' lang='lat' dir='ltr'>AUGUST.</span> 
     </span>
    </p>
   </div>
   <div class='ocr_carea' id='block_1_7' title="bbox 2479 578 2500 5342">
    <p class='ocr_par' dir='ltr' id='par_1_8' title="bbox 2479 578 2500 5342">
     <span class='ocr_line' id='line_1_58' title="bbox 2479 578 2500 5342; baseline 0 0"><span class='ocrx_word' id='word_1_417' title='bbox 2479 578 2500 5342; x_wconf 95' lang='lat' dir='ltr'> </span> 
     </span>
    </p>
   </div>
   <div class='ocr_carea' id='block_1_8' title="bbox 4351 393 4476 457">
    <p class='ocr_par' dir='ltr' id='par_1_9' title="bbox 4351 393 4476 457">
     <span class='ocr_line' id='line_1_59' title="bbox 4351 393 4476 457; baseline 0.016 -2"><span class='ocrx_word' id='word_1_418' title='bbox 4351 393 4476 457; x_wconf 77' lang='lat'>266</span> 
     </span>
    </p>
   </div>
   <div class='ocr_carea' id='block_1_9' title="bbox 2533 577 4487 3142">
    <p class='ocr_par' dir='ltr' id='par_1_10' title="bbox 2533 577 4487 3142">
     <span class='ocr_line' id='line_1_60' title="bbox 2535 577 4480 661; baseline 0 -17"><span class='ocrx_word' id='word_1_419' title='bbox 2535 578 2731 644; x_wconf 88' lang='lat' dir='ltr'>siam:</span> <span class='ocrx_word' id='word_1_420' title='bbox 2787 577 2903 644; x_wconf 91' lang='lat' dir='ltr'>sed</span> <span class='ocrx_word' id='word_1_421' title='bbox 2960 598 3186 643; x_wconf 88' lang='lat' dir='ltr'>omnes</span> <span class='ocrx_word' id='word_1_422' title='bbox 3241 597 3405 661; x_wconf 87' lang='lat' dir='ltr'>urge</span> <span class='ocrx_word' id='word_1_423' title='bbox 3462 584 3540 641; x_wconf 88' lang='lat' dir='ltr'>ut</span> <span class='ocrx_word' id='word_1_424' title='bbox 3593 577 3712 643; x_wconf 88' lang='lat' dir='ltr'>tibi</span> <span class='ocrx_word' id='word_1_425' title='bbox 3770 577 4018 656; x_wconf 87' lang='lat' dir='ltr'>adsint,</span> <span class='ocrx_word' id='word_1_426' title='bbox 4079 578 4480 661; x_wconf 85' lang='lat' dir='ltr'>veniantque</span> 
     </span>
     <span class='ocr_line' id='line_1_61' title="bbox 2533 662 4477 747; baseline 0.002 -19"><span class='ocrx_word' id='word_1_427' title='bbox 2533 672 2768 744; x_wconf 87' lang='lat' dir='ltr'>tecum,</span> <span class='ocrx_word' id='word_1_428' title='bbox 2811 665 2921 746; x_wconf 89' lang='lat' dir='ltr'>qui</span> <span class='ocrx_word' id='word_1_429' title='bbox 2962 662 3271 747; x_wconf 87' lang='lat' dir='ltr'>prodesse</span> <span class='ocrx_word' id='word_1_430' title='bbox 3311 670 3620 746; x_wconf 88' lang='lat' dir='ltr'>poterunt</span> <span class='ocrx_word' id='word_1_431' title='bbox 3652 663 4111 728; x_wconf 86' lang='lat' dir='ltr'>instaurationi</span> <span class='ocrx_word' id='word_1_432' title='bbox 4150 663 4477 731; x_wconf 77' lang='lat' dir='ltr'>ecclesiae.</span> 
     </span>
     <span class='ocr_line' id='line_1_62' title="bbox 2536 747 4478 833; baseline 0.001 -19"><span class='ocrx_word' id='word_1_433' title='bbox 2536 747 2754 830; x_wconf 79' lang='lat' dir='ltr'>Quam</span> <span class='ocrx_word' id='word_1_434' title='bbox 2808 758 2877 814; x_wconf 88' lang='lat' dir='ltr'>te</span> <span class='ocrx_word' id='word_1_435' title='bbox 2934 757 3168 833; x_wconf 89' lang='lat' dir='ltr'>rogent</span> <span class='ocrx_word' id='word_1_436' title='bbox 3209 769 3439 813; x_wconf 90' lang='lat' dir='ltr'>omnes</span> <span class='ocrx_word' id='word_1_437' title='bbox 3495 749 3731 813; x_wconf 86' lang='lat' dir='ltr'>fratres</span> <span class='ocrx_word' id='word_1_438' title='bbox 3774 756 3843 814; x_wconf 91' lang='lat' dir='ltr'>et</span> <span class='ocrx_word' id='word_1_439' title='bbox 3884 769 4111 814; x_wconf 90' lang='lat' dir='ltr'>omnes</span> <span class='ocrx_word' id='word_1_440' title='bbox 4152 748 4478 829; x_wconf 83' lang='lat' dir='ltr'>ecclesiae,</span> 
     </span>
     <span class='ocr_line' id='line_1_63' title="bbox 2537 833 4480 901; baseline 0.002 -3"><span class='ocrx_word' id='word_1_441' title='bbox 2537 855 2729 899; x_wconf 91' lang='lat' dir='ltr'>nemo</span> <span class='ocrx_word' id='word_1_442' title='bbox 2772 833 3040 900; x_wconf 86' lang='lat' dir='ltr'>dixerit:</span> <span class='ocrx_word' id='word_1_443' title='bbox 3095 854 3290 899; x_wconf 88' lang='lat' dir='ltr'>nemo</span> <span class='ocrx_word' id='word_1_444' title='bbox 3347 855 3483 899; x_wconf 92' lang='lat' dir='ltr'>non</span> <span class='ocrx_word' id='word_1_445' title='bbox 3536 835 3816 899; x_wconf 89' lang='lat' dir='ltr'>miratur</span> <span class='ocrx_word' id='word_1_446' title='bbox 3858 835 4054 899; x_wconf 89' lang='lat' dir='ltr'>istam</span> <span class='ocrx_word' id='word_1_447' title='bbox 4103 834 4480 901; x_wconf 88' lang='lat' dir='ltr'>tarditatem</span> 
     </span>
     <span class='ocr_line' id='line_1_64' title="bbox 2537 917 4478 1004; baseline 0.002 -21"><span class='ocrx_word' id='word_1_448' title='bbox 2537 921 2828 985; x_wconf 89' lang='lat' dir='ltr'>omnium</span> <span class='ocrx_word' id='word_1_449' title='bbox 2887 917 3355 999; x_wconf 87' lang='lat' dir='ltr'>tardissimam,</span> <span class='ocrx_word' id='word_1_450' title='bbox 3425 940 3548 986; x_wconf 91' lang='lat' dir='ltr'>nec</span> <span class='ocrx_word' id='word_1_451' title='bbox 3612 920 3771 984; x_wconf 88' lang='lat' dir='ltr'>satis</span> <span class='ocrx_word' id='word_1_452' title='bbox 3835 928 4106 1003; x_wconf 88' lang='lat' dir='ltr'>possunt</span> <span class='ocrx_word' id='word_1_453' title='bbox 4169 919 4342 1004; x_wconf 90' lang='lat' dir='ltr'>apud</span> <span class='ocrx_word' id='word_1_454' title='bbox 4407 941 4478 987; x_wconf 81' lang='lat' dir='ltr'>se</span> 
     </span>
     <span class='ocr_line' id='line_1_65' title="bbox 2535 1003 4481 1088; baseline 0.001 -17"><span class='ocrx_word' id='word_1_455' title='bbox 2535 1006 2927 1071; x_wconf 88' lang='lat' dir='ltr'>constituere</span> <span class='ocrx_word' id='word_1_456' title='bbox 2970 1005 3126 1087; x_wconf 89' lang='lat' dir='ltr'>quid</span> <span class='ocrx_word' id='word_1_457' title='bbox 3162 1003 3506 1071; x_wconf 91' lang='lat' dir='ltr'>dicendum</span> <span class='ocrx_word' id='word_1_458' title='bbox 3549 1005 3711 1088; x_wconf 89' lang='lat' dir='ltr'>ipsis</span> <span class='ocrx_word' id='word_1_459' title='bbox 3754 1005 3855 1070; x_wconf 89' lang='lat' dir='ltr'>sit.</span> <span class='ocrx_word' id='word_1_460' title='bbox 3946 1003 4022 1071; x_wconf 87' lang='lat' dir='ltr'>Si</span> <span class='ocrx_word' id='word_1_461' title='bbox 4068 1014 4201 1070; x_wconf 87' lang='lat' dir='ltr'>tam</span> <span class='ocrx_word' id='word_1_462' title='bbox 4251 1005 4481 1072; x_wconf 83' lang='lat' dir='ltr'>tardus</span> 
     </span>
     <span class='ocr_line' id='line_1_66' title="bbox 2535 1088 4480 1176; baseline 0 -21"><span class='ocrx_word' id='word_1_463' title='bbox 2535 1091 2771 1157; x_wconf 84' lang='lat' dir='ltr'>fuisses</span> <span class='ocrx_word' id='word_1_464' title='bbox 2816 1090 2895 1155; x_wconf 87' lang='lat' dir='ltr'>ad</span> <span class='ocrx_word' id='word_1_465' title='bbox 2942 1088 3329 1168; x_wconf 87' lang='lat' dir='ltr'>abeundum,</span> <span class='ocrx_word' id='word_1_466' title='bbox 3376 1089 3529 1155; x_wconf 91' lang='lat' dir='ltr'>dum</span> <span class='ocrx_word' id='word_1_467' title='bbox 3571 1090 3900 1157; x_wconf 89' lang='lat' dir='ltr'>iubebaris</span> <span class='ocrx_word' id='word_1_468' title='bbox 3943 1112 4201 1157; x_wconf 91' lang='lat' dir='ltr'>mecum</span> <span class='ocrx_word' id='word_1_469' title='bbox 4237 1091 4480 1176; x_wconf 89' lang='lat' dir='ltr'>egredi,</span> 
     </span>
     <span class='ocr_line' id='line_1_67' title="bbox 2535 1174 4481 1258; baseline 0.002 -17"><span class='ocrx_word' id='word_1_470' title='bbox 2535 1197 2731 1258; x_wconf 91' lang='lat' dir='ltr'>quam</span> <span class='ocrx_word' id='word_1_471' title='bbox 2777 1175 2994 1241; x_wconf 89' lang='lat' dir='ltr'>tardas</span> <span class='ocrx_word' id='word_1_472' title='bbox 3039 1174 3252 1241; x_wconf 87' lang='lat' dir='ltr'>redire</span> <span class='ocrx_word' id='word_1_473' title='bbox 3292 1183 3561 1258; x_wconf 85' lang='lat' dir='ltr'>rogatus</span> <span class='ocrx_word' id='word_1_474' title='bbox 3605 1177 3998 1258; x_wconf 85' lang='lat' dir='ltr'>saepissime,</span> <span class='ocrx_word' id='word_1_475' title='bbox 4058 1197 4188 1241; x_wconf 92' lang='lat' dir='ltr'>non</span> <span class='ocrx_word' id='word_1_476' title='bbox 4224 1177 4317 1242; x_wconf 87' lang='lat' dir='ltr'>ita</span> <span class='ocrx_word' id='word_1_477' title='bbox 4374 1198 4481 1245; x_wconf 82' lang='lat' dir='ltr'>res</span> 
     </span>
     <span class='ocr_line' id='line_1_68' title="bbox 2534 1259 4479 1345; baseline 0.001 -20"><span class='ocrx_word' id='word_1_478' title='bbox 2534 1260 2869 1329; x_wconf 89' lang='lat' dir='ltr'>haberent.</span> <span class='ocrx_word' id='word_1_479' title='bbox 2960 1260 3173 1343; x_wconf 80' lang='lat' dir='ltr'>Quem</span> <span class='ocrx_word' id='word_1_480' title='bbox 3218 1259 3506 1328; x_wconf 88' lang='lat' dir='ltr'>offendes</span> <span class='ocrx_word' id='word_1_481' title='bbox 3548 1260 3907 1327; x_wconf 90' lang='lat' dir='ltr'>Dominum</span> <span class='ocrx_word' id='word_1_482' title='bbox 3955 1271 4022 1327; x_wconf 90' lang='lat' dir='ltr'>et</span> <span class='ocrx_word' id='word_1_483' title='bbox 4055 1283 4280 1327; x_wconf 89' lang='lat' dir='ltr'>omnes</span> <span class='ocrx_word' id='word_1_484' title='bbox 4319 1263 4479 1345; x_wconf 89' lang='lat' dir='ltr'>pios,</span> 
     </span>
     <span class='ocr_line' id='line_1_69' title="bbox 2535 1345 4480 1431; baseline 0.001 -18"><span class='ocrx_word' id='word_1_485' title='bbox 2535 1347 2592 1413; x_wconf 91' lang='lat' dir='ltr'>si</span> <span class='ocrx_word' id='word_1_486' title='bbox 2636 1369 2770 1413; x_wconf 91' lang='lat' dir='ltr'>non</span> <span class='ocrx_word' id='word_1_487' title='bbox 2810 1349 3108 1431; x_wconf 90' lang='lat' dir='ltr'>protinus</span> <span class='ocrx_word' id='word_1_488' title='bbox 3149 1346 3422 1412; x_wconf 87' lang='lat' dir='ltr'>venias?</span> <span class='ocrx_word' id='word_1_489' title='bbox 3491 1345 3563 1414; x_wconf 80' lang='lat' dir='ltr'>Si</span> <span class='ocrx_word' id='word_1_490' title='bbox 3603 1347 3766 1413; x_wconf 88' lang='lat' dir='ltr'>alios</span> <span class='ocrx_word' id='word_1_491' title='bbox 3805 1370 3887 1412; x_wconf 85' lang='lat' dir='ltr'>ex</span> <span class='ocrx_word' id='word_1_492' title='bbox 3910 1368 4015 1412; x_wconf 92' lang='lat' dir='ltr'>me</span> <span class='ocrx_word' id='word_1_493' title='bbox 4047 1350 4189 1429; x_wconf 90' lang='lat' dir='ltr'>ipso</span> <span class='ocrx_word' id='word_1_494' title='bbox 4226 1349 4480 1427; x_wconf 89' lang='lat' dir='ltr'>metior,</span> 
     </span>
     <span class='ocr_line' id='line_1_70' title="bbox 2535 1432 4481 1516; baseline 0.002 -20"><span class='ocrx_word' id='word_1_495' title='bbox 2535 1434 2753 1498; x_wconf 92' lang='lat' dir='ltr'>nescio</span> <span class='ocrx_word' id='word_1_496' title='bbox 2810 1454 2935 1516; x_wconf 93' lang='lat' dir='ltr'>quo</span> <span class='ocrx_word' id='word_1_497' title='bbox 2993 1441 3057 1498; x_wconf 89' lang='lat' dir='ltr'>te</span> <span class='ocrx_word' id='word_1_498' title='bbox 3117 1434 3253 1496; x_wconf 87' lang='lat' dir='ltr'>sint</span> <span class='ocrx_word' id='word_1_499' title='bbox 3304 1432 3594 1499; x_wconf 86' lang='lat' dir='ltr'>habituri</span> <span class='ocrx_word' id='word_1_500' title='bbox 3648 1432 3814 1509; x_wconf 87' lang='lat' dir='ltr'>loce,</span> <span class='ocrx_word' id='word_1_501' title='bbox 3876 1432 4192 1515; x_wconf 87' lang='lat' dir='ltr'>siquidem</span> <span class='ocrx_word' id='word_1_502' title='bbox 4235 1433 4481 1500; x_wconf 88' lang='lat' dir='ltr'>nullius</span> 
     </span>
     <span class='ocr_line' id='line_1_71' title="bbox 2534 1518 4481 1602; baseline 0.002 -21"><span class='ocrx_word' id='word_1_503' title='bbox 2534 1519 2604 1581; x_wconf 91' lang='lat' dir='ltr'>in</span> <span class='ocrx_word' id='word_1_504' title='bbox 2649 1519 2986 1584; x_wconf 87' lang='lat' dir='ltr'>ecclesiam</span> <span class='ocrx_word' id='word_1_505' title='bbox 3032 1518 3226 1601; x_wconf 90' lang='lat' dir='ltr'>culpa</span> <span class='ocrx_word' id='word_1_506' title='bbox 3269 1527 3419 1583; x_wconf 89' lang='lat' dir='ltr'>tuae</span> <span class='ocrx_word' id='word_1_507' title='bbox 3463 1519 3741 1583; x_wconf 80' lang='lat' dir='ltr'>conferri</span> <span class='ocrx_word' id='word_1_508' title='bbox 3784 1519 4043 1602; x_wconf 88' lang='lat' dir='ltr'>poterit,</span> <span class='ocrx_word' id='word_1_509' title='bbox 4089 1520 4144 1583; x_wconf 88' lang='lat' dir='ltr'>si</span> <span class='ocrx_word' id='word_1_510' title='bbox 4190 1539 4321 1583; x_wconf 89' lang='lat' dir='ltr'>non</span> <span class='ocrx_word' id='word_1_511' title='bbox 4367 1518 4481 1584; x_wconf 89' lang='lat' dir='ltr'>ad-</span> 
     </span>
     <span class='ocr_line' id='line_1_72' title="bbox 2538 1602 4481 1684; baseline 0.001 -16"><span class='ocrx_word' id='word_1_512' title='bbox 2538 1604 2715 1669; x_wconf 89' lang='lat' dir='ltr'>voles</span> <span class='ocrx_word' id='word_1_513' title='bbox 2761 1603 2864 1668; x_wconf 90' lang='lat' dir='ltr'>vel</span> <span class='ocrx_word' id='word_1_514' title='bbox 2910 1624 3126 1684; x_wconf 76' lang='lat' dir='ltr'>serua,</span> <span class='ocrx_word' id='word_1_515' title='bbox 3181 1612 3250 1669; x_wconf 90' lang='lat' dir='ltr'>et</span> <span class='ocrx_word' id='word_1_516' title='bbox 3290 1604 3384 1668; x_wconf 87' lang='lat' dir='ltr'>ita</span> <span class='ocrx_word' id='word_1_517' title='bbox 3426 1605 3778 1671; x_wconf 88' lang='lat' dir='ltr'>conficiens</span> <span class='ocrx_word' id='word_1_518' title='bbox 3836 1626 4063 1670; x_wconf 90' lang='lat' dir='ltr'>omnes</span> <span class='ocrx_word' id='word_1_519' title='bbox 4105 1613 4243 1669; x_wconf 88' lang='lat' dir='ltr'>tam</span> <span class='ocrx_word' id='word_1_520' title='bbox 4289 1602 4481 1671; x_wconf 84' lang='lat' dir='ltr'>avide</span> 
     </span>
     <span class='ocr_line' id='line_1_73' title="bbox 2536 1689 4483 1773; baseline 0.001 -20"><span class='ocrx_word' id='word_1_521' title='bbox 2536 1696 2724 1753; x_wconf 86' lang='lat' dir='ltr'>tuum</span> <span class='ocrx_word' id='word_1_522' title='bbox 2768 1689 3120 1754; x_wconf 90' lang='lat' dir='ltr'>adventum</span> <span class='ocrx_word' id='word_1_523' title='bbox 3167 1700 3639 1772; x_wconf 87' lang='lat' dir='ltr'>exspectantes.</span> <span class='ocrx_word' id='word_1_524' title='bbox 3727 1690 3982 1755; x_wconf 89' lang='lat' dir='ltr'>Verum</span> <span class='ocrx_word' id='word_1_525' title='bbox 4025 1712 4155 1755; x_wconf 94' lang='lat' dir='ltr'>non</span> <span class='ocrx_word' id='word_1_526' title='bbox 4200 1696 4359 1773; x_wconf 82' lang='lat' dir='ltr'>puto</span> <span class='ocrx_word' id='word_1_527' title='bbox 4417 1699 4483 1756; x_wconf 91' lang='lat' dir='ltr'>te</span> 
     </span>
     <span class='ocr_line' id='line_1_74' title="bbox 2536 1775 4483 1860; baseline 0.002 -22"><span class='ocrx_word' id='word_1_528' title='bbox 2536 1781 2673 1838; x_wconf 89' lang='lat' dir='ltr'>tam</span> <span class='ocrx_word' id='word_1_529' title='bbox 2718 1796 2986 1840; x_wconf 87' lang='lat' dir='ltr'>saxeum</span> <span class='ocrx_word' id='word_1_530' title='bbox 3033 1775 3115 1839; x_wconf 89' lang='lat' dir='ltr'>ad</span> <span class='ocrx_word' id='word_1_531' title='bbox 3160 1775 3470 1841; x_wconf 90' lang='lat' dir='ltr'>ecclesiae</span> <span class='ocrx_word' id='word_1_532' title='bbox 3513 1794 3737 1858; x_wconf 89' lang='lat' dir='ltr'>preces</span> <span class='ocrx_word' id='word_1_533' title='bbox 3755 1827 3771 1854; x_wconf 90' lang='lat'>,</span> <span class='ocrx_word' id='word_1_534' title='bbox 3829 1787 3905 1840; x_wconf 88' lang='lat' dir='ltr'>ut</span> <span class='ocrx_word' id='word_1_535' title='bbox 3949 1785 4085 1840; x_wconf 90' lang='lat' dir='ltr'>tam</span> <span class='ocrx_word' id='word_1_536' title='bbox 4127 1776 4327 1860; x_wconf 91' lang='lat' dir='ltr'>impie</span> <span class='ocrx_word' id='word_1_537' title='bbox 4370 1796 4483 1842; x_wconf 87' lang='lat' dir='ltr'>eas</span> 
     </span>
     <span class='ocr_line' id='line_1_75' title="bbox 2537 1858 4483 1945; baseline 0.002 -21"><span class='ocrx_word' id='word_1_538' title='bbox 2537 1860 2805 1925; x_wconf 89' lang='lat' dir='ltr'>reiicere</span> <span class='ocrx_word' id='word_1_539' title='bbox 2847 1862 3070 1943; x_wconf 88' lang='lat' dir='ltr'>possis,</span> <span class='ocrx_word' id='word_1_540' title='bbox 3116 1860 3231 1925; x_wconf 90' lang='lat' dir='ltr'>sed</span> <span class='ocrx_word' id='word_1_541' title='bbox 3275 1858 3501 1925; x_wconf 87' lang='lat' dir='ltr'>audies</span> <span class='ocrx_word' id='word_1_542' title='bbox 3538 1870 3604 1926; x_wconf 89' lang='lat' dir='ltr'>et</span> <span class='ocrx_word' id='word_1_543' title='bbox 3636 1861 3902 1926; x_wconf 91' lang='lat' dir='ltr'>tandem</span> <span class='ocrx_word' id='word_1_544' title='bbox 3937 1862 4195 1945; x_wconf 82' lang='lat' dir='ltr'>parebis</span> <span class='ocrx_word' id='word_1_545' title='bbox 4218 1860 4483 1945; x_wconf 87' lang='lat' dir='ltr'>spiritui</span> 
     </span>
     <span class='ocr_line' id='line_1_76' title="bbox 2535 1944 4484 2029; baseline 0 -18"><span class='ocrx_word' id='word_1_546' title='bbox 2535 1944 2805 2025; x_wconf 85' lang='lat' dir='ltr'>Christi,</span> <span class='ocrx_word' id='word_1_547' title='bbox 2852 1968 2971 2013; x_wconf 88' lang='lat' dir='ltr'>nec</span> <span class='ocrx_word' id='word_1_548' title='bbox 3030 1946 3312 2029; x_wconf 90' lang='lat' dir='ltr'>amplius</span> <span class='ocrx_word' id='word_1_549' title='bbox 3355 1946 3634 2011; x_wconf 90' lang='lat' dir='ltr'>differes.</span> <span class='ocrx_word' id='word_1_550' title='bbox 3739 1945 3812 2012; x_wconf 83' lang='lat' dir='ltr'>Si</span> <span class='ocrx_word' id='word_1_551' title='bbox 3867 1948 4054 2011; x_wconf 88' lang='lat' dir='ltr'>iuxta</span> <span class='ocrx_word' id='word_1_552' title='bbox 4110 1947 4484 2013; x_wconf 88' lang='lat' dir='ltr'>condictum</span> 
     </span>
     <span class='ocr_line' id='line_1_77' title="bbox 2538 2031 4482 2115; baseline 0.001 -21"><span class='ocrx_word' id='word_1_553' title='bbox 2538 2039 2608 2095; x_wconf 89' lang='lat' dir='ltr'>tu</span> <span class='ocrx_word' id='word_1_554' title='bbox 2667 2039 2735 2096; x_wconf 92' lang='lat' dir='ltr'>et</span> <span class='ocrx_word' id='word_1_555' title='bbox 2792 2031 2902 2096; x_wconf 89' lang='lat' dir='ltr'>alii</span> <span class='ocrx_word' id='word_1_556' title='bbox 2957 2032 3336 2113; x_wconf 88' lang='lat' dir='ltr'>venissetis,</span> <span class='ocrx_word' id='word_1_557' title='bbox 3399 2053 3528 2097; x_wconf 92' lang='lat' dir='ltr'>non</span> <span class='ocrx_word' id='word_1_558' title='bbox 3574 2031 3797 2097; x_wconf 88' lang='lat' dir='ltr'>dubito</span> <span class='ocrx_word' id='word_1_559' title='bbox 3843 2033 4001 2115; x_wconf 89' lang='lat' dir='ltr'>quin</span> <span class='ocrx_word' id='word_1_560' title='bbox 4051 2033 4284 2098; x_wconf 88' lang='lat' dir='ltr'>melius</span> <span class='ocrx_word' id='word_1_561' title='bbox 4328 2052 4482 2098; x_wconf 91' lang='lat' dir='ltr'>con-</span> 
     </span>
     <span class='ocr_line' id='line_1_78' title="bbox 2535 2116 4484 2200; baseline 0.001 -18"><span class='ocrx_word' id='word_1_562' title='bbox 2535 2116 2781 2182; x_wconf 91' lang='lat' dir='ltr'>sultum</span> <span class='ocrx_word' id='word_1_563' title='bbox 2847 2119 3075 2184; x_wconf 83' lang='lat' dir='ltr'>fuisset</span> <span class='ocrx_word' id='word_1_564' title='bbox 3135 2117 3331 2183; x_wconf 91' lang='lat' dir='ltr'>rebus</span> <span class='ocrx_word' id='word_1_565' title='bbox 3398 2117 3733 2183; x_wconf 89' lang='lat' dir='ltr'>ecclesiae:</span> <span class='ocrx_word' id='word_1_566' title='bbox 3807 2117 3921 2182; x_wconf 90' lang='lat' dir='ltr'>sed</span> <span class='ocrx_word' id='word_1_567' title='bbox 3991 2125 4282 2200; x_wconf 86' lang='lat' dir='ltr'>praestat</span> <span class='ocrx_word' id='word_1_568' title='bbox 4337 2137 4484 2184; x_wconf 87' lang='lat' dir='ltr'>sero</span> 
     </span>
     <span class='ocr_line' id='line_1_79' title="bbox 2535 2200 4487 2288; baseline 0 -21"><span class='ocrx_word' id='word_1_569' title='bbox 2535 2223 2730 2284; x_wconf 85' lang='lat' dir='ltr'>quam</span> <span class='ocrx_word' id='word_1_570' title='bbox 2795 2224 3150 2287; x_wconf 89' lang='lat' dir='ltr'>nunquam.</span> <span class='ocrx_word' id='word_1_571' title='bbox 3173 2203 3229 2288; x_wconf 81' lang='lat'>⁸)</span> <span class='ocrx_word' id='word_1_572' title='bbox 3342 2200 3560 2283; x_wconf 79' lang='lat' dir='ltr'>Quam</span> <span class='ocrx_word' id='word_1_573' title='bbox 3617 2202 3856 2267; x_wconf 80' lang='lat' dir='ltr'>vellem</span> <span class='ocrx_word' id='word_1_574' title='bbox 3916 2223 4026 2268; x_wconf 88' lang='lat' dir='ltr'>eos</span> <span class='ocrx_word' id='word_1_575' title='bbox 4091 2205 4202 2286; x_wconf 91' lang='lat' dir='ltr'>qui</span> <span class='ocrx_word' id='word_1_576' title='bbox 4256 2202 4487 2268; x_wconf 85' lang='lat' dir='ltr'>vident</span> 
     </span>
     <span class='ocr_line' id='line_1_80' title="bbox 2534 2286 4485 2372; baseline 0 -20"><span class='ocrx_word' id='word_1_577' title='bbox 2534 2307 2805 2353; x_wconf 89' lang='lat' dir='ltr'>manum</span> <span class='ocrx_word' id='word_1_578' title='bbox 2873 2286 3145 2354; x_wconf 91' lang='lat' dir='ltr'>Domini</span> <span class='ocrx_word' id='word_1_579' title='bbox 3207 2290 3277 2353; x_wconf 92' lang='lat' dir='ltr'>in</span> <span class='ocrx_word' id='word_1_580' title='bbox 3341 2288 3607 2372; x_wconf 91' lang='lat' dir='ltr'>populo,</span> <span class='ocrx_word' id='word_1_581' title='bbox 3675 2287 3896 2354; x_wconf 83' lang='lat' dir='ltr'>Saulis</span> <span class='ocrx_word' id='word_1_582' title='bbox 3952 2289 4022 2352; x_wconf 92' lang='lat' dir='ltr'>in</span> <span class='ocrx_word' id='word_1_583' title='bbox 4078 2287 4485 2354; x_wconf 83' lang='lat' dir='ltr'>Gabaonitas</span> 
     </span>
     <span class='ocr_line' id='line_1_81' title="bbox 2535 2374 4484 2458; baseline -0.001 -19"><span class='ocrx_word' id='word_1_584' title='bbox 2535 2384 2873 2456; x_wconf 86' lang='lat' dir='ltr'>peccatum</span> <span class='ocrx_word' id='word_1_585' title='bbox 2914 2374 3374 2458; x_wconf 89' lang='lat' dir='ltr'>intelligerent,</span> <span class='ocrx_word' id='word_1_586' title='bbox 3421 2395 3504 2438; x_wconf 93' lang='lat' dir='ltr'>ne</span> <span class='ocrx_word' id='word_1_587' title='bbox 3548 2375 3640 2439; x_wconf 91' lang='lat' dir='ltr'>sic</span> <span class='ocrx_word' id='word_1_588' title='bbox 3681 2374 4086 2457; x_wconf 91' lang='lat' dir='ltr'>impunitum</span> <span class='ocrx_word' id='word_1_589' title='bbox 4141 2374 4310 2438; x_wconf 89' lang='lat' dir='ltr'>iram</span> <span class='ocrx_word' id='word_1_590' title='bbox 4353 2374 4484 2439; x_wconf 91' lang='lat' dir='ltr'>Dei</span> 
     </span>
     <span class='ocr_line' id='line_1_82' title="bbox 2536 2457 4483 2543; baseline 0.001 -20"><span class='ocrx_word' id='word_1_591' title='bbox 2536 2457 2925 2524; x_wconf 88' lang='lat' dir='ltr'>descendere</span> <span class='ocrx_word' id='word_1_592' title='bbox 2968 2461 3037 2524; x_wconf 91' lang='lat' dir='ltr'>in</span> <span class='ocrx_word' id='word_1_593' title='bbox 3081 2460 3336 2543; x_wconf 92' lang='lat' dir='ltr'>plebem</span> <span class='ocrx_word' id='word_1_594' title='bbox 3381 2460 3594 2526; x_wconf 82' lang='lat' dir='ltr'>faciat.</span> <span class='ocrx_word' id='word_1_595' title='bbox 3683 2459 3834 2524; x_wconf 87' lang='lat' dir='ltr'>Alia</span> <span class='ocrx_word' id='word_1_596' title='bbox 3877 2468 4032 2524; x_wconf 91' lang='lat' dir='ltr'>sunt</span> <span class='ocrx_word' id='word_1_597' title='bbox 4075 2458 4273 2543; x_wconf 90' lang='lat' dir='ltr'>digna</span> <span class='ocrx_word' id='word_1_598' title='bbox 4316 2480 4483 2542; x_wconf 89' lang='lat' dir='ltr'>quae</span> 
     </span>
     <span class='ocr_line' id='line_1_83' title="bbox 2536 2542 4484 2627; baseline 0.002 -19"><span class='ocrx_word' id='word_1_599' title='bbox 2536 2544 2837 2627; x_wconf 90' lang='lat' dir='ltr'>precibus</span> <span class='ocrx_word' id='word_1_600' title='bbox 2873 2544 2953 2610; x_wconf 90' lang='lat' dir='ltr'>de</span> <span class='ocrx_word' id='word_1_601' title='bbox 3000 2566 3296 2612; x_wconf 89' lang='lat' dir='ltr'>recemur</span> <span class='ocrx_word' id='word_1_602' title='bbox 3316 2546 3544 2625; x_wconf 86' lang='lat' dir='ltr'>multa,</span> <span class='ocrx_word' id='word_1_603' title='bbox 3591 2542 3707 2610; x_wconf 90' lang='lat' dir='ltr'>sed</span> <span class='ocrx_word' id='word_1_604' title='bbox 3728 2552 4101 2627; x_wconf 87' lang='lat' dir='ltr'>praesentes</span> <span class='ocrx_word' id='word_1_605' title='bbox 4121 2545 4484 2627; x_wconf 86' lang='lat' dir='ltr'>poterimus</span> 
     </span>
     <span class='ocr_line' id='line_1_84' title="bbox 2537 2567 4482 2709; baseline 0.001 -16"><span class='ocrx_word' id='word_1_606' title='bbox 2537 2631 2850 2696; x_wconf 89' lang='lat' dir='ltr'>conferre.</span> <span class='ocrx_word' id='word_1_607' title='bbox 2953 2567 3122 2697; x_wconf 43' lang='lat' dir='ltr'>{fale</span> <span class='ocrx_word' id='word_1_608' title='bbox 3187 2639 3254 2695; x_wconf 91' lang='lat' dir='ltr'>et</span> <span class='ocrx_word' id='word_1_609' title='bbox 3317 2633 3503 2709; x_wconf 88' lang='lat' dir='ltr'>veni,</span> <span class='ocrx_word' id='word_1_610' title='bbox 3577 2629 3690 2695; x_wconf 89' lang='lat' dir='ltr'>sed</span> <span class='ocrx_word' id='word_1_611' title='bbox 3762 2630 3906 2695; x_wconf 89' lang='lat' dir='ltr'>cito.</span> <span class='ocrx_word' id='word_1_612' title='bbox 4018 2627 4253 2696; x_wconf 82' lang='lat' dir='ltr'>Saluta</span> <span class='ocrx_word' id='word_1_613' title='bbox 4315 2630 4482 2695; x_wconf 86' lang='lat' dir='ltr'>mihi</span> 
     </span>
     <span class='ocr_line' id='line_1_85' title="bbox 2536 2713 4483 2801; baseline 0.001 -23"><span class='ocrx_word' id='word_1_614' title='bbox 2536 2736 2761 2782; x_wconf 90' lang='lat' dir='ltr'>omnes</span> <span class='ocrx_word' id='word_1_615' title='bbox 2838 2716 3335 2801; x_wconf 88' lang='lat' dir='ltr'>diligentissime</span> <span class='ocrx_word' id='word_1_616' title='bbox 3412 2725 3479 2781; x_wconf 90' lang='lat' dir='ltr'>et</span> <span class='ocrx_word' id='word_1_617' title='bbox 3541 2716 4038 2795; x_wconf 88' lang='lat' dir='ltr'>officiosissime,</span> <span class='ocrx_word' id='word_1_618' title='bbox 4109 2713 4483 2797; x_wconf 73' lang='lat' dir='ltr'>Capitonem,</span> 
     </span>
     <span class='ocr_line' id='line_1_86' title="bbox 2538 2800 4484 2884; baseline 0.001 -19"><span class='ocrx_word' id='word_1_619' title='bbox 2538 2800 2872 2884; x_wconf 64' lang='lat' dir='ltr'>Bucerum,</span> <span class='ocrx_word' id='word_1_620' title='bbox 2917 2802 3277 2881; x_wconf 60' lang='lat' dir='ltr'>Rodanum,</span> <span class='ocrx_word' id='word_1_621' title='bbox 3317 2800 3685 2880; x_wconf 77' lang='lat' dir='ltr'>Sturmium,</span> <span class='ocrx_word' id='word_1_622' title='bbox 3730 2801 4091 2880; x_wconf 75' lang='lat' dir='ltr'>Hedionem,</span> <span class='ocrx_word' id='word_1_623' title='bbox 4128 2800 4484 2867; x_wconf 81' lang='lat' dir='ltr'>Matthiam</span> 
     </span>
     <span class='ocr_line' id='line_1_87' title="bbox 2541 2885 4483 2972; baseline 0 -21"><span class='ocrx_word' id='word_1_624' title='bbox 2541 2885 2856 2967; x_wconf 77' lang='lat' dir='ltr'>Stuenum,</span> <span class='ocrx_word' id='word_1_625' title='bbox 2880 2888 2938 2972; x_wconf 85' lang='lat'>⁴)</span> <span class='ocrx_word' id='word_1_626' title='bbox 2994 2910 3113 2955; x_wconf 90' lang='lat' dir='ltr'>nec</span> <span class='ocrx_word' id='word_1_627' title='bbox 3172 2896 3575 2972; x_wconf 88' lang='lat' dir='ltr'>praeteream</span> <span class='ocrx_word' id='word_1_628' title='bbox 3646 2895 3975 2953; x_wconf 87' lang='lat' dir='ltr'>senatores</span> <span class='ocrx_word' id='word_1_629' title='bbox 4036 2886 4349 2952; x_wconf 76' lang='lat' dir='ltr'>Sturmios</span> <span class='ocrx_word' id='word_1_630' title='bbox 4417 2894 4483 2952; x_wconf 87' lang='lat' dir='ltr'>et</span> 
     </span>
     <span class='ocr_line' id='line_1_88' title="bbox 2537 2971 4483 3040; baseline -0.001 -2"><span class='ocrx_word' id='word_1_631' title='bbox 2537 2973 2835 3040; x_wconf 88' lang='lat' dir='ltr'>scribam.</span> <span class='ocrx_word' id='word_1_632' title='bbox 2944 2974 3170 3040; x_wconf 86' lang='lat' dir='ltr'>Nostri</span> <span class='ocrx_word' id='word_1_633' title='bbox 3232 2994 3458 3039; x_wconf 90' lang='lat' dir='ltr'>omnes</span> <span class='ocrx_word' id='word_1_634' title='bbox 3523 2981 3587 3038; x_wconf 89' lang='lat' dir='ltr'>te</span> <span class='ocrx_word' id='word_1_635' title='bbox 3653 2972 3914 3038; x_wconf 75' lang='lat' dir='ltr'>salvum</span> <span class='ocrx_word' id='word_1_636' title='bbox 3968 2992 4117 3037; x_wconf 89' lang='lat' dir='ltr'>eum</span> <span class='ocrx_word' id='word_1_637' title='bbox 4182 2971 4483 3038; x_wconf 86' lang='lat' dir='ltr'>omnibus</span> 
     </span>
     <span class='ocr_line' id='line_1_89' title="bbox 2539 3059 3970 3142; baseline 0 -20"><span class='ocrx_word' id='word_1_638' title='bbox 2539 3059 2829 3142; x_wconf 87' lang='lat' dir='ltr'>cupiunt.</span> <span class='ocrx_word' id='word_1_639' title='bbox 2918 3060 3242 3139; x_wconf 89' lang='lat' dir='ltr'>Neocomi,</span> <span class='ocrx_word' id='word_1_640' title='bbox 3286 3062 3385 3123; x_wconf 83' lang='lat'>25.</span> <span class='ocrx_word' id='word_1_641' title='bbox 3433 3059 3736 3142; x_wconf 83' lang='lat' dir='ltr'>Augusti.</span> <span class='ocrx_word' id='word_1_642' title='bbox 3790 3062 3970 3122; x_wconf 84' lang='lat'>1541.</span> 
     </span>
    </p>
   </div>
   <div class='ocr_carea' id='block_1_10' title="bbox 3306 3351 3714 3361">
    <p class='ocr_par' dir='ltr' id='par_1_11' title="bbox 3306 3351 3714 3361">
     <span class='ocr_line' id='line_1_90' title="bbox 3306 3351 3714 3361; baseline -0.002 -1"><span class='ocrx_word' id='word_1_643' title='bbox 3306 3351 3714 3361; x_wconf 51' lang='grc' dir='ltr'>ψ-</span> 
     </span>
    </p>
   </div>
   <div class='ocr_carea' id='block_1_11' title="bbox 2540 3569 4483 3778">
    <p class='ocr_par' dir='ltr' id='par_1_12' title="bbox 2540 3569 4483 3778">
     <span class='ocr_line' id='line_1_91' title="bbox 3444 3569 3596 3641; baseline 0.007 -2"><span class='ocrx_word' id='word_1_644' title='bbox 3444 3569 3596 3641; x_wconf 78' lang='grc'><strong>345.</strong></span> 
     </span>
     <span class='ocr_line' id='line_1_92' title="bbox 2540 3704 4483 3778; baseline -0.003 0"><span class='ocrx_word' id='word_1_645' title='bbox 2540 3705 2959 3778; x_wconf 77' lang='grc' dir='ltr'><strong>ΒΕΝΔΤΠΒ</strong></span> <span class='ocrx_word' id='word_1_646' title='bbox 2981 3704 3887 3776; x_wconf 71' lang='grc' dir='ltr'><strong>ΑΒΘΕΝΤΟΒΑΤΕΝΒῙΒ</strong></span> <span class='ocrx_word' id='word_1_647' title='bbox 3924 3704 4483 3773; x_wconf 72' lang='lat' dir='ltr'>GENEVENSI,</span> 
     </span>
    </p>
   </div>
   <div class='ocr_carea' id='block_1_12' title="bbox 2538 3878 4488 4035">
    <p class='ocr_par' dir='ltr' id='par_1_13' title="bbox 2538 3878 4488 4035">
     <span class='ocr_line' id='line_1_93' title="bbox 2714 3878 4488 3961; baseline -0.004 -13"><span class='ocrx_word' id='word_1_648' title='bbox 2714 3880 3046 3948; x_wconf 74' lang='lat' dir='ltr'>Calvinum</span> <span class='ocrx_word' id='word_1_649' title='bbox 3100 3879 3286 3944; x_wconf 77' lang='lat' dir='ltr'>inviti</span> <span class='ocrx_word' id='word_1_650' title='bbox 3339 3879 3670 3944; x_wconf 72' lang='lat' dir='ltr'>comedunt</span> <span class='ocrx_word' id='word_1_651' title='bbox 3711 3879 3800 3943; x_wconf 77' lang='lat' dir='ltr'>iis</span> <span class='ocrx_word' id='word_1_652' title='bbox 3851 3884 3908 3944; x_wconf 79' lang='lat' dir='ltr'>et</span> <span class='ocrx_word' id='word_1_653' title='bbox 3961 3898 4154 3961; x_wconf 78' lang='lat' dir='ltr'>quam</span> <span class='ocrx_word' id='word_1_654' title='bbox 4200 3878 4488 3960; x_wconf 55' lang='lat' dir='ltr'>primum</span> 
     </span>
     <span class='ocr_line' id='line_1_94' title="bbox 2538 3967 4486 4035; baseline -0.002 -3"><span class='ocrx_word' id='word_1_655' title='bbox 2538 3967 2985 4035; x_wconf 60' lang='lat' dir='ltr'>ranicundam.</span> <span class='ocrx_word' id='word_1_656' title='bbox 4479 3990 4486 3995; x_wconf 82' lang='grc'><em>·</em></span> 
     </span>
    </p>
   </div>
   <div class='ocr_carea' id='block_1_13' title="bbox 2542 4132 4489 4551">
    <p class='ocr_par' dir='ltr' id='par_1_14' title="bbox 2542 4132 4489 4551">
     <span class='ocr_line' id='line_1_95' title="bbox 2544 4132 4485 4203; baseline -0.004 -11"><span class='ocrx_word' id='word_1_657' title='bbox 2544 4139 2742 4203; x_wconf 85' lang='lat' dir='ltr'>(Exem</span> <span class='ocrx_word' id='word_1_658' title='bbox 2782 4139 2867 4191; x_wconf 85' lang='lat' dir='ltr'>lar</span> <span class='ocrx_word' id='word_1_659' title='bbox 2900 4136 3269 4190; x_wconf 85' lang='lat' dir='ltr'>authenticum</span> <span class='ocrx_word' id='word_1_660' title='bbox 3304 4139 3486 4189; x_wconf 79' lang='lat' dir='ltr'>exstat</span> <span class='ocrx_word' id='word_1_661' title='bbox 3528 4134 3587 4187; x_wconf 87' lang='lat' dir='ltr'>in</span> <span class='ocrx_word' id='word_1_662' title='bbox 3633 4134 3778 4189; x_wconf 88' lang='lat' dir='ltr'>Bibl.</span> <span class='ocrx_word' id='word_1_663' title='bbox 3825 4133 4028 4189; x_wconf 79' lang='lat' dir='ltr'>Genev.</span> <span class='ocrx_word' id='word_1_664' title='bbox 4074 4133 4278 4188; x_wconf 82' lang='lat' dir='ltr'>Oarton</span> <span class='ocrx_word' id='word_1_665' title='bbox 4313 4132 4485 4202; x_wconf 57' lang='lat'>1972,</span> 
     </span>
     <span class='ocr_line' id='line_1_96' title="bbox 2542 4201 4488 4285; baseline -0.003 -24"><span class='ocrx_word' id='word_1_666' title='bbox 2542 4208 2610 4261; x_wconf 84' lang='lat' dir='ltr'>N.</span> <span class='ocrx_word' id='word_1_667' title='bbox 2647 4205 2697 4259; x_wconf 79' lang='lat'>2.</span> <span class='ocrx_word' id='word_1_668' title='bbox 2777 4225 2814 4260; x_wconf 91' lang='lat' dir='ltr'>n</span> <span class='ocrx_word' id='word_1_669' title='bbox 2848 4212 2904 4260; x_wconf 84' lang='lat' dir='ltr'>te</span> <span class='ocrx_word' id='word_1_670' title='bbox 3042 4205 3267 4274; x_wconf 83' lang='lat' dir='ltr'>legitur:</span> <span class='ocrx_word' id='word_1_671' title='bbox 3304 4203 3724 4272; x_wconf 85' lang='lat' dir='ltr'>Destrabourga</span> <span class='ocrx_word' id='word_1_672' title='bbox 3741 4219 3899 4284; x_wconf 75' lang='lat' dir='ltr'>cause</span> <span class='ocrx_word' id='word_1_673' title='bbox 3935 4202 4003 4256; x_wconf 88' lang='lat' dir='ltr'>de</span> <span class='ocrx_word' id='word_1_674' title='bbox 4038 4209 4278 4285; x_wconf 64' lang='lat' dir='ltr'>maystre</span> <span class='ocrx_word' id='word_1_675' title='bbox 4299 4201 4488 4282; x_wconf 71' lang='lat' dir='ltr'>Calvia</span> 
     </span>
     <span class='ocr_line' id='line_1_97' title="bbox 2543 4270 4487 4412; baseline -0.004 -14"><span class='ocrx_word' id='word_1_676' title='bbox 2543 4292 2775 4398; x_wconf 58' lang='lat'>“515333‘</span> <span class='ocrx_word' id='word_1_677' title='bbox 2787 4275 2990 4397; x_wconf 49' lang='grc' dir='ltr'>ἐὲιὲιιῑ</span> <span class='ocrx_word' id='word_1_678' title='bbox 3003 4270 3655 4412; x_wconf 45' lang='grc' dir='ltr'>ᾶιῖηἶῗῗὲἲέᾅῖὅῖξο</span> <span class='ocrx_word' id='word_1_679' title='bbox 3687 4271 3916 4409; x_wconf 57' lang='lat' dir='ltr'>Assffii?</span> <span class='ocrx_word' id='word_1_680' title='bbox 3935 4271 4487 4393; x_wconf 46' lang='lat'>5:322333‘33332:</span> 
     </span>
     <span class='ocr_line' id='line_1_98' title="bbox 2591 4406 4487 4480; baseline -0.002 -15"><span class='ocrx_word' id='word_1_681' title='bbox 2591 4413 2771 4466; x_wconf 85' lang='lat' dir='ltr'>arisiis</span> <span class='ocrx_word' id='word_1_682' title='bbox 2821 4413 2880 4466; x_wconf 87' lang='lat' dir='ltr'>in</span> <span class='ocrx_word' id='word_1_683' title='bbox 2933 4413 3073 4465; x_wconf 89' lang='lat' dir='ltr'>Bibl.</span> <span class='ocrx_word' id='word_1_684' title='bbox 3125 4412 3329 4466; x_wconf 86' lang='lat' dir='ltr'>nation.</span> <span class='ocrx_word' id='word_1_685' title='bbox 3381 4411 3600 4464; x_wconf 85' lang='lat' dir='ltr'>Oollect.</span> <span class='ocrx_word' id='word_1_686' title='bbox 3706 4425 3852 4480; x_wconf 77' lang='lat' dir='ltr'>upuy</span> <span class='ocrx_word' id='word_1_687' title='bbox 3913 4408 4036 4461; x_wconf 87' lang='lat' dir='ltr'>Vol.</span> <span class='ocrx_word' id='word_1_688' title='bbox 4091 4406 4204 4473; x_wconf 84' lang='lat'>102,</span> <span class='ocrx_word' id='word_1_689' title='bbox 4257 4408 4350 4462; x_wconf 80' lang='lat' dir='ltr'>sol.</span> <span class='ocrx_word' id='word_1_690' title='bbox 4403 4406 4487 4461; x_wconf 80' lang='lat'>78.</span> 
     </span>
     <span class='ocr_line' id='line_1_99' title="bbox 2545 4476 4489 4551; baseline -0.003 -15"><span class='ocrx_word' id='word_1_691' title='bbox 2545 4481 2669 4537; x_wconf 83' lang='lat' dir='ltr'>Alia</span> <span class='ocrx_word' id='word_1_692' title='bbox 2703 4481 2810 4535; x_wconf 86' lang='lat' dir='ltr'>duo</span> <span class='ocrx_word' id='word_1_693' title='bbox 2846 4483 3141 4551; x_wconf 84' lang='lat' dir='ltr'>reperimus</span> <span class='ocrx_word' id='word_1_694' title='bbox 3175 4482 3234 4534; x_wconf 87' lang='lat' dir='ltr'>in</span> <span class='ocrx_word' id='word_1_695' title='bbox 3271 4479 3525 4533; x_wconf 73' lang='lat' dir='ltr'>Archivis</span> <span class='ocrx_word' id='word_1_696' title='bbox 3551 4477 3842 4531; x_wconf 80' lang='lat' dir='ltr'>Thomauis</span> <span class='ocrx_word' id='word_1_697' title='bbox 3860 4479 4084 4546; x_wconf 81' lang='lat' dir='ltr'>Argent.</span> <span class='ocrx_word' id='word_1_698' title='bbox 4120 4492 4239 4530; x_wconf 87' lang='lat' dir='ltr'>cnm</span> <span class='ocrx_word' id='word_1_699' title='bbox 4278 4476 4489 4531; x_wconf 76' lang='lat' dir='ltr'>adnexa</span> 
     </span>
    </p>
   </div>
   <div class='ocr_carea' id='block_1_14' title="bbox 2544 4545 4484 4620">
    <p class='ocr_par' dir='ltr' id='par_1_15' title="bbox 2544 4545 4484 4620">
     <span class='ocr_line' id='line_1_100' title="bbox 2544 4545 4484 4620; baseline -0.004 -16"><span class='ocrx_word' id='word_1_700' title='bbox 2544 4551 2791 4605; x_wconf 88' lang='lat' dir='ltr'>versione</span> <span class='ocrx_word' id='word_1_701' title='bbox 2808 4550 3131 4620; x_wconf 81' lang='lat' dir='ltr'>germanica,</span> <span class='ocrx_word' id='word_1_702' title='bbox 3166 4556 3379 4605; x_wconf 84' lang='lat' dir='ltr'>textum</span> <span class='ocrx_word' id='word_1_703' title='bbox 3396 4547 3598 4601; x_wconf 86' lang='lat' dir='ltr'>nudum</span> <span class='ocrx_word' id='word_1_704' title='bbox 3617 4546 3732 4600; x_wconf 84' lang='lat' dir='ltr'>sine</span> <span class='ocrx_word' id='word_1_705' title='bbox 3755 4546 4107 4616; x_wconf 87' lang='lat' dir='ltr'>inscriptione</span> <span class='ocrx_word' id='word_1_706' title='bbox 4125 4545 4484 4612; x_wconf 86' lang='lat' dir='ltr'>exhibentia.)</span> 
     </span>
    </p>
   </div>
   <div class='ocr_carea' id='block_1_15' title="bbox 2544 4731 4487 4909">
    <p class='ocr_par' dir='ltr' id='par_1_16' title="bbox 2544 4731 4487 4909">
     <span class='ocr_line' id='line_1_101' title="bbox 2712 4731 4487 4819; baseline -0.005 -15"><span class='ocrx_word' id='word_1_707' title='bbox 2712 4738 3160 4804; x_wconf 85' lang='lat' dir='ltr'>Prudentibus</span> <span class='ocrx_word' id='word_1_708' title='bbox 3202 4746 3271 4803; x_wconf 91' lang='lat' dir='ltr'>et</span> <span class='ocrx_word' id='word_1_709' title='bbox 3305 4736 3655 4819; x_wconf 86' lang='lat' dir='ltr'>praeclaris</span> <span class='ocrx_word' id='word_1_710' title='bbox 3698 4734 3924 4799; x_wconf 88' lang='lat' dir='ltr'>amicis</span> <span class='ocrx_word' id='word_1_711' title='bbox 3965 4741 4033 4798; x_wconf 91' lang='lat' dir='ltr'>et</span> <span class='ocrx_word' id='word_1_712' title='bbox 4072 4734 4307 4800; x_wconf 86' lang='lat' dir='ltr'>vicinis</span> <span class='ocrx_word' id='word_1_713' title='bbox 4349 4731 4487 4797; x_wconf 90' lang='lat' dir='ltr'>suis</span> 
     </span>
     <span class='ocr_line' id='line_1_102' title="bbox 2544 4816 4484 4909; baseline -0.004 -20"><span class='ocrx_word' id='word_1_714' title='bbox 2544 4826 2896 4891; x_wconf 87' lang='lat' dir='ltr'>carissimis</span> <span class='ocrx_word' id='word_1_715' title='bbox 2936 4821 3243 4909; x_wconf 82' lang='lat' dir='ltr'>Syndieis</span> <span class='ocrx_word' id='word_1_716' title='bbox 3285 4830 3355 4888; x_wconf 92' lang='lat' dir='ltr'>et</span> <span class='ocrx_word' id='word_1_717' title='bbox 3397 4820 3674 4887; x_wconf 81' lang='lat' dir='ltr'>Senatui</span> <span class='ocrx_word' id='word_1_718' title='bbox 3730 4818 4139 4886; x_wconf 80' lang='lat' dir='ltr'>Genevensis</span> <span class='ocrx_word' id='word_1_719' title='bbox 4180 4816 4484 4884; x_wconf 59' lang='lat' dir='ltr'>civitati&amp;</span> 
     </span>
    </p>
   </div>
   <div class='ocr_carea' id='block_1_16' title="bbox 2545 4966 2682 4975">
    <p class='ocr_par' dir='ltr' id='par_1_17' title="bbox 2545 4966 2682 4975">
     <span class='ocr_line' id='line_1_103' title="bbox 2545 4966 2682 4975; baseline -0.015 0"><span class='ocrx_word' id='word_1_720' title='bbox 2545 4966 2682 4975; x_wconf 55' lang='grc'>*-</span> 
     </span>
    </p>
   </div>
   <div class='ocr_carea' id='block_1_17' title="bbox 2685 4965 2953 4973">
    <p class='ocr_par' dir='ltr' id='par_1_18' title="bbox 2685 4965 2953 4973">
     <span class='ocr_line' id='line_1_104' title="bbox 2685 4965 2953 4973; baseline 0 1194"><span class='ocrx_word' id='word_1_721' title='bbox 2685 4965 2953 4973; x_wconf 95' lang='lat' dir='ltr'> </span> 
     </span>
    </p>
   </div>
   <div class='ocr_carea' id='block_1_18' title="bbox 2546 5022 4489 5357">
    <p class='ocr_par' dir='ltr' id='par_1_19' title="bbox 2546 5022 4489 5299">
     <span class='ocr_line' id='line_1_105' title="bbox 2701 5022 4488 5111; baseline -0.004 -28"><span class='ocrx_word' id='word_1_722' title='bbox 2701 5099 2712 5111; x_wconf 30' lang='grc' dir='ltr'><strong>ι</strong></span> <span class='ocrx_word' id='word_1_723' title='bbox 2749 5028 2808 5093; x_wconf 88' lang='grc'>3)</span> <span class='ocrx_word' id='word_1_724' title='bbox 2851 5028 3083 5082; x_wconf 75' lang='lat' dir='ltr'>Mireris</span> <span class='ocrx_word' id='word_1_725' title='bbox 3121 5026 3404 5106; x_wconf 55' lang='lat' dir='ltr'>Far-ellam</span> <span class='ocrx_word' id='word_1_726' title='bbox 3440 5026 3492 5077; x_wconf 79' lang='lat' dir='ltr'>d.</span> <span class='ocrx_word' id='word_1_727' title='bbox 3526 5023 3610 5078; x_wconf 79' lang='lat'>25.</span> <span class='ocrx_word' id='word_1_728' title='bbox 3648 5026 3790 5094; x_wconf 75' lang='lat' dir='ltr'>Auq.</span> <span class='ocrx_word' id='word_1_729' title='bbox 3826 5024 3902 5078; x_wconf 77' lang='lat' dir='ltr'>ad</span> <span class='ocrx_word' id='word_1_730' title='bbox 3937 5023 4217 5102; x_wconf 57' lang='lat' dir='ltr'>calvatum</span> <span class='ocrx_word' id='word_1_731' title='bbox 4254 5022 4488 5105; x_wconf 67' lang='lat' dir='ltr'>scribere</span> 
     </span>
     <span class='ocr_line' id='line_1_106' title="bbox 2546 5090 4489 5242; baseline -0.005 -21"><span class='ocrx_word' id='word_1_732' title='bbox 2546 5104 3442 5231; x_wconf 52' lang='lat' dir='ltr'>:matta-:gffssaffx‘aat</span> <span class='ocrx_word' id='word_1_733' title='bbox 3470 5095 3523 5147; x_wconf 56' lang='grc' dir='ltr'>α·</span> <span class='ocrx_word' id='word_1_734' title='bbox 3538 5092 4262 5242; x_wconf 54' lang='grc' dir='ltr'>ῗερῗῗῖῗρξζῗεΐ”ἃ’ἓῖη”</span> <span class='ocrx_word' id='word_1_735' title='bbox 4263 5090 4489 5227; x_wconf 63' lang='grc' dir='ltr'>ἔῖιῗῒῖ</span> 
     </span>
     <span class='ocr_line' id='line_1_107' title="bbox 2750 5228 4486 5299; baseline -0.001 -13"><span class='ocrx_word' id='word_1_736' title='bbox 2750 5236 2811 5297; x_wconf 82' lang='grc'>4)</span> <span class='ocrx_word' id='word_1_737' title='bbox 2850 5234 2925 5287; x_wconf 75' lang='lat' dir='ltr'>In</span> <span class='ocrx_word' id='word_1_738' title='bbox 2969 5234 3069 5288; x_wconf 78' lang='lat' dir='ltr'>hoe</span> <span class='ocrx_word' id='word_1_739' title='bbox 3113 5235 3327 5287; x_wconf 77' lang='lat' dir='ltr'>nomine</span> <span class='ocrx_word' id='word_1_740' title='bbox 3376 5233 3461 5287; x_wconf 80' lang='lat' dir='ltr'>vel</span> <span class='ocrx_word' id='word_1_741' title='bbox 3560 5247 3655 5286; x_wconf 70' lang='lat' dir='ltr'>ena</span> <span class='ocrx_word' id='word_1_742' title='bbox 3711 5235 3919 5286; x_wconf 64' lang='lat' dir='ltr'>erravit</span> <span class='ocrx_word' id='word_1_743' title='bbox 3968 5229 4050 5283; x_wconf 79' lang='lat' dir='ltr'>vel</span> <span class='ocrx_word' id='word_1_744' title='bbox 4098 5228 4486 5299; x_wconf 61' lang='lat' dir='ltr'>typam-aplius.</span> 
     </span>
    </p>

    <p class='ocr_par' dir='ltr' id='par_1_20' title="bbox 2546 5299 3242 5357">
     <span class='ocr_line' id='line_1_108' title="bbox 2546 5299 3242 5357; baseline -0.003 0"><span class='ocrx_word' id='word_1_745' title='bbox 2546 5302 2643 5357; x_wconf 74' lang='lat' dir='ltr'>An</span> <span class='ocrx_word' id='word_1_746' title='bbox 2677 5302 2900 5357; x_wconf 75' lang='lat' dir='ltr'>Zellium</span> <span class='ocrx_word' id='word_1_747' title='bbox 2938 5299 3242 5357; x_wconf 62' lang='lat' dir='ltr'>umectat?</span> 
     </span>
    </p>
   </div>
  </div>
 </body>
</html>
