5050 6167
548 373 676 438 823

544 557 701 625 bam
733 554 1035 708 pluribus
1071 555 1371 623 refellere
1402 577 1533 640 quo
1578 556 1845 623 nomine
1888 555 2152 640 utrique
2192 565 2498 622 nostrum

546 652 741 729 gratu
768 664 934 721 arer,
993 642 1125 709 nisi
1170 659 1535 708 metuerem
1578 664 1663 708 ne
1706 641 1790 708 ad
1835 643 2057 725 plures
2096 651 2501 727 propagetur

543 729 756 795 tristis
819 749 1062 794 rumor.
1183 729 1455 794 Etenim
1520 728 1674 794 lieet
1734 728 2105 794 istiusmodi
2168 749 2497 812 ganeones

544 814 756 880 nihilo
798 814 951 899 plus
991 814 1339 897 proficiant
1376 835 1573 898 quam
1613 815 1667 881 si
1714 815 1947 880 titania
1982 813 2221 898 fulgori
2256 835 2496 880 conen-

544 908 659 965 tur
722 901 1030 966 tenebras
1094 899 1468 979 offundere,
1549 908 1842 965 attamen
1906 908 1982 965 ut
2044 899 2346 966 homines
2412 898 2496 966 ad

544 986 816 1053 sinistra
851 988 1061 1070 magis
1095 994 1400 1071 vergunt,
1445 998 1781 1070 praeterea
1815 1007 2014 1069 quum
2051 984 2235 1051 Galli
2268 985 2495 1063 simus,

544 1072 664 1155 qui
701 1073 817 1138 fiet
857 1080 935 1136 ut
988 1092 1118 1136 non
1174 1072 1563 1155 plerumque
1619 1072 1787 1137 falsa.
1843 1070 2326 1156 amplectamur·
2373 1090 2495 1154 pro

546 1158 754 1237 veris,
795 1156 989 1239 idque
1032 1176 1274 1242 magno
1316 1178 1477 1223 sane
1518 1156 1942 1223 imbecillium
1988 1157 2384 1236 discrimine,
2428 1163 2498 1223 ct

544 1241 631 1309 ad
672 1263 1092 1327 quoscunque
1146 1240 1409 1308 tandem
1456 1253 1850 1326 perventura
1890 1253 2082 1309 erant
2124 1252 2238 1309 tua
2279 1263 2494 1326 opera,

543 1329 657 1413 qui
702 1343 768 1394 te
811 1327 1023 1394 adhuc
1080 1328 1277 1412 plane
1332 1351 1461 1394 non
1519 1327 1808 1394 norunt?
1907 1330 2009 1394 Eo
2063 1328 2277 1413 magis
2330 1327 2496 1394 mihi

544 1414 827 1481 inclinat
877 1414 1138 1479 animus
1185 1412 1359 1497 quod
1412 1414 1611 1482 huius
1666 1416 1763 1480 rei
1816 1437 1952 1482 non
2007 1415 2210 1481 semel
2265 1415 2335 1480 in
2391 1435 2500 1480 me

543 1500 689 1584 ipso
729 1500 991 1567 fecerim
1040 1499 1417 1582 periculum.

718 1585 906 1651 Haeo
923 1598 1097 1664 sunt,
1120 1585 1326 1651 frater
1343 1597 1409 1651 ct
1429 1586 1636 1651 amice
1658 1585 2191 1670 inculpatissime,
2215 1606 2494 1669 quorum

542 1678 772 1737 nostra
814 1672 1059 1737 referre
1102 1683 1288 1737 ratus
1346 1692 1431 1736 no
1474 1692 1652 1738 esses
1695 1674 1974 1750 nescius,
2033 1694 2147 1739 oro
2200 1694 2286 1738 no
2346 1694 2496 1757 gra-

543 1758 719 1824 veris
753 1757 1031 1841 posthac
1062 1777 1182 1840 per
1217 1758 1422 1823 otium
1459 1757 1736 1841 epistola
1782 1768 1924 1824 tum
1957 1761 2272 1823 maiorem
2308 1756 2495 1825 nobis

540 1843 739 1909 fidem
785 1843 997 1908 facere
1043 1843 1423 1922 calumniae,
1482 1853 1549 1907 et
1603 1842 1674 1908 id
1718 1865 1853 1909 non
1904 1856 2037 1909 tam
2093 1866 2242 1910 moa
2297 1865 2494 1927 quam

541 1929 819 1995 aliorum
867 1928 1109 2012 gratia,
1155 1937 1298 1993 tum
1343 1949 1711 1994 moerorem
1752 1951 1969 1995 meum
2013 1931 2223 1995 lenire
2266 1931 2494 1998 simul-

541 2035 673 2098 que
717 2015 1102 2097 tempestivc
1138 2035 1480 2080 occurrere
1512 2014 1881 2081 istiusmodi
1920 2016 2212 2091 diabolis,
2257 2017 2495 2099 quibus

542 2109 617 2166 tu
684 2102 908 2180 tuique
966 2099 1215 2166 similes
1272 2097 1561 2184 undique
1617 2100 1868 2185 obsepti
1931 2102 2090 2168 estis
2147 2100 2231 2168 ad
2289 2103 2493 2168 vestri

539 2185 993 2270 probationem
1052 2207 1127 2253 ac
1182 2186 1729 2269 experimentum.
1814 2187 2050 2271 Itaque
2106 2209 2292 2272 engo,
2353 2187 2495 2254 Cal-

537 2273 700 2350 vino,
755 2292 946 2336 serve
1000 2271 1230 2351 fidelis,
1290 2283 1560 2338 strenue
1618 2271 1871 2338 Christi
1925 2273 2152 2354 miles,
2212 2274 2496 2339 infracto

538 2358 763 2424 animo
827 2357 1139 2441 persiste,
1220 2379 1444 2442 pugna
1519 2357 1887 2423 indefessus
1950 2360 2072 2425 sub
2143 2360 2264 2426 hoc
2329 2357 2494 2426 duce

537 2452 794 2522 nostr0,
872 2463 997 2526 pro
1083 2442 1322 2509 brabeo
1404 2465 1643 2510 corona
1727 2444 2081 2511 immortali
2143 2446 2491 2528 potiturus.

534 2528 759 2595 Huius
813 2529 984 2594 tanti
1037 2530 1351 2613 principis
1407 2531 1612 2595 tantis
1671 2532 1874 2595 armis
1923 2531 2306 2610 instructus,
2367 2531 2491 2597 hac

537 2634 656 2681 ceu
696 2636 860 2699 rupo
904 2616 1214 2693 munitus,
1253 2615 1379 2680 hoc
1413 2627 1599 2682 tanto
1636 2614 1867 2682 robore
1901 2617 2492 2683 fultusacomnino

536 2708 746 2780 tutus,
813 2722 898 2765 ne
956 2722 1317 2784 expavesco
1380 2701 1462 2766 ad
1523 2701 1693 2768 ullos
1746 2702 2052 2768 insultus.
2158 2700 2493 2786 Quidquid

532 2787 829 2852 minetur
885 2783 1198 2865 Sat-anas,
1258 2786 1567 2871 quidquid
1629 2788 1939 2853 moliatur
1987 2788 2297 2854 universa
2350 2790 2492 2854 eius

533 2873 829 2958 phalanx
887 2891 964 2938 ac
1021 2872 1395 2939 foedissima
1450 2873 1784 2953 colluvies,
1842 2872 2157 2959 quidquid
2213 2894 2367 2941 caro
2424 2884 2492 2940 ot

531 2958 824 3026 mundus
902 2966 1188 3039 tentent,
1265 2959 1549 3037 confide,
1624 2974 1729 3025 sta
1802 2975 2033 3027 contra
2107 2959 2489 3044 intrepidus.

531 3044 748 3112 Adest
793 3044 908 3110 tibi
959 3056 1271 3128 perpetuo
1313 3045 1424 3110 illo
1468 3045 1792 3111 Hercules
1835 3047 1944 3129 qui
1991 3047 2152 3113 haec
2194 3059 2493 3113 monstra

534 3129 738 3196 semel
785 3129 1109 3196 debellata
1158 3131 1447 3215 quotidie
1492 3133 1563 3196 in
1607 3141 1672 3197 te
1716 3131 1939 3198 vincet
1980 3153 2056 3198 ac
2099 3141 2486 3216 prosternet.

530 3216 761 3283 Huius
826 3217 1171 3300 praesidiis
1234 3217 1500 3283 illaesus
1564 3216 1885 3301 pervades
1949 3218 2229 3283 telorum
2296 3239 2491 3283 omne

533 3322 763 3388 genus.
852 3302 1144 3368 Proinde
1180 3311 1439 3368 tuarum
1480 3305 1763 3387 partium
1799 3303 1999 3369 fuerit
2031 3304 2113 3368 iis
2148 3303 2487 3370 terricula-

531 3387 778 3455 mentis
815 3395 879 3453 te
915 3410 1043 3453 non
1081 3387 1275 3454 aliter
1309 3389 1561 3454 moveri
1592 3397 1786 3471 atquc
1810 3410 2033 3454 musca
2056 3388 2490 3472 elephantem.

711 3471 994 3539 Caetera
1035 3474 1441 3541 commodius
1497 3496 1539 3540 a
1594 3473 1932 3540 tabellario
1985 3474 2307 3541 didiceris.
2393 3474 2492 3543 Ut

539 3566 760 3625 autem
820 3558 1010 3625 dictis
1068 3562 1267 3625 finem
1326 3561 1694 3642 imponam,
1752 3558 2135 3626 ardentibus
2190 3561 2491 3644 precibus

532 3657 766 3713 mutuo
811 3666 931 3711 nos
964 3646 1270 3711 iuvemus
1308 3655 1578 3728 oportet,
1621 3644 1745 3711 hac
1780 3647 2065 3711 maximo
2101 3656 2490 3732 tempestate

490 3731 634 3806 ‚ita
696 3729 936 3815 ubique
999 3742 1323 3796 terrarum
1391 3738 1815 3796 exaestuante
1881 3730 2186 3798 Domino.
2311 3732 2490 3799 Huic

533 3837 657 3884 vos
699 3838 929 3882 omnes
973 3815 1459 3882 commendatos
1502 3816 1737 3894 saluto,
1791 3838 2068 3883 uxorem
2128 3827 2312 3883 tuam
2356 3819 2488 3901 pri·

532 3924 752 3981 mum,
832 3900 1069 3966 deinde
1134 3901 1449 3968 Davidem
1525 3903 2058 3968 contubernalem
2126 3912 2340 3979 tuum,
2420 3908 2490 3966 ct

534 3989 821 4055 nobilem
876 3987 1153 4051 alterum
1214 3987 1401 4054 cuius
1458 4008 1697 4054 nomen
1755 4010 1889 4053 non
1946 3991 2226 4055 occurrit
2275 3986 2486 4066 modo,

533 4075 694 4140 item
740 4073 965 4138 fratris
1009 4073 1109 4136 tui
1153 4081 1221 4138 et
1262 4094 1555 4138 socerum
1593 4075 1678 4140 D.
1719 4074 2058 4140 Nicolaum
2099 4082 2167 4137 ct
2206 4093 2485 4153 socrum,

532 4159 802 4224 fratrem
869 4169 1063 4223 tuum
1130 4169 1200 4225 et
1260 4159 1677 4226 fraterteram
1753 4173 1822 4225 ct
1884 4171 2174 4226 caeteros
2242 4159 2486 4225 amicos

533 4243 769 4327 quibus
811 4243 896 4309 D.
942 4244 1207 4325 Eliyius
1258 4255 1324 4310 et
1379 4267 1548 4312 uxor
1597 4265 1748 4313 mea.
1803 4245 2079 4312 salutem
2130 4243 2483 4328 plurimam

531 4328 943 4414 impertiunt.
1029 4330 1399 4398 Matisconi.

1572 4463 1634 4530 B
1680 4496 1762 4512 —
1808 4502 1890 4512 —
1935 4503 2021 4514 —
2063 4466 2311 4549 tuus.⁶)

739 4669 799 4724 6)
839 4670 1060 4725 Nomen
1101 4673 1408 4725 αιωιηοηίο
1453 4668 1700 4724 deletum
1787 4670 1963 4739 Leqe:
2010 4672 2208 4725 Bened.
2258 4672 2481 4726 Textor.

533 4738 625 4795 De
657 4743 851 4793 autore
883 4740 1107 4794 minime
1140 4738 1527 4804 dubitandum,
1562 4753 1662 4793 nec
1693 4740 1872 4807 mayis
1905 4740 1972 4794 de
2017 4754 2182 4795 anno.
2253 4740 2477 4794 Micha-

531 4808 632 4863 elis
665 4809 1005 4879 typographi
1034 4824 1105 4861 ne
1139 4808 1311 4862 otium
1344 4808 1546 4861 incidit
1591 4809 1654 4861 in
1689 4825 1743 4862 a.
1787 4809 1919 4862 1543
1953 4810 2052 4877 qui
2095 4809 2188 4862 hic
2225 4810 2485 4891 proxime

531 4878 758 5003 ῗάἔειιε
792 4878 1031 4943 dicitwr,·
1069 4877 1093 4929 i
1132 4894 1214 4931 em
1248 4876 1540 4931 dicendum
1574 4877 1641 4932 de
1677 4877 1900 4931 Caluini
1933 4883 1985 4932 et
2020 4877 2235 4933 Far-elli
2266 4880 2482 4934 itinere.

602 4949 610 4955 '
645 4947 780 5000 ellus
815 4947 944 5001 adv.
981 4945 1357 5013 Sor-bonicias,
1604 4948 1670 5001 in
1705 4946 1984 5002 Post-seri
2109 4948 2217 5002 eibi
2250 4949 2482 5003 missum

530 5016 671 5071 dicit
728 5016 953 5082 Ταιον,
1013 5015 1115 5069 sub
1165 5016 1330 5084 finem
1457 5016 1596 5070 artii
1654 5015 1787 5069 1544
1840 5031 1915 5070 no
1994 5033 2088 5071 um
2133 5011 2482 5099 conscriptus

528 5085 733 5140 nedum
767 5099 1003 5138 excusus
1034 5083 1149 5150 fuit
1183 5085 1283 5152 (N.
1323 5085 1422 5138 537
1459 5089 1572 5139 not.
1609 5085 1661 5153 6,
1698 5085 1801 5138 539
1835 5091 1948 5140 not.
1985 5085 2063 5154 8).
2113 5085 2386 5155 Alioquin
2417 5102 2480 5142 eo

527 5154 656 5292 :322
679 5155 1053 5292 mm
1089 5159 1203 5278 ‘21:³2
1219 5154 1696 5290 arsami-„2²2
1722 5154 2051 5291 rammi
2100 5157 2482 5281 amara

529 5294 615 5346 30.
661 5291 819 5347 Maii
860 5293 943 5349 N.
986 5292 1134 5362 554).
1212 5292 1416 5349 Verum
1461 5299 1577 5348 tam
1621 5294 1883 5363 εωίριιιιηι
1928 5295 2190 5364 temporie
2233 5296 2479 5366 spatium

2081 365 2612 436 EPISTOLAE
2656 367 3021 432 598—600

4425 365 4554 429 824

2719 553 2956 620 Habeo
2998 552 3119 620 tibi
3161 553 3442 639 gratiam
3485 573 3607 637 pro
3649 552 3731 618 li-

2721 640 2894 707 bello
2916 639 2999 706 ad
3021 660 3142 705 nos
3175 641 3376 706 misso
3411 640 3731 706 adversus

2721 726 3032 793 articulos
3074 724 3316 810 thelog.
3338 726 3397 809 ⁷)

3498 1240 3652 1314 59⁹.

3021 1324 3650 1447 ramonsrus
3694 1375 4132 1445 cALVmO.

2779 1547 2863 1614 Se
2901 1550 3098 1634 falsis
3141 1551 3511 1618 criminibus
3551 1550 3858 1616 invidiose
3898 1548 3978 1614 ab
4017 1547 4411 1615 adversariis
4450 1567 4557 1613 ex-

2602 1635 2843 1720 ayitari
2884 1638 3168 1719 queritur
3223 1644 3280 1704 et
3318 1639 3635 1704 meliorem
3694 1636 3869 1717 apud
3926 1633 4257 1702 Calvinum
4310 1632 4557 1716 famam

2601 1723 2726 1789 sibi
2762 1722 3088 1790 vindicare
3128 1731 3401 1791 conatur.

2935 1894 3049 1960 (Ex
3084 1894 3421 1966 autographo
3456 1893 3587 1950 Ood.
3623 1894 3760 1951 Gen.
3798 1893 3916 1962 113,
3951 1895 4043 1949 fol.
4083 1890 4228 1960 137.)

2775 2086 2841 2152 A
2882 2104 3039 2150 mon
3081 2083 3464 2151 treshonore
3509 2081 3722 2170 Seigr.
3767 2084 3982 2151 Mons.
4027 2081 4265 2150 Oalvin

4008 2240 4050 2285 a
4091 2217 4385 2285 Genevc.

2601 2356 3008 2424 Doctissimo
3084 2359 3423 2441 nostrique
3499 2357 3746 2444 saeculi
3819 2356 4057 2424 lumini
4135 2354 4192 2423 L
4272 2352 4556 2421 Calvino

3301 2461 3759 2527 Franchetius.
3790 2458 3839 2546 ¹)

2765 2631 2913 2698 Iam
2976 2630 3226 2699 dudum
3291 2631 3458 2697 nihil
3525 2631 3607 2698 ad
3672 2639 3741 2697 te
3799 2630 4192 2715 scripseram
4248 2626 4416 2711 quod
4477 2633 4547 2693 te

2595 2718 2920 2801 iniquiore
2942 2719 3164 2785 animo
3185 2719 3425 2786 factum
3452 2738 3596 2784 esse
3624 2717 3976 2784 adversum
4012 2738 4135 2794 me,
4172 2732 4550 2799 quanquam

2595 2805 2782 2871 nullo
2825 2814 3088 2888 peccato
3132 2826 3297 2882 meo,
3350 2804 3537 2870 nulla
3578 2803 3789 2886 culpa,
3835 2801 4307 2877 intellexeram,
4350 2797 4548 2883 idque

2591 2892 2676 2958 ab
2720 2890 2804 2956 iis
2847 2890 3009 2973 ipsis
3050 2891 3286 2975 quibus
3331 2890 3504 2955 domi
3552 2898 3702 2955 tuac
3737 2889 3912 2954 inter
3950 2886 4425 2972 prandendum,
4470 2889 4550 2949 ut

2595 2974 2992 3055 asscrebant,
3035 2996 3144 3041 me
3186 2975 3627 3060 periculosum
3673 2974 4006 3040 hominem
4051 2973 4333 3039 dixeras.
4405 2967 4545 3037 Sed

2594 3061 2956 3130 cuiusmodi
3002 3071 3122 3127 aut
3163 3081 3562 3146 quavcrsum
3594 3059 3768 3125 istud
3819 3059 4258 3143 periculosum
4301 3056 4544 3141 capias,

2593 3148 2724 3214 nisi
2766 3146 2936 3231 quod
2974 3147 3262 3231 undique
3298 3147 3458 3212 mihi
3550 3156 3822 3211 arentur
3865 3145 4169 3229 pericula,
4216 3139 4546 3210 mehercle

2594 3234 2852 3316 assequi
2911 3255 3047 3299 non
3102 3247 3415 3317 poteram.
3571 3230 3823 3298 olcham
3885 3243 4106 3297 tamen
4162 3239 4228 3296 te
4281 3238 4546 3295 tantum

2596 3320 2847 3396 virum,
2907 3327 3173 3404 tamque
3232 3320 3410 3383 omni
3467 3317 3713 3384 virtute
3769 3316 4121 3402 abditaque
4177 3315 4544 3383 eruditione

2593 3404 2986 3490 praeditum,
3044 3403 3304 3486 vulgari
3356 3401 3549 3468 modo
3604 3414 3673 3468 et
3720 3403 3973 3486 plebeio
4027 3404 4189 3470 istos
4247 3399 4543 3467 adfectus

2595 3490 2961 3564 admittere,
3009 3488 3269 3572 vixque,
3313 3490 3448 3554 imo
3491 3510 3625 3555 non
3669 3487 3863 3556 credo
3897 3497 3963 3555 te
3994 3511 4138 3556 esse
4159 3487 4275 3554 tali
4301 3488 4542 3566 animo,

2594 3586 2675 3642 ut
2736 3574 2863 3641 nisi
2926 3573 3154 3639 audita
3217 3573 3387 3657 qnod
3465 3574 3653 3641 aiunt
3716 3583 3907 3659 parte
3967 3576 4169 3642 nimis
4235 3592 4545 3657 praeceps

2593 3658 2909 3727 iudicium
2990 3658 3319 3726 funderes.
3443 3658 3695 3727 Dostiti
3767 3671 3995 3727 tamen
4059 3682 4101 3727 a
4176 3656 4542 3737 scribendo,

2592 3743 2925 3811 confidens
2964 3744 3103 3810 fore
3147 3756 3224 3811 ut
3265 3745 3320 3812 si
3364 3766 3560 3829 quem
3597 3748 4006 3814 stomachum
4043 3745 4389 3813 advorsum
4436 3763 4544 3809 me

2592 3831 2892 3914 cepisses,
2949 3852 3100 3896 oum
3156 3829 3423 3897 tandem
3481 3831 3773 3899 leniisset
3827 3831 4177 3899 diuturnus
4232 3830 4546 3915 temporis

2638 3936 2952 3983 roccssus.
3041 3916 3305 4003 Quippe
3349 3917 3508 3998 dies,
3555 3929 3633 3984 ut
3675 3920 3891 4002 inquit
3931 3918 4214 4002 quidam,
4258 3914 4543 3983 homini-

2591 3937 2715 4069 hus
2748 4000 2980 4069 adimit
3011 4000 3510 4087 aegritudinem,
3561 4025 3771 4088 neque
3810 4005 3879 4070 in
3923 4005 4235 4089 sapientis
4278 4010 4544 4088 pectore

2590 4087 2882 4154 residere
2924 4091 3141 4172 potuit
3179 4090 3433 4155 tamdiu
3473 4090 3595 4170 ira,
3654 4112 3738 4156 ne
3781 4091 3841 4156 si
3882 4091 4236 4158 iustissime
4278 4086 4544 4174 quidem

2586 4326 3461 4385 nonideetesietautorieet
3561 4330 3828 4400 noqraphi
3873 4330 4088 4387 labores
4130 4334 4183 4385 et
4225 4329 4542 4384 naum

2586 4394 2719 4451 libri
2750 4395 3118 4452 Matisconem
3149 4414 3344 4467 nequae,
3379 4404 3432 4455 et
3514 4400 3721 4455 excoria
3754 4400 4054 4458 enistolam.
4100 4399 4337 4468 denique
4366 4398 4540 4452 huius

2586 4465 2695 4520 iter
2743 4465 2982 4521 tribuae.
3062 4467 3379 4530 Emistolam
3429 4484 3557 4537 erqo
3601 4470 3952 4524 recentiorem
4002 4468 4255 4524 dicamus
4305 4469 4538 4535 oportet,

2587 4534 2684 4589 sed
2700 4532 2778 4589 od
2791 4534 2952 4656 quem
2972 4536 3116 4590 anni
3132 4537 3454 4607 releqamus,
3472 4544 3660 4607 utpote
3682 4538 4004 4594 accuratius
4021 4554 4135 4594 non
4150 4536 4538 4607 definiendam

2840 4617 2855 4665 l
2891 4618 2989 4658 stc.

2620 4669 2759 4732 599.
2795 4673 2853 4738 1)
2886 4672 3065 4727 Hunc
3095 4673 3210 4728 iam
3244 4675 3472 4745 saepius
3503 4675 3851 4730 mirsam
3876 4672 4541 4732 etaccusatwmhabuiui

2587 4755 2740 4795 anno
2774 4742 3063 4810 superiore
3096 4743 3189 4800 (N.
3226 4743 3348 4811 500,
3386 4745 3508 4813 501,
3544 4743 3664 4812 504,
3699 4746 3846 4812 517).
3883 4746 3941 4802 Α,
3976 4746 4175 4815 quibus
4209 4750 4394 4802 autem
4426 4742 4537 4797 eri-

2586 4809 2830 4864 minibus
2864 4827 2922 4865 se
2954 4812 3046 4865 hic
3077 4812 3347 4881 vindicat,
3385 4830 3452 4867 ea
3484 4814 3707 4869 omnino
3742 4813 3859 4870 alia
3889 4815 4068 4882 fuisse
4087 4814 4349 4871 videntur
4369 4825 4539 4883 quau

2587 4894 2730 4948 quae
2759 4880 2888 4934 olim
2920 4880 2984 4934 in
3017 4881 3254 4935 medium
3281 4884 3512 4965 prolata
3545 4882 3792 4951 fuerant,
3935 4901 4007 4966 ue
4031 4884 4192 4940 nobis
4224 4891 4437 4967 constat
4467 4880 4539 4942 ὼ

2583 5018 2952 5099 nescientibus
2980 4967 3322 5075 23?ng
3353 4959 3806 5076 morast&
3839 4954 4102 5079 223„
4112 4970 4351 5080 migetio
4386 4954 4537 5078 deb?-

2584 5086 2666 5142 lia
2699 5103 2828 5156 erqo
2863 5093 2995 5143 aaut
3028 5097 3355 5158 arqumenta
3390 5090 3589 5160 quibus
3623 5093 3756 5146 moti
3796 5091 3942 5147 hanc
3986 5094 4063 5149 ad
4106 5110 4162 5147 α.
4214 5095 4350 5147 1544
4390 5092 4535 5159 res&

2583 5156 2816 5211 rendam
2851 5159 3180 5228 minus,
3225 5164 3278 5213 et
3412 5161 3421 5171 ‘
3490 5176 3542 5213 m
3586 5166 3909 5230 verqentem,
3955 5165 4092 5232 quia
4137 5162 4253 5217 scil.
4302 5163 4536 5218 Calvino

2585 5225 2796 5307 dudunt
2827 5243 2946 5282 non
2977 5228 3266 5298 scripsisse
3351 5229 3453 5298 cit,
3488 5244 3716 5300 eumque
3748 5230 3860 5300 eibi
3888 5233 4146 5302 ὑιὶςιαωυι
4187 5232 4398 5299 sadum
4439 5233 4534 5287 in-
