5050 6167
346 450 415 512 81
1060 383 1069 394 ‘
2008 445 2172 506 1540
2214 439 2667 509 SEPTEMB.

345 639 416 700 67
461 645 622 699 sunt
671 634 985 698 inventae
1028 637 1099 698 et
1152 635 1232 696 23
1292 629 1614 714 Capitonis
1668 630 1742 694 in
1798 629 2279 694 Hexaemeron.
2330 649 2335 664 ·

343 718 529 802 Quod
571 729 871 802 superest
913 719 1127 783 nescio
1169 739 1298 799 qua
1340 717 1593 781 ratione
1635 717 1801 781 istuc
1846 716 2120 790 mittam,
2167 736 2281 778 ne·

342 825 460 889 que
504 805 787 889 navigio,
830 824 1043 886 neque
1080 823 1298 879 curru,
1344 823 1547 885 quum
1582 821 1808 866 omnes
1843 801 1911 864 in
1936 799 2285 864 vindemiis

339 903 751 973 occupentur.
862 887 994 970 Qui
1074 888 1345 953 advexit
1422 886 1550 952 huc
1626 907 1774 962 vas,
1857 886 2023 968 petit
2086 884 2286 950 libras

338 975 653 1059 quinque:
696 985 855 1040 sunt
895 974 1164 1059 capitati
1196 973 1480 1056 quinque
1516 970 1887 1038 Sabaudici.
1975 970 2287 1036 Nondum

338 1060 639 1146 persolvi.

505 1145 769 1227 Quaeso
812 1159 879 1210 te
921 1167 997 1211 ae
1044 1143 1419 1221 Claudium,
1476 1140 1590 1206 dili
1641 1151 1830 1207 enter
1885 1162 2112 1207 omnes
2169 1139 2285 1206 ad-

336 1231 657 1298 moneatis
690 1252 774 1295 ne
808 1229 1261 1314 perditissimis
1297 1228 1604 1294 nebuloni
1653 1250 1728 1293 us
1764 1227 1958 1294 fidem
1984 1227 2285 1303 habeant,

335 1317 673 1400 siquidem,
724 1322 798 1381 ut
841 1315 1031 1381 hodie
1074 1315 1387 1392 intellexi,
1434 1335 1631 1397 quam
1689 1313 1955 1398 plurimi
2010 1335 2080 1377 se
2122 1332 2284 1378 ven-

337 1402 553 1468 ditant
609 1402 854 1485 passim
906 1400 1077 1484 quod
1134 1400 1288 1465 hinc
1344 1422 1462 1483 per
1518 1421 1639 1464 nos
1711 1399 1793 1463 ad
1854 1397 2085 1463 Gallos
2153 1397 2288 1460 sint

334 1488 538 1566 missi,
575 1485 818 1569 diuque
852 1485 1183 1551 nobiscum
1219 1485 1492 1570 egerint,
1537 1505 1786 1568 nosque
1834 1483 2007 1549 idom
2043 1484 2287 1549 sentire

335 1573 585 1639 audent
642 1574 1004 1638 affirmare:
1056 1572 1291 1655 quibus
1333 1569 1729 1636 obviandum
1774 1578 1892 1645 est,
1936 1590 2090 1634 nam
2143 1568 2285 1651 plu-

334 1660 537 1725 rimos
570 1658 871 1742 perdunt.
944 1659 1266 1723 Tassanus
1309 1655 1605 1739 queritur
1640 1655 1721 1721 de
1763 1654 2080 1720 ministris
2114 1651 2287 1737 quod

334 1745 525 1829 pauci
580 1744 717 1810 sint
773 1750 842 1808 et
894 1743 1058 1808 nulli
1119 1742 1484 1807 mittantur.
1582 1741 1951 1822 Rcceporas
2006 1751 2071 1805 te
2128 1739 2283 1804 mis·

335 1851 567 1897 surum
628 1832 814 1913 pium
878 1829 1172 1893 fratrem.
1275 1828 1527 1894 Mirum
1599 1825 1772 1911 quod
1837 1846 1970 1891 non
2033 1826 2282 1891 feceris.

334 1915 533 1993 Cura,
578 1936 837 1998 quaese,
881 1913 991 1979 dili
1041 1923 1229 1978 enter
1273 1924 1349 1978 ut
1391 1913 1626 1978 habeat
1683 1914 1912 1989 istum,
1967 1911 2023 1976 si
2068 1911 2286 1994 plures

334 2004 468 2067 iam
510 2022 645 2066 non
688 2001 907 2083 possit.
1052 1999 1244 2065 cribit
1296 2007 1361 2065 et
1417 1999 1654 2063 fratres
1700 1996 1889 2064 valdo
1932 1996 2287 2080 periclitari

335 2087 449 2171 qui
491 2087 668 2169 capti
712 2085 909 2151 fuere.
998 2085 1233 2150 Nescio
1277 2105 1360 2148 an
1405 2096 1666 2167 practer
1708 2083 1870 2148 alias
1913 2103 2141 2148 causas
2184 2103 2285 2147 se·

335 2182 534 2238 natus
574 2172 701 2238 iste
800 2182 973 2236 osset
1026 2169 1505 2251 intercedere⁴)
1561 2168 1920 2234 detentioni
1973 2170 2284 2251 ipsorum,

335 2257 511 2342 quod
554 2257 705 2323 istie
793 2255 1047 2321 ederint
1087 2275 1352 2334 operam
1397 2254 1626 2333 litoris,
1687 2254 2034 2337 praecipue
2076 2253 2133 2319 is
2176 2253 2285 2351 qui
2329 2311 2335 2338 Α

335 2347 474 2428 egit
529 2364 681 2409 cum
727 2341 969 2408 Iacobo.
1065 2339 1270 2419 Vide,
1327 2360 1600 2425 quaese,
1661 2360 1789 2421 qua
1840 2340 1952 2404 via
1993 2359 2288 2404 succurn

490 2430 574 2507 it,
640 2437 708 2495 et
763 2427 984 2494 omnia
1045 2433 1314 2493 tentato.
1416 2425 1584 2490 Heri
1635 2424 2005 2490 michaelem
2067 2423 2285 2488 invisi.

398 2514 539 2581 alet
589 2515 725 2581 iam
778 2513 1041 2591 melius,
1093 2510 1210 2577 sed
1261 2533 1397 2576 non
1440 2520 1652 2594 petest
1693 2509 1907 2576 adhuc
1940 2531 2060 2576 suo
2103 2509 2288 2593 fungi

335 2622 629 2667 munere.
718 2601 971 2665 Tamen
1028 2597 1285 2681 cogitur
1333 2617 1534 2680 supra
1588 2597 1760 2662 vires
1816 2596 1889 2661 in
1943 2593 2289 2661 vindemiis

336 2687 437 2754 his
486 2706 908 2753 oeconomum
966 2704 1179 2768 agero.
1281 2681 1353 2747 Is
1416 2692 1483 2748 to
1547 2681 1816 2759 salutat,
1870 2680 2168 2746 salutant
2222 2685 2291 2744 et

335 2793 570 2840 omnes
613 2773 867 2849 fratres,
911 2791 988 2836 ac
1030 2781 1245 2835 tecum
1280 2767 1497 2834 salvos
1538 2768 1838 2851 cupimus
1879 2787 2123 2845 omnes,

326 2861 627 2941 pitanam,
669 2857 1009 2933 Bucen-am,
1053 2853 1416 2930 Bedrotum,
1466 2851 1820 2919 claudium.
1891 2851 2060 2917 Nolo
2103 2871 2288 2935 prae-

336 2944 540 3010 terire
595 2944 784 3010 001110
871 2964 940 3007 111
995 2950 1178 3005 tuam
1231 2939 1687 3016 insalutatam,
1744 2957 1892 3003 cum
1950 2938 2154 3003 fratre
2213 2957 2290 3002 ae

341 3029 661 3112 Philippo.
749 2963 948 3094 Facias
989 3037 1290 3109 putarem
1335 3047 1464 3091 non
1508 3024 1826 3090 salutasse
1879 3022 2288 3089 domicellam

344 3113 760 3182 catharinam
815 3122 882 3180 ot
926 3113 1137 3180 filium
1189 3111 1396 3177 istius.
1485 3109 1654 3175 Vale
1712 3109 1893 3176 bone.
1982 3108 2292 3176 Neocomi

346 3205 401 3266 6.
448 3200 861 3284 Septembris
912 3203 1093 3263 1540.

1386 3331 1689 3397 Farellus
1732 3341 1883 3397 tuus
1926 3337 2118 3398 totus.

520 3541 832 3608 Mutilata
892 3540 1020 3606 fuit
1082 3538 1358 3622 epistola
1420 3535 1503 3602 ad
1566 3537 1781 3603 nescio
1859 3534 2017 3619 quid
2078 3535 2296 3621 obsig-

350 3628 665 3708 nandum,
708 3636 783 3692 ut
817 3636 1062 3693 temere
1097 3627 1188 3704 fit,
1234 3642 1564 3709 quumque
1595 3643 1727 3688 non
1770 3631 2037 3689 vacaret
2058 3624 2296 3686 iterum

351 3714 665 3792 scribere,
723 3713 818 3780 sic
873 3712 1001 3778 fuit
1051 3712 1268 3776 missa.
1361 3708 1543 3775 Malo
1598 3707 1894 3774 chartam
1949 3728 2146 3791 quam
2186 3727 2302 3775 cor

351 3822 487 3868 non
528 3800 880 3884 integrum.

1130 4089 1391 4100 -φ--ο-
1406 4089 1501 4096 --a—

1253 4319 1401 4392 ειη.

788 4406 1372 4530 merrn'rus
1416 4459 1877 4526 musmo.

534 4635 819 4702 Num-iat
866 4634 1244 4701 Gemmas
1285 4632 1421 4698 iam
1459 4631 1625 4696 serio
1664 4630 1741 4696 de
1780 4630 2115 4696 revocando
2161 4627 2304 4695 Cal-

358 4725 507 4791 vino
566 4722 967 4800 deliberasse,
1033 4723 1091 4783 et
1152 4719 1403 4801 exponit
1457 4718 1760 4782 rationem
1815 4735 2007 4799 quam
2057 4716 2304 4798 sequuti

360 4815 495 4876 tam
541 4807 964 4875 Beruensium
1016 4824 1207 4888 quam
1260 4801 1879 4886 Aryentoratensium
1945 4820 2304 4867 eonsensum

361 4895 629 4961 obtinere
667 4897 942 4974 sperant.

469 5065 577 5130 (Ex
608 5064 947 5135 autographo
981 5063 1125 5118 Bibl.
1160 5058 1509 5115 Genevensin.
1581 5059 1712 5115 Ood.
1750 5057 1893 5125 1112,
1925 5058 2017 5112 fol.
2051 5055 2203 5123 213.)

572 5286 635 5355 4)
674 5286 767 5343 Sic
814 5286 1151 5342 restituimus
1200 5282 1348 5355 qaod
1393 5283 1614 5353 praebet
1675 5279 2081 5351 autom-aphau.-
2136 5281 2305 5335 inter-

506 5373 800 5498 oe'oazvcm·
829 5453 1011 5509 om
1094 5437 1204 5492 voi.
1243 5433 1353 5491 n

2882 629 3023 696 Suo
3064 629 3422 696 Guillelmo
3465 631 3745 698 Farello.
3778 636 3828 710 ¹)

3837 751 3898 816 N
3902 754 4162 818 eeeomi.

2559 883 2631 951 S.
2721 886 2907 950 Duos
2952 896 3121 952 totos
3165 886 3303 953 dies
3345 889 3418 952 in
3465 885 3832 972 peragendo
3876 899 4177 972 suscepto
4219 910 4342 954 ne-

2339 1005 2347 1016 »
2389 970 2566 1123 gotio
2614 970 2967 1053 insumpsi,
3026 981 3224 1054 atque
3266 972 3538 1039 feliciter
3579 985 4033 1039 successerunt
4079 975 4338 1052 omnia.

2447 1079 2466 1120 1

2517 1056 2792 1121 Thomas
2835 1056 3285 1123 Cortalliensis
3340 1058 3645 1143 proxima
3701 1055 4100 1124 hebdomade
4158 1060 4336 1124 'rho-

2389 1143 2679 1218 nonium,
2725 1153 2799 1206 ut
2842 1142 3167 1224 pollicitus
3206 1153 3334 1220 est,
3394 1145 3759 1222 traiecerit,
3816 1166 3936 1228 ego
3979 1145 4200 1209 omnia
4241 1144 4341 1210 illi

2389 1228 2680 1307 aperiam
2723 1249 2809 1292 cx
2852 1227 3081 1292 ordine
3124 1249 3290 1311 quae
3337 1251 3510 1295 nune
3555 1252 3685 1294 uon
3731 1229 3997 1312 expedit
4035 1231 4338 1296 scribere.

2388 1312 2617 1379 Unum
2660 1323 2761 1377 est
2800 1314 3005 1378 ferme
3046 1314 3423 1396 expeditum
3465 1335 3542 1381 ac
3584 1315 3964 1382 conclusum
4008 1314 4088 1381 de
4124 1336 4342 1382 aecer-

2390 1397 2595 1465 sendo
2635 1397 2895 1464 Calvino
2930 1399 3275 1483 generalis,
3313 1409 3389 1464 ut
3413 1409 3666 1480 vocant,
3701 1401 3954 1468 consilii
3979 1400 4339 1488 1100110οβ)

2389 1504 2518 1565 quo
2562 1484 2912 1548 ministerii
2957 1485 3169 1549 honor
3213 1486 3600 1551 restituatur
3656 1509 3731 1552 ae
3787 1507 4132 1569 personae,
4190 1495 4339 1552 tan-

2390 1577 2665 1652 tumque
2731 1570 2999 1636 tollat-ur
3070 1569 3567 1649 offendiculum,
3634 1572 3808 1655 quod
3872 1573 4017 1637 eius
4083 1572 4341 1638 consilii

2390 1654 2655 1719 nemine
2698 1676 2815 1720 seu
2858 1656 3073 1738 potius
3111 1656 3344 1722 umbra
3384 1657 3863 1740 subrepet-at-.³)
3951 1656 4193 1723 Modus
4233 1656 4340 1724 bie

2389 1749 2518 1806 est:
2568 1740 2860 1825 laegatus
2883 1741 3206 1806 Dominos
3230 1742 3601 1808 Beruenses
3643 1746 3930 1826 primum
3975 1743 4336 1823 conveniet,

2390 1836 2457 1891 et
2495 1847 2693 1909 quam
2736 1827 3124 1910 gravissimo
3166 1828 3688 1912 profligationem
3722 1830 3982 1912 piorum
4008 1828 4341 1894 ministro-

2389 1932 2540 1976 rum
2577 1910 2661 1976 ab
2703 1911 2836 1977 illis
2892 1910 3284 1977 donatorum
3339 1912 3655 1980 hactenus
3710 1914 3987 1979 tulerint
4039 1921 4343 1997 exponet,

2390 1997 2495 2063 cui
2539 1998 2771 2063 ruinae
2813 1997 2998 2079 prius
3041 1997 3286 2063 mederi
3331 2020 3464 2080 non
3517 1999 3905 2073 valuerunt,
3963 2021 4165 2084 quum
4227 2020 4348 2066 nec

2392 2103 2620 2147 eorum
2700 2081 2964 2165 quidem
3056 2082 3616 2151 sollicitationibus
3700 2084 3913 2150 audiri
3988 2086 4340 2169 potuerint.

2392 2168 2588 2233 Nunc
2623 2189 2778 2233 vero
2821 2169 3113 2253 privatos
3158 2190 3300 2234 esso
3356 2169 3612 2235 duobus
3657 2169 3900 2250 Mor-.⁴)
3945 2183 4012 2236 et
4053 2170 4348 2249 Antonia,

2390 2253 2502 2337 qui
2547 2274 2667 2319 sua
2708 2267 2958 2338 sponte,
3001 2256 3163 2337 ipsis
3207 2254 3467 2339 quidem
3512 2256 3901 2331 insalutatis,
3940 2255 4169 2322 eedem
4193 2257 4341 2322 vale

2391 2339 2757 2416 abiverant,
2802 2348 2995 2423 atque
3039 2338 3182 2406 ideo
3224 2339 3536 2423 populum
3581 2341 3799 2424 palam
3857 2341 4189 2408 Calvinum
4231 2341 4345 2408 de-

2392 2425 2680 2490 siderare
2734 2434 2805 2490 et
2858 2437 3182 2507 expetore.
3283 2423 3730 2506 Quamobrem
3783 2428 4038 2512 rogabit
4087 2428 4344 2514 legatus

2392 2520 2469 2574 ut
2531 2530 2603 2575 se
2665 2510 2899 2576 iuvent
2961 2510 3172 2576 literis
3236 2510 3321 2578 ad
3386 2523 3686 2577 senatum
3763 2514 4339 2597 Argentinonsom,

2392 2616 2585 2677 quem
2629 2595 2941 2678 posthaec
2984 2595 3189 2661 adibit
3231 2618 3308 2664 ae
3351 2618 3542 2662 suam
3584 2597 3857 2682 implero
3901 2609 4131 2682 perget
4173 2599 4347 2684 lega-

2390 2680 2674 2757 tionem,
2733 2701 2934 2763 quam
2989 2680 3261 2764 polliciti
3316 2703 3544 2748 sumus
3598 2682 3806 2748 literis
3862 2683 3946 2748 ad
4016 2683 4350 2750 Calvinum

2173 2762 2289 2831 Ga·
2392 2766 2547 2831 totis
2591 2765 2842 2831 viribus
2885 2768 3144 2846 iuvare,
3201 2766 3397 2850 idque
3451 2769 3642 2835 vobis
3696 2768 4027 2834 indicandi
4072 2771 4348 2853 provin-

2392 2853 2560 2917 eiam
2632 2851 3074 2935 suscepimus,
3141 2859 3220 2917 ut
3282 2863 3350 2917 et
3410 2853 3710 2920 Basilcao
3772 2875 4027 2938 quoque
4099 2854 4351 2938 aliquid

2393 2936 2628 3004 auxilii
2671 2956 2712 3001 a
2757 2937 2938 3004 vobis
2983 2938 3379 3003 transeundo
3423 2939 3718 3004 inveniat
3762 2940 3936 3023 apud
3978 2939 4348 3025 Grynaeum

2398 3033 2513 3089 aut
2554 3021 2732 3089 alios.
2818 3022 2928 3088 Da
2969 3022 3173 3106 igitur
3214 3044 3495 3107 oporam,
3541 3033 3616 3089 tu
3660 3034 3727 3090 et
3768 3036 4080 3109 quotquot
4114 3028 4353 3095 fratres

2393 3108 2468 3173 in
2516 3107 2637 3174 1100
2680 3108 2944 3192 negotio
2986 3108 3232 3191 aliquid
3276 3110 3572 3192 potestis,
3617 3119 3692 3175 ut
3730 3120 3987 3177 maturo
4032 3112 4349 3181 scribatis.

2393 3193 2726 3260 Volebant
2775 3192 3029 3260 Caluini
3070 3194 3367 3259 animum
3422 3205 3602 3261 certo
3659 3197 3900 3262 rescire
3962 3199 4349 3282 priusquam

2395 3279 2737 3365 negotium
2787 3278 3044 3345 senatui
3099 3293 3557 3364 proponerent.
3656 3282 3803 3366 Ego
3865 3304 4026 3349 voro
4090 3285 4346 3351 asserui

2403 3365 2635 3430 bonam
2689 3385 2875 3448 spem
2930 3386 3107 3444 esse,
3164 3365 3221 3430 si
3278 3364 3401 3432 hac
3462 3366 3573 3431 via
3615 3365 3683 3432 id
3737 3370 4169 3449 tentaverint3
4225 3391 4350 3437 neo

2405 3448 2738 3516 Calvinum
2792 3461 3048 3516 tantam
3102 3452 3503 3517 occasionem
3548 3452 3924 3520 illustrandi
3977 3455 4350 3537 ministerii,

2398 3535 2819 3603 restaurandi
2871 3536 3042 3601 tanti
3100 3537 3379 3604 aedificii
3421 3536 3516 3602 ita
3557 3539 3760 3603 ferme
3803 3539 4094 3639 collapsi,
4143 3541 4346 3610 reiec-

2401 3633 2624 3688 turum
2681 3629 3021 3705 putamus:
3078 3623 3364 3688 maxime
3421 3644 3461 3687 a
3513 3623 3825 3690 fratribus
3889 3626 4229 3693 adiuratus
4284 3633 4352 3694 et

2401 3715 2671 3792 rogatus
2712 3709 2784 3772 in
2826 3708 3089 3773 nomino
3134 3708 3422 3787 Domini,
3460 3728 3544 3773 no
3569 3708 3763 3775 huius
3790 3710 4117 3792 eeclesiae,
4153 3732 4352 3795 quam

2406 3793 2809 3877 penitissime
2851 3804 3068 3877 gestat
3108 3794 3179 3858 in
3214 3804 3491 3877 pectore,
3537 3792 4001 3861 desolationem
4042 3799 4350 3880 patiatur,

2404 3879 2508 3944 cui
2546 3878 2774 3944 adesso
2815 3879 2955 3963 ipso
3035 3878 3197 3944 ossit
3230 3900 3348 3962 por
3380 3879 3760 3945 Dominum.
3826 3881 4035 3946 Plura
4068 3885 4354 3953 scribere

2405 3985 2538 4029 non
2592 3963 2798 4030 valeo.
2900 3901 3206 4030 Safutant
3262 3985 3382 4030 vos
3438 3985 3681 4030 omncs.
3768 3965 3967 4031 Mitto
4011 3968 4129 4033 tibi
4176 3969 4352 4053 quod

2406 4048 2753 4116 Franci-sca
2771 4049 2829 4131 ὁ)
2873 4051 3156 4132 expetit,
3214 4049 3604 4116 lavatorium
3647 4071 3982 4131 manuum,
4026 4052 4199 4136 quod
4242 4055 4352 4122 hie

2404 4136 2538 4201 emi
2590 4133 2845 4200 duobus
2899 4136 3199 4219 capitatis
3254 4134 3559 4201 nummis.
3659 4136 3870 4202 Poma
3921 4150 4199 4221 granata
4253 4140 4354 4208 illi

2405 4241 2525 4303 por
2573 4219 2875 4286 Tltomam
2916 4220 3184 4286 ferenda
3223 4220 3484 4298 curabo,
3530 4221 3587 4286 si
3621 4221 4050 4304 reperientur.
4120 4222 4356 4292 Saluta

2412 4304 2731 4385 Thomam,
2768 4305 3086 4387 Fatonem,
3126 4305 3577 4390 Capunculum,
3611 4315 3679 4372 ct
3707 4327 3950 4374 omncs.
4020 4307 4354 4387 Genevae.

2406 4390 2566 4456 dum
2611 4411 2718 4456 me
2759 4390 2979 4456 itineri
3020 4392 3446 4476 accingerem,
3493 4398 3594 4456 25.
3640 4390 3824 4477 Sept.
3880 4399 4056 4459 1540.

3421 4529 3606 4594 Tuus
3650 4527 4178 4614 Christophorus.

2437 4730 2570 4792 287.
2611 4732 2665 4798 l)
2706 4729 2962 4786 Far-ellus
2997 4731 3320 4800 adscripsit.-
3356 4730 3592 4786 Thomae
3636 4733 3866 4804 legenda
3911 4739 3968 4788 et
4011 4734 4195 4789 omnia
4227 4752 4352 4805 pcr-

2406 4800 2643 4854 videuda
2677 4816 2741 4854 ae
2774 4799 3062 4854 reddenda.

2611 4867 2674 4931 2)
2711 4868 2825 4923 Hie
2865 4869 3035 4936 paulo
3088 4868 3236 4921 alera
3289 4872 3481 4920 metam
3528 4869 3820 4923 transmit.
3903 4867 4016 4923 Die
4064 4868 4150 4922 21.
4199 4867 4346 4938 Sept.

2411 4935 2647 4992 Senatus
2679 4938 2976 4992 consultam
3008 4937 3213 5003 factum
3248 4943 3342 4996 ost,
3389 4934 3512 4989 Am.
3550 4935 3788 4991 Pero-ino
3822 4940 4235 5006 neyoet'att'onem
4276 4938 4348 4994 de

2406 5005 2989 5130 ὸθὲιὶοιέιεοιανοοοσαηάο
3021 5005 3452 5060 &amittendam
3484 5020 3613 5060 esse.
3698 5005 3812 5061 Res
3856 5007 4095 5063 nondam
4128 5005 4206 5060 ad
4232 5006 4350 5075 plo—

2470 5091 2522 5129 m
2682 5081 2755 5129 ta.

2610 5142 2673 5202 3)
2709 5143 2823 5196 sic!

2608 5209 2672 5271 4)
2713 5209 2991 5264 Meranda
3021 5216 3075 5264 et
3109 5209 3438 5275 Mar-curtio,
3472 5211 3543 5274 ef.
3581 5209 3654 5264 N.
3687 5208 3807 5263 232.
3883 5209 4070 5280 Roaet,
4098 5225 4156 5279 p.
4190 5210 4314 5268 273.

2612 5278 2673 5343 5)
2725 5278 2949 5334 Videtur
2989 5279 3163 5344 laissa
3208 5277 3424 5334 Fau-elli
3465 5275 3743 5347 οἰκονόμος
3786 5279 4008 5347 mulier,
4062 5293 4106 5333 ε.
4151 5279 4352 5337 dom

2409 5347 2753 5405 aduncinare.
