5050 6167
671 413 794 476 503

669 616 859 678 quam
914 593 1039 660 sibi
1108 591 1475 675 exooyitavit
1522 590 1599 655 de
1653 607 1795 653 vero
1849 592 1906 652 et
1961 588 2315 666 incorrupto
2366 582 2620 650 concilio

670 681 930 766 coyendo
971 681 1042 745 in
1084 699 1203 761 quo
1245 679 1300 741 ii
1341 695 1608 758 quorum
1649 693 1843 741 causa
1877 672 2090 757 aqitur
2121 692 2244 736 non
2278 670 2407 751 ipsi
2447 669 2620 733 iudi-

670 787 766 834 ces
807 768 1075 832 sedeant.
1166 762 1458 845 Denique
1513 761 1889 844 evangelicos
1942 759 2116 839 ipsos
2171 756 2256 822 ad
2297 775 2523 838 pacem
2569 759 2625 821 et

673 852 1062 920 concordiam
1095 849 1398 915 hortatur.

675 1024 788 1090 (Ex
823 1022 965 1076 Bibl.
1005 1020 1465 1088 Guelferbytanae
1500 1017 1632 1071 Ood.
1669 1017 1808 1085 Aug.
1846 1015 1913 1069 N.
1950 1013 2034 1079 54,
2070 1014 2163 1096 ijol.
2201 1014 2265 1067 Ρ.
2300 1012 2370 1067 Π.
2396 1013 2498 1095 fol.
2519 1011 2624 1067 153

674 1108 830 1213 Ἓξ
850 1085 1795 1224 εἰῗὲιῗωὲἔῗηῗρέἓῗιῖἐξὲἧῗᾞῗ
1802 1085 2621 1206 ..2¹:³ss303ffi3120332353ffi22

717 1230 799 1282 ‘st.
847 1229 974 1281 eccl.
1025 1227 1088 1280 Τ.
1122 1225 1161 1278 1.
1211 1243 1263 1294 p.
1312 1223 1417 1276 448
1463 1240 1614 1291 seqq.
1663 1231 1789 1292 post
1836 1239 1956 1274 eum
1994 1220 2089 1276 Ch.
2123 1221 2184 1273 F.
2221 1221 2481 1288 Illgenius
2528 1221 2622 1289 qui

675 1297 933 1367 peculiari
966 1295 1151 1349 libello
1196 1311 1243 1346 a.
1282 1291 1417 1344 1832
1462 1292 1526 1345 Li
1598 1292 1680 1344 'ae
1724 1290 2061 1344 emendatius
2109 1289 2328 1359 prodire
2370 1290 2530 1342 iussit
2566 1295 2623 1342 et

673 1365 1062 1419 commentario
1098 1362 1409 1415 illustravit.
1478 1360 1520 1414 O
1548 1400 1558 1412 .
1597 1360 1762 1414 etiam
1798 1360 1986 1428 Saligii
2020 1359 2147 1411 hist.
2183 1359 2319 1427 Aug.
2356 1357 2508 1412 Oonf.
2546 1358 2620 1411 11.

674 1433 743 1488 66
778 1451 929 1502 seqq.
969 1442 1025 1484 et
1059 1439 1270 1484 annott.
1307 1429 1546 1483 eiusdem
1582 1430 1640 1482 Τ.
1675 1428 1717 1483 Ι.
1766 1446 1819 1498 p.
1854 1426 1972 1481 534.
2010 1426 2126 1481 538.
2203 1428 2420 1496 Ingenii
2454 1444 2620 1481 anno·

673 1503 908 1557 tationes
953 1500 1189 1553 maxima
1234 1516 1302 1552 ex
1347 1505 1508 1567 parte
1560 1498 1945 1559 adscribimus,
2005 1514 2314 1565 quanquam
2360 1496 2427 1549 de
2473 1512 2620 1550 anno

812 1571 1045 1639 scriptae
1081 1569 1340 1638 epistolae
1378 1569 1492 1621 eins
1529 1567 1836 1636 opinionem
1872 1567 2092 1619 minime
2127 1563 2468 1635 amplexuri.)

677 1755 927 1826 Servus
941 1759 999 1834 2)
1055 1757 1210 1822 Iesu
1267 1754 1520 1822 Christi
1573 1755 1870 1821 Martino
1918 1754 2255 1830 LutherO,
2313 1753 2621 1837 Philippo

675 1842 1193 1918 Melanchthoni‚
1240 1842 1530 1907 Martino
1575 1842 1894 1918 Butzero,
1942 1840 2292 1910 Calvino⁸)
2339 1851 2405 1904 et
2450 1839 2621 1905 Ger-

678 1930 888 1995 manis
939 1928 1391 2011 Helvetiisque
1458 1927 1806 2079 ιὸιὲἕιίἶιιιιίῐῖ
1846 1927 1955 2009 qui
2021 1926 2332 1992 invocant
2395 1925 2622 1991 Iesum

847 2151 995 2216 Etsi
1039 2170 1202 2234 quae
1245 2150 1497 2214 Romae
1541 2159 1865 2233 geruntur
1896 2149 2181 2233 perferet
2225 2148 2307 2213 ad
2350 2167 2470 2212 vos
2517 2146 2619 2212 vel

673 2257 901 2302 rumor
943 2237 1081 2319 ipse
1136 2236 1319 2319 prius
1375 2236 1477 2301 vel
1524 2236 1745 2300 nuncii
1791 2235 2139 2300 multorum
2199 2254 2394 2317 quam
2439 2252 2622 2297 meae

673 2323 903 2388 literae
942 2321 1142 2397 (mira
1175 2327 1273 2386 est
1309 2320 1484 2387 enim
1519 2321 1739 2403 inopia
1775 2320 2186 2386 tabelliorum
2203 2322 2262 2396 4)
2310 2317 2620 2396 fidelium,

672 2417 738 2474 et
770 2415 1164 2474 mercatores
1201 2409 1311 2490 qui
1344 2408 1515 2472 istuc
1547 2407 1644 2471 ire
1680 2413 2162 2473 consueverunt
2203 2406 2437 2469 timore
2472 2424 2620 2487 per-

673 2493 885 2559 territi
927 2503 1099 2568 sunt,
1146 2491 1315 2576 quod
1359 2492 1662 2558 omnibus
1698 2492 1856 2558 locis
1891 2492 2356 2574 excutiantur),
2400 2497 2621 2554 tamen

673 2579 779 2646 vel
821 2580 971 2661 quia
1012 2598 1196 2643 serae
1250 2578 1758 2662 significationes
1812 2577 2211 2643 certissimae
2264 2577 2464 2655 sunt,
2517 2574 2622 2640 vel

670 2666 841 2749 quia,
880 2663 1049 2747 quod
1085 2683 1206 2746 ego
1246 2663 1475 2742 senti0,
1520 2664 1708 2746 cupio
1750 2684 1866 2729 vos
1901 2663 2083 2740 scire,
2129 2684 2338 2745 neque
2374 2683 2619 2728 vanum

671 2772 881 2834 neque
927 2748 1042 2814 abs
1084 2771 1156 2814 re
1202 2749 1420 2814 visum
1466 2759 1593 2826 est,
1655 2749 1709 2832 sj
1754 2770 1946 2831 quem
1991 2749 2302 2814 invenero
2345 2748 2458 2831 qui
2503 2746 2619 2812 ad·

672 2837 855 2913 ferat,
902 2832 1147 2918 aliquid
1190 2834 1272 2898 ad
1317 2856 1433 2899 vos
1476 2835 1816 2899 literarum
1862 2833 2034 2899 dare.

841 2920 1151 2987 Pontifex
1196 2940 1505 2986 romanus
1520 2921 1580 3003 ⁴⁵)
1623 2922 1864 2984 mirum
1900 2920 1971 2984 in
2010 2912 2274 2985 niodum
2318 2939 2387 2984 se
2431 2924 2622 3003 parat

671 3015 865 3090 atque
909 3005 1200 3090 expedit,
1259 3014 1332 3070 ut
1388 3027 1591 3089 quum
1647 3006 1933 3089 primum
1990 3014 2205 3088 potest
2247 3005 2619 3070 Bononiam

669 3093 1133 3177 proficiscatur.
1150 3093 1209 3172 θ)
1296 3090 1753 3158 Incredibilem
1792 3090 2200 3175 diligentiam
2246 3091 2511 3157 adhibet
2545 3098 2621 3156 ιιι

671 3198 900 3244 omnes
944 3178 1046 3243 sui
1088 3177 1574 3243 instructissimi
1619 3175 1697 3242 ad
1744 3175 1915 3243 diem
1964 3175 2195 3242 adsint.
2287 3177 2394 3243 Ex
2436 3176 2619 3242 omni

671 3284 946 3328 numero
990 3261 1222 3327 delecti
1269 3273 1426 3328 sunt
1465 3262 1667 3346 aliqui
1702 3263 1938 3346 quibus
1975 3262 2359 3329 mandatum
2405 3272 2502 3328 est
2544 3271 2619 3327 ut

672 3355 900 3414 octavo
955 3347 1095 3413 Oal.
1150 3348 1399 3432 Aprilis
1443 3349 1742 3414 Tridenti
1786 3348 2075 3428 sedeant,
2098 3350 2151 3426 ⁷)
2208 3350 2448 3415 caeteri
2505 3370 2619 3414 cu-

672 3433 864 3499 riales
907 3441 1287 3515 sequantur:
1350 3433 1461 3518 qui
1516 3456 1648 3500 non
1705 3441 2090 3517 sequentur,
2149 3434 2432 3500 hostium
2478 3433 2617 3499 loco

876 3672 934 3741 2)
971 3675 1021 3726 A
1060 3688 1294 3741 quonam
1340 3679 1397 3727 et
1444 3690 1552 3743 quo
1600 3690 1743 3728 anno
1780 3675 1972 3728 literae
2007 3675 2134 3729 illae
2166 3675 2326 3728 datae
2363 3673 2474 3725 sint
2508 3690 2618 3728 non

710 3744 893 3796 uidem
927 3742 1213 3795 indicatur.
1272 3743 1353 3795 At
1386 3759 1454 3795 ex
1490 3751 1806 3812 argumento
1840 3751 2022 3797 tamen
2057 3745 2181 3797 colli
2251 3759 2309 3795 re
2333 3758 2617 3811 possumus

672 3761 742 3865 gb
779 3812 922 3865 Italo
958 3817 1206 3864 exaratas
1242 3827 1334 3863 eas
1370 3828 1486 3864 esse
1534 3830 1582 3864 a.
1620 3809 1758 3865 1545
1791 3813 2029 3866 ineunte.
2102 3813 2174 3866 Vi
2215 3819 2336 3866 etur
2379 3811 2472 3864 ille
2507 3813 2616 3865 Ro·

671 3896 788 3934 mae
825 3886 952 3932 tunc
989 3879 1170 3941 fuisse,
1207 3880 1350 3947 quod
1387 3897 1495 3934 non
1528 3881 1706 3934 minus
1740 3881 1985 3935 concludi
2022 3885 2203 3950 potest
2247 3897 2316 3933 ex
2351 3880 2617 3949 epistolae

670 3949 828 4001 initio
883 3964 1044 4016 quam
1097 3963 1164 4001 ex
1212 3949 1500 4017 conspicua
1534 3955 1889 4017 accurataque
1937 3950 2171 4003 omnium
2220 3965 2358 4018 quae
2405 3950 2501 4002 illo
2536 3950 2614 4002 ibi

671 4025 918 4086 tempore
951 4017 1282 4084 gerebantur
1326 4018 1657 4073 narratione.
1747 4020 1833 4070 Ex
1884 4019 2156 4071 nonnullis
2208 4018 2340 4073 locis
2384 4024 2617 4088 apparet

670 4086 991 4168 scriptorem
1028 4101 1147 4138 cum
1169 4086 1425 4166 Lnthero,
1462 4086 1891 4152 Melanchthone,
1930 4086 2153 4140 Oalvino
2188 4093 2245 4140 et
2261 4088 2472 4141 Bucero
2491 4104 2614 4156 epp.

672 4172 768 4208 usu
805 4153 1760 4303 m13131)nff<?‹{mi1111s¹uumoeiibeilinqizt)ri
1817 4239 1971 4277 exem
2012 4223 2123 4277 lum
2214 4225 2319 4277 uod
2372 4226 2428 4278 in
2487 4224 2614 4278 Cod.

671 4291 885 4345 Guelsb.
923 4292 1254 4359 descriptum
1290 4299 1562 4361 reperitur
1579 4294 1644 4344 ad
1673 4292 1951 4346 Calvinum
2046 4299 2161 4346 tum
2240 4293 2252 4306 ‘
2312 4309 2360 4359 e,
2395 4295 2616 4347 minime

671 4365 851 4438 potest
900 4376 1018 4412 esse
1063 4359 1312 4424 dubium,
1369 4377 1533 4429 quum
1589 4369 1747 4415 autor
1802 4362 1903 4414 sub
1947 4362 2109 4416 finem
2155 4363 2418 4432 epistolae
2463 4363 2616 4415 illum

671 4445 845 4496 ipsum
879 4428 1201 4496 alloquatur,
1240 4429 1397 4496 eique
1435 4429 1697 4483 Ochinum
1746 4431 2109 4492 commendet,
2162 4448 2321 4500 quem
2369 4431 2616 4485 novimus

670 4513 750 4558 eo,
790 4512 897 4565 quo
932 4497 1096 4549 missa
1131 4498 1225 4551 illa
1262 4498 1416 4549 nobis
1453 4500 1696 4564 videtur,
1748 4505 1993 4568 tempore
2039 4501 2289 4554 Genevae
2340 4507 2615 4554 versatum

670 4579 802 4618 esse.
873 4563 1118 4631 (Illam.)

873 4635 924 4696 4)
964 4633 1367 4685 tabellariorum
1404 4634 1458 4686 S.

872 4701 931 4762 5)
971 4701 1187 4754 Paulus
1221 4700 1344 4756 ΙΙΙ.

871 4770 927 4834 6)
974 4767 1133 4837 Quod
1166 4770 1217 4824 d.
1252 4769 1336 4824 26.
1378 4769 1677 4826 Februarii
1712 4769 1849 4825 1543
1881 4788 2002 4826 eum
2047 4774 2283 4840 effecisse
2329 4778 2491 4828 auctor
2535 4779 2614 4829 est

681 4839 1049 4894 Pallavicinus
1086 4837 1172 4892 11.
1213 4837 1327 4891 154.
1385 4840 1479 4893 Ibi
1509 4841 1651 4894 emm
1675 4840 2062 4908 Imperatorem
2097 4848 2459 4898 conventurus
2491 4849 2613 4896 erat

667 4911 763 4977 qui
781 4915 996 5030 “tramant
1009 4908 1636 5043 ἱνηῖοιέἕέωηοηέιειιεῖ.
1709 4911 1868 4966 Haec
1901 4912 2134 4964 maarime
2167 4926 2270 4964 nos
2302 4918 2516 4965 movent
2551 4917 2613 4965 ut

665 4994 742 5044 sp.
891 4994 914 5028 ι
952 4994 975 5029 ι
997 4995 1016 5029 t
1353 4994 1447 5030 ens
1530 4996 1560 5030 r
1614 4995 1846 5033 mamus.

873 5044 926 5108 7)
967 5045 1118 5098 Haec
1151 5048 1442 5099 nonnullos
1476 5049 1796 5114 turbarunt,
1832 5049 1900 5102 de
1943 5054 2180 5116 tompore
2225 5050 2462 5117 scriptae
2497 5051 2607 5116 epi-

666 5115 833 5168 stolae
876 5115 1216 5182 ambiqentes.
1303 5115 1620 5168 Meminem
1669 5119 1954 5172 concauam
2001 5120 2218 5184 saepem
2260 5118 2490 5172 subinde
2523 5122 2607 5171 in·

665 5181 864 5236 dictum
899 5189 950 5236 et
981 5185 1458 5249 procrastinatum.
1515 5183 1766 5238 Primum
1801 5186 1868 5253 ,η’
1904 5183 2018 5239 Gai.
2055 5187 2183 5239 Iun.
2221 5185 2359 5240 1542
2395 5190 2454 5239 in
2491 5185 2604 5244 Gal.

673 5250 812 5305 Nou.
848 5253 1109 5306 indictum
1140 5254 1342 5318 fuerat,
1377 5253 1466 5305 hic
1501 5270 1622 5307 vero
1659 5258 1717 5306 in
1754 5254 1833 5308 25.
1873 5256 2078 5310 Martii
2112 5254 2269 5322 1543,
2316 5274 2481 5327 quum
2523 5274 2607 5312 re·

663 5333 796 5373 vera
829 5319 1040 5374 demum
1074 5337 1142 5373 m.
1178 5320 1470 5375 Decembre
1507 5321 1642 5376 1545
1675 5324 1987 5380 anebontem
2021 5327 2107 5380 sit.

2307 392 2834 463 EPISTOLAE
2881 394 3008 456 450

4548 386 4661 448 504

2724 579 3157 645 habebuntur.
3244 577 3349 643 Ea
3391 575 3473 642 de
3516 595 3714 642 causa
3765 573 4063 656 publicae
4119 572 4349 638 literae
4392 571 4663 653 scriptae

2724 674 2919 749 atque
2960 665 3320 748 impressae
3366 661 3562 746 typis,
3607 661 3988 742 iussumque
4034 666 4109 723 ιιι
4150 679 4268 741 per
4304 657 4568 723 lictores
4599 657 4664 723 in

2724 751 2938 818 valvis
2980 751 3379 834 templorum
3422 748 3789 832 affigantur.
3890 743 4089 810 Multi
4132 743 4202 808 in
4246 744 4476 810 urbem
4521 763 4665 810 con-

2727 858 2965 903 venere
3020 844 3095 900 ut
3138 833 3484 901 ostendant
3539 854 3609 898 se
3651 832 3975 915 imperata
4017 831 4319 895 facturos.
4419 829 4525 895 Ab
4569 829 4665 895 his

2727 931 2994 987 curatur
3037 920 3387 1006 diligenter
3427 940 3512 984 ne
3549 915 3707 1001 quid
3751 916 3937 992 desit,
3983 916 4151 999 quod
4194 916 4267 981 in
4308 936 4426 981 vos
4469 916 4668 998 possit

2727 1008 3099 1093 excogitari.
3187 1007 3340 1089 Ipse
3381 1004 3705 1088 pontifex,
3759 1003 3872 1085 qui
3928 1000 3995 1067 id
4047 1001 4284 1067 aetatis
4340 1023 4474 1067 non
4513 1001 4666 1066 satis

2725 1096 2917 1160 firma
2960 1101 3060 1159 est
3100 1091 3499 1169 valetudine,
3542 1111 3628 1155 ne
3669 1097 4066 1155 nocturnum
4109 1087 4373 1170 quidem
4415 1095 4668 1171 tempus

2725 1179 2848 1244 sibi
2893 1178 2975 1244 ad
3019 1180 3301 1261 quietem
3344 1176 3671 1258 relinquit.
3757 1175 4076 1259 Magnam
4118 1174 4369 1257 copiam
4413 1173 4668 1240 consul-

2725 1275 2943 1330 torum
2987 1265 3204 1343 habet,
3250 1262 3635 1346 quibuscum
3678 1259 3762 1326 ad
3807 1260 4084 1325 multam
4126 1268 4383 1326 noctem
4427 1280 4668 1325 sermo-

2724 1372 2878 1417 nem
2922 1349 3245 1434 producit:
3290 1347 3623 1414 interdum
3667 1353 3889 1411 autem
3924 1346 4348 1430 iurisperitos,
4392 1354 4508 1410 aut
4552 1367 4668 1411 usu

2724 1458 2949 1502 rerum
2992 1437 3317 1520 probatos,
3363 1441 3480 1499 aut
3516 1439 3766 1499 astutos
3811 1432 4126 1511 hominos,
4171 1431 4389 1495 addite
4433 1438 4667 1509 autem,

2725 1524 2781 1588 si
2825 1522 3047 1602 vultis,
3092 1520 3422 1605 improbos
3466 1518 3769 1585 consulit:
3829 1537 4302 1601 nonnunquam
4346 1516 4669 1599 sophistas

2724 1607 3057 1692 theologos
3102 1616 3217 1672 aut
3256 1605 3676 1690 philosophos
3729 1604 4166 1669 contentionis
4224 1600 4670 1686 cupidissimos

2726 1693 3019 1772 advocat,
3064 1704 3210 1759 orat
3252 1699 3445 1775 atque
3488 1689 3811 1766 obsecrat,
3866 1698 3943 1753 ut
3992 1691 4061 1754 in
4104 1709 4518 1755 communem
4562 1710 4670 1755 cu-

2725 1801 2868 1845 ram
2920 1778 3304 1845 incumbant
3357 1786 3427 1843 et
3481 1777 3554 1841 in
3612 1775 3736 1842 hoc
3790 1775 4060 1842 concilio
4075 1774 4136 1859 8)
4196 1775 4276 1840 de
4331 1775 4672 1840 maiestate

2726 1863 3030 1931 ecclesiae
3076 1884 3417 1942 romanae,
3474 1863 3679 1945 deque
3733 1862 4014 1927 fortunis
4075 1863 4371 1926 omnium
4428 1861 4672 1943 episco-

2727 1972 2959 2034 porum
3017 1965 3082 2015 et
3140 1969 3544 2014 summorum
3588 1947 3974 2031 pontificum
4015 1949 4123 2031 agi
4173 1955 4437 2029 putent:
4507 1968 4671 2010 nun·

2725 2058 2923 2119 quam
2968 2036 3207 2102 laboris
3250 2046 3316 2100 et
3358 2033 3718 2100 industriae
3754 2043 4121 2116 pertaesum
4164 2033 4265 2107 iri,
4311 2034 4367 2097 si
4411 2032 4493 2097 ad
4543 2030 4671 2097 dis·

2724 2122 3072 2188 serendum
3117 2132 3346 2187 contra
3389 2142 3507 2185 vos
3550 2121 3686 2185 sint
3728 2119 3935 2197 acuti,
3993 2118 4074 2183 ad
4123 2117 4473 2184 dicendum
4517 2117 4671 2183 ube·

2724 2229 2831 2273 res
2876 2229 2950 2273 ac
2995 2207 3253 2290 copiosi.
3346 2207 3488 2271 iloc
3506 2204 3561 2290 ⁹)
3617 2205 3730 2270 ubi
3784 2205 3943 2270 satis
3987 2225 4288 2270 accensos
4332 2216 4530 2287 atque
4571 2205 4673 2268 in-

2723 2296 2955 2360 citatos
3000 2293 3183 2371 vidit,
3227 2292 3553 2358 convertit
3594 2313 3734 2356 sese
3778 2290 3860 2355 ad
3906 2291 4280 2373 augendum
4325 2290 4673 2373 collegium

2725 2400 3025 2458 suorum,
3085 2378 3155 2442 in
3213 2375 3383 2461 quod
3438 2378 3579 2441 heri
3637 2376 3860 2442 decem
3918 2389 3985 2440 et
4036 2384 4169 2440 tres
4220 2376 4569 2458 cooptavit,
4597 2377 4673 2450 ¹⁰)

2723 2463 2886 2529 duos
2928 2475 3267 2547 praeterea
3323 2462 3493 2527 dixit
3536 2484 3677 2528 esse
3726 2462 4116 2545 designatos.
4210 2461 4429 2525 Nolite
4473 2482 4671 2543 quae-

2725 2572 2885 2629 rere,
2931 2572 3125 2633 quam
3171 2548 3375 2626 nobis,
3434 2550 3543 2631 qui
3591 2569 3705 2630 pro
3750 2548 4014 2613 Christo
4056 2547 4262 2611 emori
4304 2567 4672 2629 possumne,

2724 2635 3133 2702 stomachum
3177 2635 3419 2699 fecerit.
3490 2634 3661 2698 Nam
3697 2633 3854 2715 quid
3899 2632 4020 2696 hoc
4060 2642 4160 2696 est
4194 2631 4324 2696 nisi
4366 2633 4672 2708 ambitus,

2722 2722 2852 2787 nisi
2915 2721 3175 2804 largitio
3242 2719 3323 2785 ad
3385 2719 3733 2785 concilium
3798 2717 4391 2801 corrumpendum?
4494 2716 4674 2799 Quid

2722 2807 2893 2872 istuc
2933 2807 3003 2871 in
3049 2815 3334 2870 mentem
3391 2807 3599 2883 venit,
3657 2805 3781 2870 nisi
3840 2814 3913 2868 ut
3969 2811 4328 2886 aucupetur
4385 2803 4674 2886 gratiam

2724 2913 2952 2958 eorum
2995 2892 3334 2957 hominum
3381 2892 3493 2975 qui
3534 2890 3706 2973 pileo
3743 2899 4002 2972 accepto
4039 2889 4406 2954 libertatem
4444 2889 4672 2955 vendi-

2724 2979 2980 3055 derunt,
3027 2979 3229 3061 empti
3272 2997 3349 3042 ea
3387 2997 3584 3043 causa
3626 2985 3700 3041 ιιι
3753 2975 4123 3041 abalienent
4174 2996 4215 3040 a
4265 2974 4470 3053 vobis,
4542 2976 4674 3039 imo

2723 3064 3051 3130 abducant
3108 3086 3148 3128 a
3202 3062 3578 3147 cognitione
3624 3062 3918 3127 veritatis
3963 3059 4311 3126 Caesarem
4357 3071 4424 3125 et
4480 3081 4673 3145 reges

2723 3172 2900 3233 quos,
2945 3150 3156 3227 cred0,
3201 3149 3584 3214 existimant
3621 3162 3880 3214 truncos
3926 3156 4040 3211 aut
4078 3146 4326 3230 lapides
4371 3167 4517 3212 esse
4564 3145 4676 3229 qui

2722 3235 2884 3301 haec
2948 3257 3160 3317 neque
3217 3235 3489 3299 audiant
3558 3255 3766 3315 neque
3829 3231 4225 3316 intelligant,
4291 3232 4675 3315 episcopum

2721 3320 2992 3387 concilio
3035 3321 3277 3386 indicto
3320 3329 3572 3386 struere
3614 3318 3735 3384 has
3778 3317 4259 3403 sycophantias,
4309 3316 4675 3383 commoliri

2722 3406 2841 3472 hos
2886 3406 3081 3473 dolos.
3172 3407 3234 3471 N
3237 3427 3310 3471 ec
3353 3405 3534 3470 stulti
3580 3426 3789 3487 neque
3834 3404 4048 3470 insani
4094 3423 4321 3469 sumus
4379 3414 4456 3468 ut
4521 3404 4674 3469 huic

2722 3504 2788 3557 et
2827 3492 3091 3558 asseclis
3136 3494 3276 3557 eius
3321 3512 3437 3556 nos
3471 3492 3647 3573 ipsos
3695 3502 3761 3554 et
3797 3489 4044 3556 Christi
4091 3510 4353 3556 causam
4398 3489 4674 3555 commi·

2722 3579 3017 3643 serimus.
3106 3579 3257 3643 Non
3301 3589 3417 3656 est,
3462 3596 3596 3640 non
3641 3585 3757 3654 est,
3803 3577 4088 3659 inquam,
4134 3574 4449 3640 iudicium
4494 3597 4673 3642 com-

2722 3662 3114 3728 mittendum
3159 3662 3498 3746 cupiditati
3542 3661 4008 3744 episcoporum,
4054 3662 4165 3745 qui
4209 3660 4415 3727 veluti
4461 3680 4678 3726 unum

2720 3747 3046 3831 quoddam
3093 3769 3328 3833 corpus
3364 3748 3731 3826 conficiunt,
3785 3748 3971 3813 cuius
4006 3756 4204 3831 caput
4238 3758 4339 3812 est
4373 3747 4675 3829 pontifex

2721 3854 3057 3900 romanus:
3117 3834 3410 3900 membra
3456 3835 3673 3898 omnia
3716 3835 3911 3917 capiti
3957 3853 4215 3898 annexa
4270 3843 4467 3916 atque
4526 3831 4675 3897 alli-

2720 3927 2876 4004 gata
2920 3920 3316 3985 inserviunt:
3362 3920 3484 3985 hoc
3520 3920 3576 3984 si
3613 3919 3860 3983 laboret
3894 3920 4115 3983 omnia
4146 3918 4428 3985 fulciunt
4473 3927 4676 4002 atque

2719 4005 3067 4084 sustinent,
3113 4006 3289 4089 quod
3334 4006 3472 4071 eius
3519 4006 3658 4070 vita
3714 4005 4023 4082 sentiant,
4083 4025 4151 4070 se
4209 4025 4465 4088 quoque
4521 4024 4674 4088 per-

2721 4090 3052 4157 commode
3096 4093 3340 4156 vivere.
3428 4092 3595 4156 Eius
3631 4111 3906 4174 regnum
3942 4113 4073 4156 non
4110 4097 4212 4156 est
4254 4090 4357 4168 iis,
4405 4101 4481 4154 ut
4525 4087 4676 4173 quis

2720 4176 2883 4240 forte
2925 4184 3132 4260 putat,
3178 4176 3489 4255 odiosum,
3547 4174 3716 4260 quod
3760 4178 4069 4241 minimae
4124 4178 4321 4242 etiam
4376 4175 4675 4258 corporis

2720 4271 2938 4346 partes
2981 4263 3050 4325 in
3094 4261 3158 4326 id
3205 4261 3554 4345 adspirent.
3645 4260 3822 4327 Sunt
3863 4264 3933 4327 in
3978 4261 4338 4328 Germania
4381 4259 4676 4345 episcopi

2718 4358 3017 4430 quatuor,
3084 4357 3197 4413 ant
3261 4349 3341 4414 ad
3407 4369 3739 4412 summum
3802 4349 4114 4431 quinque,
4180 4347 4349 4423 boni,
4417 4345 4672 4430 integri

2719 4433 2863 4508 viri,
2910 4434 3289 4517 peritissimi
3333 4456 3555 4499 rerum
3600 4432 3991 4513 divinarum,
4041 4442 4199 4499 sunt
4239 4433 4309 4497 in
4354 4432 4678 4500 Helvetia

2720 4529 2871 4598 tres,
2940 4527 3094 4585 sunt
3163 4520 3436 4586 fortasse
3503 4521 3572 4584 in
3630 4519 3824 4585 Italia
3887 4518 4032 4598 duo,
4098 4540 4138 4583 a
4197 4517 4430 4601 quibus
4496 4518 4678 4583 bona

2716 4605 2935 4670 omnia
2985 4627 3332 4689 possumus
3386 4613 3784 4688 exspectare.
3874 4605 4000 4670 Vel
4028 4608 4111 4689 ¹¹)
4165 4615 4490 4687 quantum
4551 4613 4672 4682 est,

2715 4691 2784 4755 in
2832 4701 3013 4756 tanta
3055 4690 3480 4758 multitudine
3528 4693 3980 4774 imperitorum
4015 4699 4082 4755 et
4117 4688 4500 4772 cupidorum
4549 4689 4674 4754 ho·

2915 4912 2976 5048 33
3009 4911 3613 5064 οὲῗίῗὶιωῖῐιξξοῖπαῴωι
3643 4981 3792 5051 quod
3821 4980 4243 5063 praeferendum
4279 4980 4515 5036 videtur.

2883 5049 2979 5114 10)
3014 5051 3139 5106 Hoc
3177 5049 3559 5106 Schelloornm
3592 5051 3759 5118 refert
3792 5051 3869 5105 ad
3900 5068 3969 5105 m.
4008 5050 4234 5104 lunum
4252 5048 4405 5104 1542.
4466 5051 4674 5132 Vm

2709 5135 2879 5202 aeque
2912 5136 3169 5175 numerus
3202 5134 3465 5201 novorum
3496 5126 3930 5189 purpuratorum
3964 5134 4133 5189 neque
4177 5124 4479 5189 naporum
4516 5126 4673 5175 mtto

2710 5205 2771 5244 m
2807 5189 3005 5380 ’.ἴῃῖῃ
3042 5205 3200 5314 Hocm
3221 5259 3408 5312 sensui
3448 5194 3633 5313 vitinus
3676 5259 3997 5314 conveniens
4046 5257 4283 5323 fortasse
4332 5258 4516 5313 errori
4579 5256 4671 5311 de-
