5050 6167
414 453 539 515 ⁷67

408 639 554 718 cui„
617 638 862 722 partim
919 653 961 702 a
1016 636 1425 703 Metensibus
1441 639 1500 717 ⁶)
1565 633 1648 702 ad
1712 657 1877 720 quos
1938 636 2075 701 iam
2140 635 2368 701 scribo.

412 724 556 792 Oro
616 733 686 789 te
750 732 827 789 ut
906 744 1109 806 quum
1182 723 1447 788 dabitur
1511 722 1761 789 occasio
1824 720 2218 805 respondeas
2287 720 2371 786 ad

457 810 749 876 roximas
806 830 989 875 meas
1041 809 1285 874 literas,
1372 809 1521 874 Iam
1574 809 1752 873 enim
1806 808 1902 872 ita
1952 807 2121 872 mihi
2162 827 2371 891 popu-

410 831 554 962 fum
598 895 781 962 huno
819 915 940 961 seu
983 894 1355 972 eeclesiam,
1412 914 1578 978 quae
1623 901 1726 959 est
1762 894 2073 977 frequens
2116 892 2197 957 ad
2245 898 2372 957 200

414 989 486 1048 et
543 981 855 1065 amplius,
915 980 1216 1059 devinxi,
1277 988 1352 1045 ut
1408 981 1577 1045 nihil
1629 1001 1764 1045 non
1821 979 2031 1045 ausim
2088 998 2369 1061 sperare.

413 1067 709 1135 Accedat
757 1066 952 1133 modo
996 1075 1116 1133 tua
1161 1066 1517 1168 prudentia
1572 1086 1740 1149 quae
1793 1086 1915 1131 nos
1957 1062 2042 1130 ad
2084 1064 2372 1149 aliqum

413 1153 527 1221 hio
561 1153 946 1237 disciplinae
988 1160 1533 1219 restaurationem
1579 1151 1862 1218 adiuvet.

586 1238 885 1305 Ecclesia
942 1238 1256 1305 universa
1310 1244 1377 1304 te
1444 1238 1691 1303 salutat
1740 1246 1807 1303 et
1864 1245 2019 1303 tuae
2074 1236 2403 1319 precibus.

415 1346 490 1392 se
533 1325 964 1391 commendat.
1055 1325 1194 1390 Nos
1250 1324 1486 1389 fratres
1542 1333 1802 1389 nostros
1862 1322 1928 1389 S.
1972 1321 2291 1400 Andreae,
2314 1323 2373 1405 ⁶)

417 1419 489 1477 et
541 1411 601 1477 si
657 1413 771 1494 qui
824 1420 983 1476 sunt
1037 1431 1201 1494 quos
1243 1408 1575 1475 Dominus
1626 1410 2012 1488 visitaverit,
2056 1428 2177 1491 pro
2219 1428 2373 1473 con-

414 1497 605 1563 cione
645 1498 935 1562 Domino
977 1495 1599 1564 commendavimus.
1685 1496 1839 1579 Ipse
1861 1502 1941 1559 ·te
1986 1515 2105 1560 suo
2138 1494 2376 1577 spiritu

414 1591 610 1667 regat
648 1604 725 1648 ae
766 1582 881 1648 diu
933 1580 1120 1647 nobis
1173 1589 1390 1647 servet
1430 1581 1842 1646 incolumem.
1929 1580 2203 1663 Raptim
2242 1580 2374 1646 Ar-

419 1669 729 1753 gentinae
773 1671 832 1732 3.
873 1666 973 1732 Id.
1019 1665 1249 1734 Ootob.
1304 1672 1483 1731 1544.

833 1806 906 1870 Τ.
944 1804 1563 1903 observantissimus
1598 1802 1954 1888 discipulus
1993 1810 2063 1869 et
2093 1802 2270 1868 filius
2304 1800 2373 1866 in

1036 1890 1324 1956 Domum
1536 1919 1967 2042 Valerandus>
1985 1923 2328 2041 “Pollanua

594 2180 885 2248 Comites
904 2183 960 2258 ⁷)
1004 2188 1216 2264 agunt
1259 2180 1376 2247 tibi
1422 2180 1670 2264 gratias
1711 2178 1881 2262 quod
1924 2178 2190 2245 illorum
2238 2199 2376 2243 me-

420 2268 729 2346 mineris,
788 2274 855 2331 et
904 2275 971 2331 te
1024 2265 1383 2349 plurimum
1439 2266 1696 2331 salvere
1751 2273 1996 2347 optant.
2096 2264 2243 2349 Ego
2287 2262 2373 2329 D.

419 2353 700 2432 Dandi,
761 2352 1057 2430 NicolaO,
1112 2361 1180 2417 ot
1218 2351 1407 2416 fratri
1449 2360 1594 2430 tuo,
1651 2371 1727 2417 ao
1769 2350 1920 2417 DD.
1971 2349 2035 2414 S.
2084 2350 2381 2416 Andreae

301 2517 310 2524 ,
422 2447 495 2506 et
537 2437 923 2505 Maldonade
935 2438 993 2512 Β)
1051 2458 1201 2503 eum
1257 2436 1578 2502 uxoribus
1633 2445 1699 2502 et
1742 2436 2052 2502 universa
2106 2435 2381 2501 ecclesia

422 2524 710 2592 salutem
767 2535 919 2606 opto
971 2523 1044 2588 in
1087 2521 1398 2589 Domino.
1499 2520 1738 2588 Frater
1790 2528 2011 2588 noster
2063 2521 2148 2586 D.
2195 2520 2376 2603 Bap-

421 2608 646 2696 tintav)
689 2608 929 2674 abhinc
971 2629 1089 2673 sex
1142 2619 1257 2674 aut
1298 2616 1552 2692 septem
1596 2606 1735 2672 dies
1777 2607 1848 2670 in
1895 2605 2183 2673 Galliam
2229 2627 2380 2690 pro-

420 2696 636 2764 fectus
691 2704 808 2761 est.
908 2693 1152 2760 Frater
1206 2702 1433 2761 noster
1484 2693 1805 2760 Antonius
1859 2712 2009 2759 cum
2064 2691 2380 2758 uxorcula

421 2782 679 2849 salvere
722 2790 789 2845 te
830 2779 1027 2845 iubet.

1354 2991 1497 2998 ---————
1510 2991 1601 2998 *O*

1332 3137 1485 3209 578.

913 3273 1413 3343 FARELLUS
1457 3273 1895 3342 GALVINO.

602 3403 1880 3531 ρωαῐωαήιαιεεφιειιωιωαα
1939 3445 2145 3511 seam
2206 3442 2383 3525 apua

424 3531 1653 3704 meuzwmmma‘
1722 3530 2385 3613 Inquotammspos

427 3792 545 3857 ω’
591 3789 931 3861 ”W
978 3788 1436 3912 bssffii'ffla..
1476 3803 1670 3911 11.'31¹¹L¹
1690 3786 2169 3918 gam...
2243 3786 2384 3856 ΒΨ·

604 4046 1005 4114 Doctissimo
1060 4054 1128 4110 et
1177 4043 1558 4110 fidelissimo
1612 4045 1857 4128 pastori
1899 4043 2208 4110 eeclesiae
2252 4042 2387 4109 Ge-

424 4134 746 4203 novensis
788 4130 885 4198 Io.
932 4130 1211 4198 Calvino
1253 4130 1441 4195 fratri
1484 4139 1552 4194 et
1589 4137 2308 4280 symmystasGemvoe·

610 4355 681 4423 S.
786 4353 950 4421 Heri
1034 4353 1245 4419 tribus
1333 4352 1551 4418 verbis
1624 4350 1718 4424 ad
1803 4361 1868 4416 te
1956 4371 2072 4434 per
2152 4351 2389 4416 fratres

644 4543 705 4604 5)
741 4558 977 4611 quorum
1021 4540 1182 4596 mni
1223 4539 1423 4621 ραῑῖίοο
1468 4539 1648 4594 coetui
1690 4537 1779 4593 Ar
1877 4607 1889 4619 .
2326 4606 2337 4618 ·

434 4612 638 4696 scripti
670 4616 846 4667 erm.
904 4610 1059 4691 Quae
1091 4610 1372 4679 eimfieat
1391 4609 1603 4676 turbas,
1638 4623 1735 4662 eae
1864 4605 2243 4660 Mammida
2275 4605 2389 4660 doo-

437 4679 1383 4831 *mafflzmqme
1425 4745 1615 4801 inm
1660 4743 1761 4813 qm·
1804 4760 1876 4799 n..
1910 4742 2102 4811 m·
2147 4740 2285 4796 1546
2315 4742 2393 4823 ,aa

438 4821 564 4902 vieo
600 4819 802 4900 Moma
839 4822 1043 4887 pastor
1087 4817 1228 4884 funt,
1271 4814 1816 4937 posteaoffenevaez.
1846 4818 1909 4895 et·
1940 4828 2097 4935 ςᾳὲηι
2130 4811 2394 4934 Emtae

440 4890 600 5042 zeii,
635 4958 753 5012 iam
785 4887 1170 5023 hothompore
1205 4885 1463 5010 m
1507 4951 1683 5020 fta-‘ose
1725 4899 1963 5020 ‹iim-tet,
2020 4950 2168 5022 quod
2210 4955 2396 5005 tam

439 5026 672 5087 anemae
702 5040 821 5080 non
851 5028 1080 5078 comat.

441 5248 573 5318 .....
605 5164 717 5289 ..32
748 5179 935 5287 ⁰5...
956 5232 1011 5286 B
1092 5175 1186 5285 z.
1219 5155 2240 5296 mmmm.
2279 5152 2395 5280 ξε

443 5302 579 5372 '⁸¹⁷⁶'
616 5302 715 5433 Ii}
753 5301 1078 5438 Rhagia,
1112 5339 1181 5428 ο]
1210 5365 1425 5423 Pom
1460 5365 1546 5420 14.
1579 5365 1712 5422 Ian.
1748 5363 1904 5420 1545.

2157 449 2321 512 1544
2364 444 2693 514 oomB.

1967 4536 2388 4592 dommod-
2508 4538 2520 4551 ⁹

4308 451 4436 524 ⁷58

2472 655 2654 702 meos
2678 633 2729 736 ¹)
2770 635 3003 719 scripsi
3087 655 3247 701 uum
3281 636 3502 703 verbis
3534 655 3753 702 coram
3795 652 3962 719 quae
4007 643 4267 724 oportet
4299 639 4437 706 sint

2475 720 2733 788 dicturi.
2821 721 3003 786 Huic
3080 723 3284 787 iteras
3339 721 3647 787 dederam
3688 722 4127 805 amplissimas
4177 724 4261 788 ad
4310 723 4435 792 Se-

2474 817 2724 885 natum,
2771 805 2855 871 ad
2899 815 3194 890 pastores
3236 814 3306 872 et
3355 807 3692 887 Gironum,
3750 808 3865 873 sed
3911 808 4080 874 nihil
4126 810 4434 876 effectum

2475 894 2620 959 fuit.
2638 892 2696 978 2)
2763 892 3104 974 Quantum
3148 893 3338 977 cupio
3374 900 3550 960 recte
3591 894 3862 959 formari
3899 894 4329 976 ‚iuventutem
4367 906 4436 962 et

2476 978 2751 1064 gloriam
2797 979 2929 1044 Dei
2971 978 3321 1058 illustrari,
3376 987 3444 1043 et
3500 1000 3617 1062 pro
3677 979 3915 1045 affectu
3975 1001 4104 1063 quo
4155 980 4225 1045 in
4265 981 4435 1048 Ber-

2475 1084 2717 1130 nenses
2770 1065 2944 1129 feror
3000 1064 3179 1129 hunc
3241 1064 3779 1131 commendabam
3838 1072 3918 1130 ut
3970 1067 4434 1146 necessarium,

2477 1157 2546 1216 et
2586 1151 2644 1215 si
2684 1149 2944 1216 abesset
2986 1149 3251 1215 aliunde
3293 1150 3765 1234 expetendum,
3805 1171 4003 1234 quem
4056 1152 4202 1217 ideo
4245 1173 4435 1237 prae-

2477 1247 2732 1302 sentem
2776 1257 2912 1300 non
2955 1236 3386 1320 negligerent.
3474 1236 3726 1301 Mirum
3763 1244 3864 1302 est
3897 1237 4240 1322 illum-qui
4285 1238 4437 1304 nul·
4563 1270 4571 1284 =

2476 1322 2616 1387 lum
2671 1342 2963 1405 unquam
3012 1321 3165 1387 boni
3221 1322 3347 1386 viri
3406 1322 3733 1405 specimen
3794 1319 4002 1387 edidit
4052 1331 4188 1388 tam
4246 1323 4436 1390 facile

2476 1407 2837 1473 admissum
2882 1407 3084 1473 fuisse
3127 1413 3194 1472 et
3233 1407 3414 1474 hunc
3456 1407 3552 1473 ita
3595 1407 3958 1473 dimissum.
4048 1407 4124 1474 Si
4170 1408 4237 1474 id
4289 1428 4439 1475 mea

2478 1493 2680 1559 fuerit
2735 1513 2933 1558 causa
2994 1493 3243 1559 factum
3310 1495 3561 1559 nescio:
3628 1504 3850 1558 tamen
3916 1512 4050 1558 non
4107 1502 4211 1559 est
4265 1493 4437 1578 quod

2478 1578 2588 1646 vel
2641 1580 2901 1662 saepius
2945 1578 3412 1645 commendans
3467 1578 3720 1663 aliquos
3776 1577 3887 1645 vel
3941 1579 4112 1644 male
4167 1581 4438 1646 meritos

2476 1664 2635 1731 huic
2675 1662 2905 1731 obesse
2961 1663 3319 1731 debuerim.
3422 1665 3659 1731 Nescio
3718 1686 3806 1730 an
3859 1664 4060 1729 alium
4117 1686 4157 1732 a
4212 1665 4437 1734 multis

2476 1751 2608 1816 iam
2652 1750 2845 1816 annis
2888 1771 2964 1816 eo
3023 1751 3188 1816 meis
3244 1750 3457 1817 literis
3509 1750 3823 1816 miserim.
3925 1748 4288 1834 Sperabam
4332 1770 4440 1815 me
4478 1759 4490 1771 ‘

2476 1857 2614 1902 non
2658 1835 2767 1902 vul
2858 1837 3021 1902 riter
3063 1836 3304 1902 mereri
3349 1836 3430 1902 de
3474 1846 3741 1916 senatu,
3786 1836 3980 1934 quod)
4001 1836 4262 1904 viderer
4305 1835 4441 1901 ido-

2479 1943 2679 1988 neum
2723 1943 2764 1987 o
2816 1943 2980 2002 erre,
3019 1923 3133 2008 qui
3175 1930 3639 1988 ornamentum
3673 1943 3818 1988 esse
3853 1933 4089 2005 posset,
4134 1921 4439 2007 quamvis

2479 2030 2597 2092 spe
2650 2008 2862 2093 magis
2931 2016 2998 2073 et
3051 2007 3388 2072 nonnullis
3443 2009 3851 2092 argumentis
3908 2008 4002 2072 ita
4061 2009 4441 2093 colligerem

2480 2115 2678 2177 quam
2722 2102 2900 2159 certa
2938 2093 3229 2159 scientia.
3320 2093 3602 2159 Petebat
3645 2115 3727 2158 ex
3766 2099 3877 2158 'me
3922 2093 4290 2172 consilium,
4334 2093 4441 2159 cui

2481 2200 2683 2262 quum
2739 2180 2930 2263 inops
2986 2200 3256 2264 prorsus
3310 2179 3437 2244 sim
3495 2178 3663 2243 nihil
3718 2178 3948 2244 habui:
4009 2187 4268 2244 tantum
4314 2179 4440 2246 hoc

2481 2265 2537 2330 si
2578 2264 2746 2329 forte
2789 2264 3189 2330 Lau‘sannae
3233 2285 3436 2349 agens
3477 2264 3659 2329 illinc
3701 2272 3923 2347 posset
3964 2265 4183 2330 notior
4225 2264 4441 2331 factus

2452 2350 2714 2415 'maiori
2756 2349 2974 2415 fructu
3015 2350 3310 2417 Bernam
3351 2350 3546 2415 mitti.
3619 2347 3756 2416 Sed
3795 2349 3902 2416 hie
3943 2349 4252 2435 hyemem
4288 2370 4440 2416 cau-

2482 2443 2672 2503 satur
2760 2444 2975 2501 raeter
3016 2437 3424 2502 tenuitatem.
3498 2435 3786 2502 Galliam
3833 2429 4302 2520 quum‘petere
4338 2435 4442 2499 in-

2482 2521 2812 2599 stituent,
2890 2522 3084 2587 uxori
3149 2521 3320 2586 dixit
3383 2542 3454 2587 se
3526 2529 3858 2603 uteunque
3923 2529 4440 2605 prospecturum.

2482 2607 2645 2673 Istic
2689 2607 2803 2689 qui
2838 2613 3039 2692 egent
3071 2628 3270 2690 quam
3305 2605 3640 2674 commode
3676 2607 3818 2671 ficri
3852 2607 4094 2689 poterit
4127 2605 4440 2672 indicant.
4523 2659 4528 2664 .

2483 2692 2617 2758 Hie
2660 2692 2728 2757 in
2781 2692 2960 2758 saxis
3018 2712 3215 2775 quam
3275 2692 3558 2757 molliter
3613 2692 3979 2774 excipietur
4032 2693 4190 2758 satis
4241 2697 4442 2776 patet.

2486 2777 2796 2845 Christus
2839 2777 3145 2844 omnibus
3179 2776 3367 2843 adsit.
3435 2776 3832 2843 Rumusculi
3876 2776 4236 2844 audiuntur
4270 2774 4443 2861 quod

2487 2885 2622 2929 non
2646 2863 2819 2942 laeta
2853 2864 3014 2930 satis
3056 2862 3189 2929 ieta
3214 2884 3348 2948 pax
3370 2862 3456 2928 sit
3480 2871 3550 2928 et
3576 2861 3821 2945 aliquid
3867 2863 4002 2928 alat
4030 2862 4332 2936 monstri.
4377 2868 4446 2928 et

2482 2948 2762 3016 haerent
2804 2949 3104 3030 suspensi
3145 2969 3281 3014 non
3325 2949 3537 3033 pauci.
3625 2946 3876 3014 Verum
3918 2949 4156 3033 exigua
4197 2956 4297 3013 est
4338 2946 4444 3012 vi-

2484 3041 2593 3099 tae
2650 3032 3049 3113 emendatio,
3125 3054 3337 3118 neque
3396 3041 3576 3099 terra
3630 3052 3797 3117 quae
3849 3034 4141 3100 fructum
4196 3034 4446 3098 iustum

2485 3139 2623 3184 non
2666 3117 2862 3196 dedit,
2923 3140 3134 3202 neque
3176 3120 3380 3204 pestis
3420 3139 3585 3203 quae
3628 3140 3749 3186 nos
3791 3120 4075 3186 vicinius
4117 3117 4443 3197 admonet,

2485 3225 2698 3288 neque
2740 3203 2914 3269 bella
2947 3213 3237 3286 possunt
3277 3227 3395 3270 nos
3438 3224 3706 3271 movere
3749 3213 3826 3270 ut
3869 3206 4040 3271 serio
4084 3202 4169 3270 ad
4210 3204 4444 3270 Domi-

2486 3311 2647 3354 num
2700 3300 3181 3356 convertamur.
3273 3290 3596 3356 Dominus
3652 3290 3927 3356 meliora
3983 3291 4096 3356 det
4148 3291 4446 3357 omnium

2484 3377 2798 3440 innovata
2840 3383 3080 3440 mente.
3150 3374 3318 3441 Vale
3361 3383 3431 3441 et
3471 3396 3700 3441 omnes
3742 3376 4000 3442 salvere
4042 3376 4212 3442 iube.
4276 3376 4447 3442 Nos-

2486 3462 2574 3526 tri
2617 3459 2896 3526 salutem
2955 3460 3074 3526 tibi
3132 3459 3374 3527 dicunt.
3463 3461 3774 3528 Neocomi
3820 3466 3919 3528 21.
3968 3461 4200 3529 Octob.
4259 3465 4446 3529 1544.

3751 3597 4058 3664 Farellus
4100 3610 4270 3665 tuus.

3399 4054 3549 4128 5¹⁷9.

2981 4191 3482 4261 FARELLUS
3527 4191 3964 4260 OALVINO.

2497 4708 2610 4773 (Ex
2660 4704 2999 4776 autographo
3044 4704 3409 4759 bibliothecae
3453 4711 3734 4785 pastorum
3768 4704 4238 4770 Neocomensium.
4304 4705 4447 4776 Em».

3108 4773 3312 4828 Farelli
3341 4772 3520 4827 faeie.
3555 4771 3623 4826 11.
3658 4771 3727 4828 N.
3758 4772 3869 4841 22.)

3203 5013 3762 5221 ⁷}

3820 5018 4059 5068 Ξ
