<?xml version="1.0" encoding="UTF-8"?>
<!DOCTYPE html PUBLIC "-//W3C//DTD XHTML 1.0 Transitional//EN"
    "http://www.w3.org/TR/xhtml1/DTD/xhtml1-transitional.dtd">
<html xmlns="http://www.w3.org/1999/xhtml" xml:lang="en" lang="en">
 <head>
  <title>
</title>
<meta http-equiv="Content-Type" content="text/html;charset=utf-8" />
  <meta name='ocr-system' content='tesseract 3.04.00' />
  <meta name='ocr-capabilities' content='ocr_page ocr_carea ocr_par ocr_line ocrx_word'/>
</head>
<body>
  <div class='ocr_page' id='page_1' title='image "./ioanniscalvinio13unkngoog/ioanniscalvinio13unkngoog_0190.png"; bbox 0 0 5050 6167; ppageno 0'>
   <div class='ocr_carea' id='block_1_1' title="bbox 645 459 763 521">
    <p class='ocr_par' dir='ltr' id='par_1_1' title="bbox 645 459 763 521">
     <span class='ocr_line' id='line_1_1' title="bbox 645 459 763 521; baseline -0.017 0"><span class='ocrx_word' id='word_1_1' title='bbox 645 459 763 521; x_wconf 87' lang='grc'><strong><em>351</em></strong></span> 
     </span>
    </p>
   </div>
   <div class='ocr_carea' id='block_1_2' title="bbox 646 628 2596 794">
    <p class='ocr_par' dir='ltr' id='par_1_2' title="bbox 646 628 2596 794">
     <span class='ocr_line' id='line_1_2' title="bbox 646 628 2596 722; baseline -0.012 -12"><span class='ocrx_word' id='word_1_2' title='bbox 646 650 714 710; x_wconf 85' lang='grc'><strong><em>01</em></strong></span> <span class='ocrx_word' id='word_1_3' title='bbox 755 640 1091 709; x_wconf 85' lang='grc' dir='ltr'><strong>0811881ωο</strong></span> <span class='ocrx_word' id='word_1_4' title='bbox 1133 637 1352 700; x_wconf 77' lang='lat' dir='ltr'><strong><em>frater.</em></strong></span> <span class='ocrx_word' id='word_1_5' title='bbox 1423 632 1657 722; x_wconf 64' lang='lat' dir='ltr'><strong><em>Saluta</em></strong></span> <span class='ocrx_word' id='word_1_6' title='bbox 1692 630 2139 695; x_wconf 86' lang='lat' dir='ltr'><strong><em>amantissime</em></strong></span> <span class='ocrx_word' id='word_1_7' title='bbox 2185 628 2419 691; x_wconf 88' lang='lat' dir='ltr'><strong><em>fratres</em></strong></span> <span class='ocrx_word' id='word_1_8' title='bbox 2455 644 2596 688; x_wconf 91' lang='lat' dir='ltr'><strong><em>om·</em></strong></span> 
     </span>
     <span class='ocr_line' id='line_1_3' title="bbox 647 712 2593 794; baseline -0.011 0"><span class='ocrx_word' id='word_1_9' title='bbox 647 749 765 794; x_wconf 91' lang='lat' dir='ltr'><strong><em>nes</em></strong></span> <span class='ocrx_word' id='word_1_10' title='bbox 810 736 879 792; x_wconf 90' lang='lat' dir='ltr'><strong><em>et</em></strong></span> <span class='ocrx_word' id='word_1_11' title='bbox 931 733 1133 790; x_wconf 88' lang='lat' dir='ltr'><strong><em>totam</em></strong></span> <span class='ocrx_word' id='word_1_12' title='bbox 1190 720 1523 787; x_wconf 87' lang='lat' dir='ltr'><strong><em>familiam.</em></strong></span> <span class='ocrx_word' id='word_1_13' title='bbox 1618 722 1673 781; x_wconf 87' lang='lat'><strong><em>3.</em></strong></span> <span class='ocrx_word' id='word_1_14' title='bbox 1723 714 1986 780; x_wconf 88' lang='lat' dir='ltr'><strong><em>Calend.</em></strong></span> <span class='ocrx_word' id='word_1_15' title='bbox 2045 713 2356 778; x_wconf 88' lang='lat' dir='ltr'><strong><em>Decemb.</em></strong></span> <span class='ocrx_word' id='word_1_16' title='bbox 2416 712 2593 772; x_wconf 85' lang='lat'><strong><em>1541.</em></strong></span> 
     </span>
    </p>
   </div>
   <div class='ocr_carea' id='block_1_3' title="bbox 1940 850 2426 917">
    <p class='ocr_par' dir='ltr' id='par_1_3' title="bbox 1940 850 2426 917">
     <span class='ocr_line' id='line_1_4' title="bbox 1940 850 2426 917; baseline -0.012 0"><span class='ocrx_word' id='word_1_17' title='bbox 1940 855 2030 917; x_wconf 93' lang='lat' dir='ltr'><strong><em>Io.</em></strong></span> <span class='ocrx_word' id='word_1_18' title='bbox 2075 850 2213 917; x_wconf 85' lang='lat' dir='ltr'><strong><em>Cal.</em></strong></span> <span class='ocrx_word' id='word_1_19' title='bbox 2256 858 2426 913; x_wconf 89' lang='lat' dir='ltr'><strong><em>tuus.</em></strong></span> 
     </span>
    </p>
   </div>
   <div class='ocr_carea' id='block_1_4' title="bbox 1421 1118 1827 1127">
    <p class='ocr_par' dir='ltr' id='par_1_4' title="bbox 1421 1118 1827 1127">
     <span class='ocr_line' id='line_1_5' title="bbox 1421 1118 1827 1127; baseline -0.01 0"><span class='ocrx_word' id='word_1_20' title='bbox 1421 1118 1827 1127; x_wconf 67' lang='grc'><strong><em>-.--.-----</em></strong></span> 
     </span>
    </p>
   </div>
   <div class='ocr_carea' id='block_1_5' title="bbox 651 1301 2598 1548">
    <p class='ocr_par' dir='ltr' id='par_1_5' title="bbox 651 1301 2598 1548">
     <span class='ocr_line' id='line_1_6' title="bbox 1542 1301 1691 1371; baseline -0.013 0"><span class='ocrx_word' id='word_1_21' title='bbox 1542 1301 1691 1371; x_wconf 80' lang='grc'><strong>379.</strong></span> 
     </span>
     <span class='ocr_line' id='line_1_7' title="bbox 651 1461 2598 1548; baseline -0.01 -2"><span class='ocrx_word' id='word_1_22' title='bbox 651 1478 1080 1548; x_wconf 77' lang='lat' dir='ltr'>MINISTRI</span> <span class='ocrx_word' id='word_1_23' title='bbox 1124 1471 1808 1542; x_wconf 72' lang='lat' dir='ltr'>NEOGOMENSES</span> <span class='ocrx_word' id='word_1_24' title='bbox 1861 1461 2598 1535; x_wconf 75' lang='lat' dir='ltr'>BASILIENSIBUS.</span> 
     </span>
    </p>
   </div>
   <div class='ocr_carea' id='block_1_6' title="bbox 649 1636 2605 1905">
    <p class='ocr_par' dir='ltr' id='par_1_6' title="bbox 649 1636 2605 1905">
     <span class='ocr_line' id='line_1_8' title="bbox 833 1636 2604 1730; baseline -0.009 -16"><span class='ocrx_word' id='word_1_25' title='bbox 833 1650 1097 1715; x_wconf 76' lang='lat' dir='ltr'><em>Gratias</em></span> <span class='ocrx_word' id='word_1_26' title='bbox 1141 1652 1331 1730; x_wconf 71' lang='lat' dir='ltr'><strong><em>ayunt</em></strong></span> <span class='ocrx_word' id='word_1_27' title='bbox 1375 1646 1450 1709; x_wconf 83' lang='lat' dir='ltr'><strong><em>dc</em></strong></span> <span class='ocrx_word' id='word_1_28' title='bbox 1493 1643 1836 1709; x_wconf 78' lang='lat' dir='ltr'><strong><em>testimonio</em></strong></span> <span class='ocrx_word' id='word_1_29' title='bbox 1879 1643 2198 1724; x_wconf 74' lang='lat' dir='ltr'><strong><em>fraternae</em></strong></span> <span class='ocrx_word' id='word_1_30' title='bbox 2240 1636 2604 1702; x_wconf 77' lang='lat' dir='ltr'><strong><em>sollicitudi-</em></strong></span> 
     </span>
     <span class='ocr_line' id='line_1_9' title="bbox 654 1722 2605 1816; baseline -0.01 -14"><span class='ocrx_word' id='word_1_31' title='bbox 654 1738 760 1802; x_wconf 77' lang='lat' dir='ltr'><strong><em>nis</em></strong></span> <span class='ocrx_word' id='word_1_32' title='bbox 802 1755 999 1816; x_wconf 78' lang='lat' dir='ltr'><strong><em>nuper</em></strong></span> <span class='ocrx_word' id='word_1_33' title='bbox 1041 1734 1118 1798; x_wconf 86' lang='lat' dir='ltr'><strong><em>ab</em></strong></span> <span class='ocrx_word' id='word_1_34' title='bbox 1155 1735 1238 1797; x_wconf 78' lang='lat' dir='ltr'><strong><em>iis</em></strong></span> <span class='ocrx_word' id='word_1_35' title='bbox 1274 1736 1510 1813; x_wconf 75' lang='lat' dir='ltr'><strong><em>accepto</em></strong></span> <span class='ocrx_word' id='word_1_36' title='bbox 1546 1735 1601 1795; x_wconf 79' lang='lat' dir='ltr'><strong><em>ct</em></strong></span> <span class='ocrx_word' id='word_1_37' title='bbox 1635 1728 2121 1795; x_wconf 74' lang='lat' dir='ltr'><em>conciliationem</em></span> <span class='ocrx_word' id='word_1_38' title='bbox 2147 1726 2436 1807; x_wconf 76' lang='lat' dir='ltr'><strong><em>partium</em></strong></span> <span class='ocrx_word' id='word_1_39' title='bbox 2469 1722 2605 1785; x_wconf 84' lang='lat' dir='ltr'><strong><em>iam</em></strong></span> 
     </span>
     <span class='ocr_line' id='line_1_10' title="bbox 649 1815 1900 1905; baseline -0.008 -17"><span class='ocrx_word' id='word_1_40' title='bbox 649 1822 915 1905; x_wconf 77' lang='lat' dir='ltr'><strong><em>feliciter</em></strong></span> <span class='ocrx_word' id='word_1_41' title='bbox 946 1825 1354 1902; x_wconf 74' lang='lat' dir='ltr'><strong><em>procuratam</em></strong></span> <span class='ocrx_word' id='word_1_42' title='bbox 1396 1818 1543 1881; x_wconf 80' lang='lat' dir='ltr'><strong><em>laeti</em></strong></span> <span class='ocrx_word' id='word_1_43' title='bbox 1585 1815 1900 1879; x_wconf 79' lang='lat' dir='ltr'><strong><em>nunciant.</em></strong></span> 
     </span>
    </p>
   </div>
   <div class='ocr_carea' id='block_1_7' title="bbox 654 2005 2605 2222">
    <p class='ocr_par' dir='ltr' id='par_1_7' title="bbox 654 2005 2605 2222">
     <span class='ocr_line' id='line_1_11' title="bbox 659 2005 2604 2087; baseline -0.009 -15"><span class='ocrx_word' id='word_1_44' title='bbox 659 2017 1079 2087; x_wconf 81' lang='lat' dir='ltr'><strong><em>(Autographou</em></strong></span> <span class='ocrx_word' id='word_1_45' title='bbox 1128 2032 1235 2068; x_wconf 91' lang='lat' dir='ltr'><strong><em>non</em></strong></span> <span class='ocrx_word' id='word_1_46' title='bbox 1274 2020 1473 2067; x_wconf 84' lang='lat' dir='ltr'><strong><em>exstat.</em></strong></span> <span class='ocrx_word' id='word_1_47' title='bbox 1545 2010 1894 2079; x_wconf 68' lang='lat' dir='ltr'><strong><em>Exemplar-ia</em></strong></span> <span class='ocrx_word' id='word_1_48' title='bbox 1941 2007 2253 2077; x_wconf 84' lang='lat' dir='ltr'><strong><em>apographa</em></strong></span> <span class='ocrx_word' id='word_1_49' title='bbox 2290 2005 2396 2057; x_wconf 86' lang='lat' dir='ltr'><strong><em>duo</em></strong></span> <span class='ocrx_word' id='word_1_50' title='bbox 2435 2005 2604 2057; x_wconf 86' lang='lat' dir='ltr'><strong><em>babes</em></strong></span> 
     </span>
     <span class='ocr_line' id='line_1_12' title="bbox 654 2073 2605 2148; baseline -0.008 -7"><span class='ocrx_word' id='word_1_51' title='bbox 654 2087 712 2141; x_wconf 88' lang='lat' dir='ltr'><strong><em>in</em></strong></span> <span class='ocrx_word' id='word_1_52' title='bbox 749 2088 887 2140; x_wconf 91' lang='lat' dir='ltr'><strong><em>Bibl.</em></strong></span> <span class='ocrx_word' id='word_1_53' title='bbox 924 2085 1094 2138; x_wconf 86' lang='lat' dir='ltr'><strong><em>civica</em></strong></span> <span class='ocrx_word' id='word_1_54' title='bbox 1129 2084 1433 2148; x_wconf 81' lang='lat' dir='ltr'><strong><em>Turicensi,</em></strong></span> <span class='ocrx_word' id='word_1_55' title='bbox 1481 2081 1712 2132; x_wconf 78' lang='lat' dir='ltr'><strong><em>alterum</em></strong></span> <span class='ocrx_word' id='word_1_56' title='bbox 1759 2095 2015 2131; x_wconf 85' lang='lat' dir='ltr'><strong><em>coaevum</em></strong></span> <span class='ocrx_word' id='word_1_57' title='bbox 2053 2077 2205 2130; x_wconf 78' lang='lat' dir='ltr'><strong><em>MSS.</em></strong></span> <span class='ocrx_word' id='word_1_58' title='bbox 2256 2075 2314 2126; x_wconf 79' lang='lat' dir='ltr'><strong><em>F.</em></strong></span> <span class='ocrx_word' id='word_1_59' title='bbox 2351 2073 2412 2126; x_wconf 87' lang='grc'><strong><em>81</em></strong></span> <span class='ocrx_word' id='word_1_60' title='bbox 2475 2074 2605 2126; x_wconf 84' lang='grc'><strong>011111</strong></span> 
     </span>
     <span class='ocr_line' id='line_1_13' title="bbox 886 2141 2362 2222; baseline -0.007 -16"><span class='ocrx_word' id='word_1_61' title='bbox 886 2155 1023 2222; x_wconf 86' lang='lat' dir='ltr'><strong><em>Epp.</em></strong></span> <span class='ocrx_word' id='word_1_62' title='bbox 1064 2153 1123 2205; x_wconf 84' lang='lat' dir='ltr'><strong><em>T.</em></strong></span> <span class='ocrx_word' id='word_1_63' title='bbox 1159 2152 1246 2217; x_wconf 83' lang='lat'><strong><em>46,</em></strong></span> <span class='ocrx_word' id='word_1_64' title='bbox 1283 2152 1374 2205; x_wconf 84' lang='lat' dir='ltr'><strong><em>fol.</em></strong></span> <span class='ocrx_word' id='word_1_65' title='bbox 1409 2148 1528 2214; x_wconf 82' lang='lat'><strong><em>428,</em></strong></span> <span class='ocrx_word' id='word_1_66' title='bbox 1568 2150 1796 2202; x_wconf 87' lang='lat' dir='ltr'><strong><em>alterum</em></strong></span> <span class='ocrx_word' id='word_1_67' title='bbox 1836 2147 2050 2200; x_wconf 87' lang='lat' dir='ltr'><strong><em>Simleri</em></strong></span> <span class='ocrx_word' id='word_1_68' title='bbox 2089 2145 2212 2198; x_wconf 86' lang='lat' dir='ltr'><strong><em>Vol.</em></strong></span> <span class='ocrx_word' id='word_1_69' title='bbox 2249 2141 2362 2206; x_wconf 82' lang='lat'><strong><em>50.)</em></strong></span> 
     </span>
    </p>
   </div>
   <div class='ocr_carea' id='block_1_8' title="bbox 651 2357 2612 5097">
    <p class='ocr_par' dir='ltr' id='par_1_8' title="bbox 651 2357 2612 5097">
     <span class='ocr_line' id='line_1_14' title="bbox 828 2357 2607 2446; baseline -0.008 -12"><span class='ocrx_word' id='word_1_70' title='bbox 828 2366 1125 2434; x_wconf 79' lang='lat' dir='ltr'><strong>Salutem</strong></span> <span class='ocrx_word' id='word_1_71' title='bbox 1183 2377 1249 2429; x_wconf 89' lang='lat' dir='ltr'><strong><em>et</em></strong></span> <span class='ocrx_word' id='word_1_72' title='bbox 1300 2385 1526 2446; x_wconf 88' lang='lat' dir='ltr'><strong><em>pacem</em></strong></span> <span class='ocrx_word' id='word_1_73' title='bbox 1584 2385 1624 2428; x_wconf 87' lang='lat' dir='ltr'><strong><em>a</em></strong></span> <span class='ocrx_word' id='word_1_74' title='bbox 1676 2362 1960 2425; x_wconf 91' lang='lat' dir='ltr'><strong><em>Domino</em></strong></span> <span class='ocrx_word' id='word_1_75' title='bbox 2007 2360 2188 2435; x_wconf 89' lang='lat' dir='ltr'><strong><em>Iesu,</em></strong></span> <span class='ocrx_word' id='word_1_76' title='bbox 2246 2359 2481 2421; x_wconf 86' lang='lat' dir='ltr'><strong><em>fratres</em></strong></span> <span class='ocrx_word' id='word_1_77' title='bbox 2539 2357 2607 2419; x_wconf 91' lang='lat' dir='ltr'><strong><em>in</em></strong></span> 
     </span>
     <span class='ocr_line' id='line_1_15' title="bbox 654 2442 2606 2521; baseline -0.008 -1"><span class='ocrx_word' id='word_1_78' title='bbox 654 2455 945 2521; x_wconf 89' lang='lat' dir='ltr'><strong><em>Domino</em></strong></span> <span class='ocrx_word' id='word_1_79' title='bbox 1024 2451 1342 2517; x_wconf 76' lang='lat' dir='ltr'><strong><em>carissimi</em></strong></span> <span class='ocrx_word' id='word_1_80' title='bbox 1421 2459 1490 2515; x_wconf 91' lang='grc'><strong><em>01</em></strong></span> <span class='ocrx_word' id='word_1_81' title='bbox 1567 2448 1854 2513; x_wconf 82' lang='lat' dir='ltr'><strong><em>maxime</em></strong></span> <span class='ocrx_word' id='word_1_82' title='bbox 1926 2442 2336 2510; x_wconf 83' lang='lat' dir='ltr'><strong><em>observandi.</em></strong></span> <span class='ocrx_word' id='word_1_83' title='bbox 2437 2442 2606 2519; x_wconf 89' lang='lat' dir='ltr'><strong><em>Etsi,</em></strong></span> 
     </span>
     <span class='ocr_line' id='line_1_16' title="bbox 655 2529 2609 2626; baseline -0.007 -21"><span class='ocrx_word' id='word_1_84' title='bbox 655 2562 860 2626; x_wconf 91' lang='lat' dir='ltr'><strong><em>quum</em></strong></span> <span class='ocrx_word' id='word_1_85' title='bbox 913 2536 1295 2602; x_wconf 80' lang='lat' dir='ltr'><strong><em>redderetur</em></strong></span> <span class='ocrx_word' id='word_1_86' title='bbox 1357 2535 1546 2600; x_wconf 92' lang='lat' dir='ltr'><strong><em>nobis</em></strong></span> <span class='ocrx_word' id='word_1_87' title='bbox 1600 2533 1918 2617; x_wconf 81' lang='lat' dir='ltr'><strong><em>posterior</em></strong></span> <span class='ocrx_word' id='word_1_88' title='bbox 1970 2530 2247 2613; x_wconf 90' lang='lat' dir='ltr'><strong><em>epistola</em></strong></span> <span class='ocrx_word' id='word_1_89' title='bbox 2282 2529 2329 2610; x_wconf 86' lang='lat'><strong><em>¹)</em></strong></span> <span class='ocrx_word' id='word_1_90' title='bbox 2388 2544 2609 2592; x_wconf 84' lang='lat' dir='ltr'><strong><em>vestra</em></strong></span> 
     </span>
     <span class='ocr_line' id='line_1_17' title="bbox 656 2612 2607 2711; baseline -0.008 -21"><span class='ocrx_word' id='word_1_91' title='bbox 656 2645 854 2711; x_wconf 88' lang='lat' dir='ltr'><strong><em>quam</em></strong></span> <span class='ocrx_word' id='word_1_92' title='bbox 898 2622 1265 2704; x_wconf 88' lang='lat' dir='ltr'><strong><em>accepimus</em></strong></span> <span class='ocrx_word' id='word_1_93' title='bbox 1309 2623 1540 2703; x_wconf 90' lang='lat' dir='ltr'><strong><em>quinto</em></strong></span> <span class='ocrx_word' id='word_1_94' title='bbox 1575 2617 1844 2685; x_wconf 83' lang='lat' dir='ltr'><strong><em>Galend.</em></strong></span> <span class='ocrx_word' id='word_1_95' title='bbox 1887 2615 2218 2690; x_wconf 87' lang='lat' dir='ltr'><strong><em>Decemb.,</em></strong></span> <span class='ocrx_word' id='word_1_96' title='bbox 2262 2614 2457 2696; x_wconf 87' lang='lat' dir='ltr'><strong><em>pauci</em></strong></span> <span class='ocrx_word' id='word_1_97' title='bbox 2494 2612 2607 2677; x_wconf 89' lang='lat' dir='ltr'><strong><em>ad-</em></strong></span> 
     </span>
     <span class='ocr_line' id='line_1_18' title="bbox 653 2702 2608 2782; baseline -0.008 -5"><span class='ocrx_word' id='word_1_98' title='bbox 653 2711 922 2777; x_wconf 89' lang='lat' dir='ltr'><strong>modum</strong></span> <span class='ocrx_word' id='word_1_99' title='bbox 964 2713 1200 2773; x_wconf 86' lang='lat' dir='ltr'><strong><em>fratres</em></strong></span> <span class='ocrx_word' id='word_1_100' title='bbox 1241 2706 1606 2782; x_wconf 88' lang='lat' dir='ltr'><strong><em>aderamus,</em></strong></span> <span class='ocrx_word' id='word_1_101' title='bbox 1651 2713 1873 2769; x_wconf 88' lang='lat' dir='ltr'><strong><em>tamen</em></strong></span> <span class='ocrx_word' id='word_1_102' title='bbox 1917 2723 2003 2767; x_wconf 92' lang='lat' dir='ltr'><strong><em>ne</em></strong></span> <span class='ocrx_word' id='word_1_103' title='bbox 2045 2702 2608 2767; x_wconf 53' lang='lat' dir='ltr'><strong><em>videremurwes-</em></strong></span> 
     </span>
     <span class='ocr_line' id='line_1_19' title="bbox 654 2785 2607 2876; baseline -0.006 -15"><span class='ocrx_word' id='word_1_104' title='bbox 654 2804 836 2863; x_wconf 89' lang='lat' dir='ltr'><strong><em>trum</em></strong></span> <span class='ocrx_word' id='word_1_105' title='bbox 879 2793 1056 2860; x_wconf 90' lang='lat' dir='ltr'><strong><em>istud</em></strong></span> <span class='ocrx_word' id='word_1_106' title='bbox 1098 2814 1255 2876; x_wconf 85' lang='lat' dir='ltr'><strong><em>erga</em></strong></span> <span class='ocrx_word' id='word_1_107' title='bbox 1299 2813 1416 2857; x_wconf 89' lang='lat' dir='ltr'><strong><em>nos</em></strong></span> <span class='ocrx_word' id='word_1_108' title='bbox 1461 2790 1766 2868; x_wconf 84' lang='lat' dir='ltr'><strong><em>officium,</em></strong></span> <span class='ocrx_word' id='word_1_109' title='bbox 1812 2787 1985 2871; x_wconf 90' lang='lat' dir='ltr'><strong><em>quod</em></strong></span> <span class='ocrx_word' id='word_1_110' title='bbox 2022 2810 2062 2852; x_wconf 88' lang='lat' dir='ltr'><strong><em>a</em></strong></span> <span class='ocrx_word' id='word_1_111' title='bbox 2099 2796 2285 2851; x_wconf 88' lang='lat' dir='ltr'><strong><em>tanta</em></strong></span> <span class='ocrx_word' id='word_1_112' title='bbox 2330 2785 2607 2849; x_wconf 88' lang='lat' dir='ltr'><strong><em>benevo-</em></strong></span> 
     </span>
     <span class='ocr_line' id='line_1_20' title="bbox 653 2876 2607 2959; baseline -0.008 -11"><span class='ocrx_word' id='word_1_113' title='bbox 653 2882 857 2948; x_wconf 89' lang='lat' dir='ltr'><strong><em>lentia</em></strong></span> <span class='ocrx_word' id='word_1_114' title='bbox 901 2889 967 2944; x_wconf 90' lang='lat' dir='ltr'><strong><em>et</em></strong></span> <span class='ocrx_word' id='word_1_115' title='bbox 1009 2878 1371 2945; x_wconf 88' lang='lat' dir='ltr'><strong><em>christiana</em></strong></span> <span class='ocrx_word' id='word_1_116' title='bbox 1412 2878 1682 2942; x_wconf 85' lang='lat' dir='ltr'><strong><em>caritate</em></strong></span> <span class='ocrx_word' id='word_1_117' title='bbox 1726 2876 2085 2959; x_wconf 87' lang='lat' dir='ltr'><strong><em>profectum</em></strong></span> <span class='ocrx_word' id='word_1_118' title='bbox 2131 2881 2259 2949; x_wconf 89' lang='lat' dir='ltr'><strong><em>est,</em></strong></span> <span class='ocrx_word' id='word_1_119' title='bbox 2320 2878 2607 2936; x_wconf 91' lang='lat' dir='ltr'><strong><em>contem-</em></strong></span> 
     </span>
     <span class='ocr_line' id='line_1_21' title="bbox 654 2960 2608 3044; baseline -0.008 -10"><span class='ocrx_word' id='word_1_120' title='bbox 654 2988 843 3043; x_wconf 87' lang='lat' dir='ltr'><strong><em>nere,</em></strong></span> <span class='ocrx_word' id='word_1_121' title='bbox 902 2964 1422 3030; x_wconf 76' lang='lat' dir='ltr'><strong><em>existimavimus</em></strong></span> <span class='ocrx_word' id='word_1_122' title='bbox 1483 2961 1728 3044; x_wconf 88' lang='lat' dir='ltr'><strong><em>aliquid</em></strong></span> <span class='ocrx_word' id='word_1_123' title='bbox 1784 2961 1853 3024; x_wconf 90' lang='lat' dir='ltr'><strong><em>in</em></strong></span> <span class='ocrx_word' id='word_1_124' title='bbox 1914 2960 2286 3042; x_wconf 88' lang='lat' dir='ltr'><strong><em>praesentia</em></strong></span> <span class='ocrx_word' id='word_1_125' title='bbox 2338 2978 2608 3039; x_wconf 90' lang='lat' dir='ltr'><strong><em>respon-</em></strong></span> 
     </span>
     <span class='ocr_line' id='line_1_22' title="bbox 656 3043 2607 3133; baseline -0.007 -14"><span class='ocrx_word' id='word_1_126' title='bbox 656 3052 1043 3133; x_wconf 82' lang='lat' dir='ltr'><strong><em>dendum,²)</em></strong></span> <span class='ocrx_word' id='word_1_127' title='bbox 1102 3048 1398 3132; x_wconf 90' lang='lat' dir='ltr'><strong><em>pluribus</em></strong></span> <span class='ocrx_word' id='word_1_128' title='bbox 1453 3047 1671 3114; x_wconf 84' lang='lat' dir='ltr'><strong><em>verbis</em></strong></span> <span class='ocrx_word' id='word_1_129' title='bbox 1727 3047 1886 3111; x_wconf 90' lang='lat' dir='ltr'><strong><em>alias</em></strong></span> <span class='ocrx_word' id='word_1_130' title='bbox 1944 3043 2349 3127; x_wconf 80' lang='lat' dir='ltr'><strong><em>rescripturi,</em></strong></span> <span class='ocrx_word' id='word_1_131' title='bbox 2406 3063 2607 3124; x_wconf 88' lang='lat' dir='ltr'><strong><em>quum</em></strong></span> 
     </span>
     <span class='ocr_line' id='line_1_23' title="bbox 655 3128 2608 3218; baseline -0.006 -14"><span class='ocrx_word' id='word_1_132' title='bbox 655 3139 766 3205; x_wconf 87' lang='lat' dir='ltr'><strong><em>hic</em></strong></span> <span class='ocrx_word' id='word_1_133' title='bbox 808 3136 1090 3201; x_wconf 88' lang='lat' dir='ltr'><strong><em>aderunt</em></strong></span> <span class='ocrx_word' id='word_1_134' title='bbox 1125 3134 1238 3197; x_wconf 90' lang='lat' dir='ltr'><strong><em>alii</em></strong></span> <span class='ocrx_word' id='word_1_135' title='bbox 1282 3144 1687 3218; x_wconf 78' lang='lat' dir='ltr'><strong><em>symmystae</em></strong></span> <span class='ocrx_word' id='word_1_136' title='bbox 1731 3132 2219 3214; x_wconf 79' lang='lat' dir='ltr'><strong><em>frequentiores.</em></strong></span> <span class='ocrx_word' id='word_1_137' title='bbox 2291 3128 2608 3210; x_wconf 81' lang='lat' dir='ltr'><strong><em>Inprimis</em></strong></span> 
     </span>
     <span class='ocr_line' id='line_1_24' title="bbox 651 3213 2608 3309; baseline -0.007 -19"><span class='ocrx_word' id='word_1_138' title='bbox 651 3224 858 3309; x_wconf 90' lang='lat' dir='ltr'><strong><em>igitur</em></strong></span> <span class='ocrx_word' id='word_1_139' title='bbox 901 3242 1164 3286; x_wconf 92' lang='lat' dir='ltr'><strong><em>oramus</em></strong></span> <span class='ocrx_word' id='word_1_140' title='bbox 1199 3241 1334 3298; x_wconf 81' lang='lat' dir='ltr'><strong><em>vos,</em></strong></span> <span class='ocrx_word' id='word_1_141' title='bbox 1378 3219 1615 3284; x_wconf 82' lang='lat' dir='ltr'><strong><em>fratres</em></strong></span> <span class='ocrx_word' id='word_1_142' title='bbox 1659 3217 2109 3295; x_wconf 77' lang='lat' dir='ltr'><strong><em>amantissimi,</em></strong></span> <span class='ocrx_word' id='word_1_143' title='bbox 2155 3222 2228 3280; x_wconf 90' lang='lat' dir='ltr'><strong><em>ut</em></strong></span> <span class='ocrx_word' id='word_1_144' title='bbox 2268 3213 2608 3280; x_wconf 88' lang='lat' dir='ltr'><strong><em>nobiscum</em></strong></span> 
     </span>
     <span class='ocr_line' id='line_1_25' title="bbox 657 3301 2611 3394; baseline -0.005 -22"><span class='ocrx_word' id='word_1_145' title='bbox 657 3305 997 3394; x_wconf 79' lang='lat' dir='ltr'><strong><em>gaudeatis</em></strong></span> <span class='ocrx_word' id='word_1_146' title='bbox 1039 3306 1110 3371; x_wconf 91' lang='lat' dir='ltr'><strong><em>in</em></strong></span> <span class='ocrx_word' id='word_1_147' title='bbox 1154 3306 1458 3382; x_wconf 88' lang='lat' dir='ltr'><strong><em>Domino,</em></strong></span> <span class='ocrx_word' id='word_1_148' title='bbox 1504 3305 1691 3387; x_wconf 91' lang='lat' dir='ltr'><strong><em>eique</em></strong></span> <span class='ocrx_word' id='word_1_149' title='bbox 1735 3310 1813 3366; x_wconf 89' lang='lat' dir='ltr'><strong><em>ut</em></strong></span> <span class='ocrx_word' id='word_1_150' title='bbox 1853 3322 2133 3384; x_wconf 89' lang='lat' dir='ltr'><strong><em>aequum</em></strong></span> <span class='ocrx_word' id='word_1_151' title='bbox 2177 3308 2244 3366; x_wconf 91' lang='lat' dir='ltr'><strong><em>et</em></strong></span> <span class='ocrx_word' id='word_1_152' title='bbox 2285 3301 2463 3382; x_wconf 92' lang='lat' dir='ltr'><strong><em>pium</em></strong></span> <span class='ocrx_word' id='word_1_153' title='bbox 2510 3304 2611 3364; x_wconf 88' lang='lat' dir='ltr'><strong><em>est</em></strong></span> 
     </span>
     <span class='ocr_line' id='line_1_26' title="bbox 655 3384 2610 3476; baseline -0.006 -17"><span class='ocrx_word' id='word_1_154' title='bbox 655 3412 792 3460; x_wconf 87' lang='lat' dir='ltr'><strong><em>una</em></strong></span> <span class='ocrx_word' id='word_1_155' title='bbox 834 3393 1080 3476; x_wconf 82' lang='lat' dir='ltr'><strong><em>gratias</em></strong></span> <span class='ocrx_word' id='word_1_156' title='bbox 1126 3411 1397 3474; x_wconf 88' lang='lat' dir='ltr'><strong><em>agamus</em></strong></span> <span class='ocrx_word' id='word_1_157' title='bbox 1441 3388 1856 3454; x_wconf 89' lang='lat' dir='ltr'><strong><em>immortales.</em></strong></span> <span class='ocrx_word' id='word_1_158' title='bbox 1943 3387 2116 3451; x_wconf 91' lang='lat' dir='ltr'><strong><em>Nam</em></strong></span> <span class='ocrx_word' id='word_1_159' title='bbox 2172 3407 2248 3450; x_wconf 93' lang='grc'><strong><em>00</em></strong></span> <span class='ocrx_word' id='word_1_160' title='bbox 2304 3387 2446 3468; x_wconf 89' lang='lat' dir='ltr'><strong><em>ipso</em></strong></span> <span class='ocrx_word' id='word_1_161' title='bbox 2505 3384 2610 3449; x_wconf 87' lang='lat' dir='ltr'><strong><em>die</em></strong></span> 
     </span>
     <span class='ocr_line' id='line_1_27' title="bbox 659 3470 2611 3564; baseline -0.005 -21"><span class='ocrx_word' id='word_1_162' title='bbox 659 3500 786 3564; x_wconf 88' lang='lat' dir='ltr'><strong><em>quo</em></strong></span> <span class='ocrx_word' id='word_1_163' title='bbox 831 3477 1209 3542; x_wconf 84' lang='lat' dir='ltr'><strong><em>tabellarius</em></strong></span> <span class='ocrx_word' id='word_1_164' title='bbox 1252 3482 1474 3542; x_wconf 83' lang='lat' dir='ltr'><strong><em>vester</em></strong></span> <span class='ocrx_word' id='word_1_165' title='bbox 1515 3476 1584 3538; x_wconf 90' lang='lat' dir='ltr'><strong><em>in</em></strong></span> <span class='ocrx_word' id='word_1_166' title='bbox 1621 3476 1793 3539; x_wconf 90' lang='lat' dir='ltr'><strong><em>hanc</em></strong></span> <span class='ocrx_word' id='word_1_167' title='bbox 1828 3473 2057 3538; x_wconf 88' lang='lat' dir='ltr'><strong><em>urbem</em></strong></span> <span class='ocrx_word' id='word_1_168' title='bbox 2098 3471 2471 3548; x_wconf 81' lang='lat' dir='ltr'><strong><em>advenerat,</em></strong></span> <span class='ocrx_word' id='word_1_169' title='bbox 2517 3470 2611 3534; x_wconf 89' lang='lat' dir='ltr'><strong><em>ita</em></strong></span> 
     </span>
     <span class='ocr_line' id='line_1_28' title="bbox 657 3556 2609 3648; baseline -0.006 -18"><span class='ocrx_word' id='word_1_170' title='bbox 657 3564 925 3648; x_wconf 87' lang='lat' dir='ltr'><strong><em>pacifice</em></strong></span> <span class='ocrx_word' id='word_1_171' title='bbox 980 3564 1051 3627; x_wconf 91' lang='lat' dir='ltr'><strong><em>in</em></strong></span> <span class='ocrx_word' id='word_1_172' title='bbox 1099 3569 1333 3627; x_wconf 88' lang='lat' dir='ltr'><strong><em>senatu</em></strong></span> <span class='ocrx_word' id='word_1_173' title='bbox 1388 3561 1814 3643; x_wconf 89' lang='lat' dir='ltr'><strong><em>compositum</em></strong></span> <span class='ocrx_word' id='word_1_174' title='bbox 1868 3559 2081 3623; x_wconf 89' lang='lat' dir='ltr'><strong><em>fuerat</em></strong></span> <span class='ocrx_word' id='word_1_175' title='bbox 2137 3557 2471 3641; x_wconf 88' lang='lat' dir='ltr'><strong><em>negotium</em></strong></span> <span class='ocrx_word' id='word_1_176' title='bbox 2530 3556 2609 3620; x_wconf 91' lang='lat' dir='ltr'><strong><em>de</em></strong></span> 
     </span>
     <span class='ocr_line' id='line_1_29' title="bbox 657 3641 2610 3726; baseline -0.005 -12"><span class='ocrx_word' id='word_1_177' title='bbox 657 3647 1105 3719; x_wconf 85' lang='lat' dir='ltr'><strong><em>confirmando</em></strong></span> <span class='ocrx_word' id='word_1_178' title='bbox 1160 3646 1521 3711; x_wconf 90' lang='lat' dir='ltr'><strong><em>ministerio</em></strong></span> <span class='ocrx_word' id='word_1_179' title='bbox 1566 3645 1839 3718; x_wconf 62' lang='lat' dir='ltr'><strong><em>farelli,</em></strong></span> <span class='ocrx_word' id='word_1_180' title='bbox 1896 3665 2100 3726; x_wconf 90' lang='lat' dir='ltr'><strong><em>eoque</em></strong></span> <span class='ocrx_word' id='word_1_181' title='bbox 2157 3641 2495 3708; x_wconf 89' lang='lat' dir='ltr'><strong><em>retinendo</em></strong></span> <span class='ocrx_word' id='word_1_182' title='bbox 2538 3643 2610 3706; x_wconf 92' lang='grc'><strong><em>111</em></strong></span> 
     </span>
     <span class='ocr_line' id='line_1_30' title="bbox 657 3728 2608 3817; baseline -0.005 -16"><span class='ocrx_word' id='word_1_183' title='bbox 657 3736 784 3801; x_wconf 87' lang='grc'><strong>1180</strong></span> <span class='ocrx_word' id='word_1_184' title='bbox 828 3736 970 3817; x_wconf 90' lang='lat' dir='ltr'><strong><em>ipsa</em></strong></span> <span class='ocrx_word' id='word_1_185' title='bbox 1013 3733 1314 3808; x_wconf 84' lang='lat' dir='ltr'><strong><em>civitate,</em></strong></span> <span class='ocrx_word' id='word_1_186' title='bbox 1370 3740 1444 3796; x_wconf 91' lang='lat' dir='ltr'><strong><em>ut</em></strong></span> <span class='ocrx_word' id='word_1_187' title='bbox 1486 3733 1619 3797; x_wconf 89' lang='lat' dir='ltr'><strong><em>iam</em></strong></span> <span class='ocrx_word' id='word_1_188' title='bbox 1659 3730 1882 3795; x_wconf 90' lang='lat' dir='ltr'><strong><em>nullus</em></strong></span> <span class='ocrx_word' id='word_1_189' title='bbox 1941 3728 2135 3814; x_wconf 91' lang='lat' dir='ltr'><strong><em>(quae</em></strong></span> <span class='ocrx_word' id='word_1_190' title='bbox 2180 3728 2349 3793; x_wconf 89' lang='lat' dir='ltr'><strong><em>mira</em></strong></span> <span class='ocrx_word' id='word_1_191' title='bbox 2391 3734 2458 3793; x_wconf 92' lang='lat' dir='ltr'><strong><em>et</em></strong></span> <span class='ocrx_word' id='word_1_192' title='bbox 2501 3750 2608 3793; x_wconf 91' lang='lat' dir='ltr'><strong><em>su-</em></strong></span> 
     </span>
     <span class='ocr_line' id='line_1_31' title="bbox 658 3813 2611 3903; baseline -0.005 -16"><span class='ocrx_word' id='word_1_193' title='bbox 658 3821 798 3888; x_wconf 87' lang='lat' dir='ltr'><strong><em>bita</em></strong></span> <span class='ocrx_word' id='word_1_194' title='bbox 842 3819 972 3884; x_wconf 91' lang='lat' dir='ltr'><strong><em>Dei</em></strong></span> <span class='ocrx_word' id='word_1_195' title='bbox 1017 3820 1226 3883; x_wconf 85' lang='lat' dir='ltr'><strong><em>virtus</em></strong></span> <span class='ocrx_word' id='word_1_196' title='bbox 1270 3816 1553 3903; x_wconf 80' lang='lat' dir='ltr'><strong><em>exstitit)</em></strong></span> <span class='ocrx_word' id='word_1_197' title='bbox 1614 3837 1823 3899; x_wconf 89' lang='lat' dir='ltr'><strong><em>neque</em></strong></span> <span class='ocrx_word' id='word_1_198' title='bbox 1878 3815 2177 3881; x_wconf 87' lang='lat' dir='ltr'><strong><em>seditioni</em></strong></span> <span class='ocrx_word' id='word_1_199' title='bbox 2223 3825 2432 3896; x_wconf 78' lang='lat' dir='ltr'><strong><em>neque</em></strong></span> <span class='ocrx_word' id='word_1_200' title='bbox 2477 3813 2611 3878; x_wconf 88' lang='grc'><strong>(118-</strong></span> 
     </span>
     <span class='ocr_line' id='line_1_32' title="bbox 659 3898 2609 3974; baseline -0.006 0"><span class='ocrx_word' id='word_1_201' title='bbox 659 3905 826 3974; x_wconf 82' lang='lat' dir='ltr'><strong><em>sidio</em></strong></span> <span class='ocrx_word' id='word_1_202' title='bbox 879 3905 1144 3971; x_wconf 89' lang='lat' dir='ltr'><strong><em>relictus</em></strong></span> <span class='ocrx_word' id='word_1_203' title='bbox 1198 3904 1286 3969; x_wconf 91' lang='lat' dir='ltr'><strong><em>sit</em></strong></span> <span class='ocrx_word' id='word_1_204' title='bbox 1338 3903 1534 3969; x_wconf 90' lang='lat' dir='ltr'><strong><em>locus.</em></strong></span> <span class='ocrx_word' id='word_1_205' title='bbox 1623 3903 1763 3968; x_wconf 89' lang='lat' dir='ltr'><strong><em>Nec</em></strong></span> <span class='ocrx_word' id='word_1_206' title='bbox 1817 3901 2035 3966; x_wconf 87' lang='lat' dir='ltr'><strong><em>minus</em></strong></span> <span class='ocrx_word' id='word_1_207' title='bbox 2094 3908 2313 3964; x_wconf 89' lang='lat' dir='ltr'><strong><em>tamen</em></strong></span> <span class='ocrx_word' id='word_1_208' title='bbox 2370 3898 2609 3964; x_wconf 89' lang='lat' dir='ltr'><strong><em>idcirco</em></strong></span> 
     </span>
     <span class='ocr_line' id='line_1_33' title="bbox 659 3984 2610 4070; baseline -0.004 -13"><span class='ocrx_word' id='word_1_209' title='bbox 659 3997 802 4057; x_wconf 88' lang='lat' dir='ltr'><strong><em>tum</em></strong></span> <span class='ocrx_word' id='word_1_210' title='bbox 847 3990 1036 4055; x_wconf 81' lang='lat' dir='ltr'><strong><em>vobis</em></strong></span> <span class='ocrx_word' id='word_1_211' title='bbox 1082 3997 1218 4054; x_wconf 91' lang='lat' dir='ltr'><strong><em>tum</em></strong></span> <span class='ocrx_word' id='word_1_212' title='bbox 1264 3989 1573 4055; x_wconf 85' lang='lat' dir='ltr'><strong><em>universo</em></strong></span> <span class='ocrx_word' id='word_1_213' title='bbox 1631 3988 1886 4053; x_wconf 89' lang='lat' dir='ltr'><strong><em>senatui</em></strong></span> <span class='ocrx_word' id='word_1_214' title='bbox 1941 4007 2249 4070; x_wconf 86' lang='lat' dir='ltr'><strong><em>magnam</em></strong></span> <span class='ocrx_word' id='word_1_215' title='bbox 2295 3984 2610 4049; x_wconf 86' lang='lat' dir='ltr'><strong><em>habemus</em></strong></span> 
     </span>
     <span class='ocr_line' id='line_1_34' title="bbox 659 4069 2611 4162; baseline -0.004 -21"><span class='ocrx_word' id='word_1_216' title='bbox 659 4077 974 4162; x_wconf 86' lang='lat' dir='ltr'><strong><em>gratiam,</em></strong></span> <span class='ocrx_word' id='word_1_217' title='bbox 1031 4075 1202 4157; x_wconf 90' lang='lat' dir='ltr'><strong><em>quod</em></strong></span> <span class='ocrx_word' id='word_1_218' title='bbox 1261 4074 1342 4139; x_wconf 91' lang='lat' dir='ltr'><strong><em>de</em></strong></span> <span class='ocrx_word' id='word_1_219' title='bbox 1399 4073 1678 4152; x_wconf 66' lang='lat' dir='ltr'><strong><em>Furem,</em></strong></span> <span class='ocrx_word' id='word_1_220' title='bbox 1745 4074 1877 4137; x_wconf 90' lang='lat' dir='ltr'><strong><em>imo</em></strong></span> <span class='ocrx_word' id='word_1_221' title='bbox 1934 4093 2092 4136; x_wconf 83' lang='lat' dir='ltr'><strong><em>vero</em></strong></span> <span class='ocrx_word' id='word_1_222' title='bbox 2147 4071 2301 4136; x_wconf 91' lang='lat' dir='ltr'><strong><em>Iesu</em></strong></span> <span class='ocrx_word' id='word_1_223' title='bbox 2359 4069 2611 4136; x_wconf 86' lang='lat' dir='ltr'><strong><em>Christi</em></strong></span> 
     </span>
     <span class='ocr_line' id='line_1_35' title="bbox 657 4155 2608 4246; baseline -0.004 -17"><span class='ocrx_word' id='word_1_224' title='bbox 657 4162 941 4246; x_wconf 90' lang='lat' dir='ltr'><strong><em>negotio,</em></strong></span> <span class='ocrx_word' id='word_1_225' title='bbox 988 4182 1137 4225; x_wconf 86' lang='lat' dir='ltr'><strong><em>cum</em></strong></span> <span class='ocrx_word' id='word_1_226' title='bbox 1181 4168 1367 4224; x_wconf 86' lang='lat' dir='ltr'><strong><em>tanta</em></strong></span> <span class='ocrx_word' id='word_1_227' title='bbox 1423 4161 1696 4225; x_wconf 86' lang='lat' dir='ltr'><strong><em>caritate</em></strong></span> <span class='ocrx_word' id='word_1_228' title='bbox 1740 4180 1814 4224; x_wconf 90' lang='grc'><strong><em>80</em></strong></span> <span class='ocrx_word' id='word_1_229' title='bbox 1870 4158 2208 4241; x_wconf 90' lang='lat' dir='ltr'><strong><em>diligentia</em></strong></span> <span class='ocrx_word' id='word_1_230' title='bbox 2251 4155 2608 4233; x_wconf 81' lang='lat' dir='ltr'><strong><em>laborastis,</em></strong></span> 
     </span>
     <span class='ocr_line' id='line_1_36' title="bbox 659 4242 2610 4327; baseline -0.004 -15"><span class='ocrx_word' id='word_1_231' title='bbox 659 4259 738 4313; x_wconf 89' lang='lat' dir='ltr'><strong><em>ut</em></strong></span> <span class='ocrx_word' id='word_1_232' title='bbox 781 4269 913 4312; x_wconf 89' lang='lat' dir='ltr'><strong><em>non</em></strong></span> <span class='ocrx_word' id='word_1_233' title='bbox 955 4246 1167 4312; x_wconf 92' lang='lat' dir='ltr'><strong><em>solum</em></strong></span> <span class='ocrx_word' id='word_1_234' title='bbox 1212 4245 1295 4310; x_wconf 90' lang='lat' dir='ltr'><strong><em>ad</em></strong></span> <span class='ocrx_word' id='word_1_235' title='bbox 1340 4267 1459 4311; x_wconf 92' lang='lat' dir='ltr'><strong><em>nos</em></strong></span> <span class='ocrx_word' id='word_1_236' title='bbox 1498 4255 1566 4309; x_wconf 91' lang='lat' dir='ltr'><strong><em>et</em></strong></span> <span class='ocrx_word' id='word_1_237' title='bbox 1609 4253 1906 4310; x_wconf 89' lang='lat' dir='ltr'><strong><em>senatum</em></strong></span> <span class='ocrx_word' id='word_1_238' title='bbox 1949 4245 2392 4327; x_wconf 87' lang='lat' dir='ltr'><strong><em>populumque</em></strong></span> <span class='ocrx_word' id='word_1_239' title='bbox 2436 4242 2610 4306; x_wconf 91' lang='lat' dir='ltr'><strong><em>Neo-</em></strong></span> 
     </span>
     <span class='ocr_line' id='line_1_37' title="bbox 659 4327 2612 4410; baseline -0.005 -10"><span class='ocrx_word' id='word_1_240' title='bbox 659 4353 1048 4408; x_wconf 86' lang='lat' dir='ltr'><strong><em>oomensem‚</em></strong></span> <span class='ocrx_word' id='word_1_241' title='bbox 1095 4331 1209 4396; x_wconf 86' lang='lat' dir='ltr'><strong><em>sed</em></strong></span> <span class='ocrx_word' id='word_1_242' title='bbox 1252 4332 1452 4396; x_wconf 89' lang='lat' dir='ltr'><strong><em>etiam</em></strong></span> <span class='ocrx_word' id='word_1_243' title='bbox 1495 4329 1577 4395; x_wconf 89' lang='lat' dir='ltr'><strong><em>ad</em></strong></span> <span class='ocrx_word' id='word_1_244' title='bbox 1620 4330 1991 4395; x_wconf 84' lang='lat' dir='ltr'><strong><em>Beruenses</em></strong></span> <span class='ocrx_word' id='word_1_245' title='bbox 2035 4331 2207 4410; x_wconf 91' lang='lat' dir='ltr'><strong><em>ipsos</em></strong></span> <span class='ocrx_word' id='word_1_246' title='bbox 2250 4328 2330 4392; x_wconf 91' lang='lat' dir='ltr'><strong><em>de</em></strong></span> <span class='ocrx_word' id='word_1_247' title='bbox 2374 4327 2497 4392; x_wconf 89' lang='lat' dir='ltr'><strong><em>hac</em></strong></span> <span class='ocrx_word' id='word_1_248' title='bbox 2541 4349 2612 4391; x_wconf 91' lang='lat' dir='ltr'><strong><em>re</em></strong></span> 
     </span>
     <span class='ocr_line' id='line_1_38' title="bbox 659 4411 2610 4501; baseline -0.003 -18"><span class='ocrx_word' id='word_1_249' title='bbox 659 4417 1159 4501; x_wconf 83' lang='lat' dir='ltr'><strong><em>diligentissime</em></strong></span> <span class='ocrx_word' id='word_1_250' title='bbox 1195 4427 1389 4499; x_wconf 86' lang='lat' dir='ltr'><strong><em>atque</em></strong></span> <span class='ocrx_word' id='word_1_251' title='bbox 1426 4415 1894 4481; x_wconf 84' lang='lat' dir='ltr'><strong><em>humanissime</em></strong></span> <span class='ocrx_word' id='word_1_252' title='bbox 1937 4414 2347 4497; x_wconf 78' lang='lat' dir='ltr'><strong><em>scripseritis.</em></strong></span> <span class='ocrx_word' id='word_1_253' title='bbox 2414 4411 2610 4493; x_wconf 78' lang='lat' dir='ltr'><strong><em>Quod</em></strong></span> 
     </span>
     <span class='ocr_line' id='line_1_39' title="bbox 660 4499 2609 4583; baseline -0.004 -13"><span class='ocrx_word' id='word_1_254' title='bbox 660 4513 884 4570; x_wconf 85' lang='lat' dir='ltr'><strong><em>autem</em></strong></span> <span class='ocrx_word' id='word_1_255' title='bbox 926 4503 1228 4580; x_wconf 88' lang='lat' dir='ltr'><strong><em>scribitis,</em></strong></span> <span class='ocrx_word' id='word_1_256' title='bbox 1275 4500 1603 4566; x_wconf 88' lang='lat' dir='ltr'><strong><em>horrenda</em></strong></span> <span class='ocrx_word' id='word_1_257' title='bbox 1638 4503 1807 4567; x_wconf 87' lang='lat' dir='ltr'><strong><em>istuc</em></strong></span> <span class='ocrx_word' id='word_1_258' title='bbox 1841 4500 2080 4583; x_wconf 88' lang='lat' dir='ltr'><strong><em>partim</em></strong></span> <span class='ocrx_word' id='word_1_259' title='bbox 2116 4499 2427 4565; x_wconf 85' lang='lat' dir='ltr'><strong><em>nunciata</em></strong></span> <span class='ocrx_word' id='word_1_260' title='bbox 2460 4520 2609 4582; x_wconf 86' lang='lat' dir='ltr'><strong><em>par-</em></strong></span> 
     </span>
     <span class='ocr_line' id='line_1_40' title="bbox 659 4584 2607 4671; baseline -0.003 -17"><span class='ocrx_word' id='word_1_261' title='bbox 659 4589 785 4654; x_wconf 84' lang='lat' dir='ltr'><strong><em>tim</em></strong></span> <span class='ocrx_word' id='word_1_262' title='bbox 848 4589 1092 4671; x_wconf 87' lang='lat' dir='ltr'><strong><em>scripta</em></strong></span> <span class='ocrx_word' id='word_1_263' title='bbox 1157 4609 1299 4653; x_wconf 89' lang='lat' dir='ltr'><strong><em>esse</em></strong></span> <span class='ocrx_word' id='word_1_264' title='bbox 1350 4587 1430 4652; x_wconf 93' lang='lat' dir='ltr'><strong><em>de</em></strong></span> <span class='ocrx_word' id='word_1_265' title='bbox 1483 4589 1704 4652; x_wconf 84' lang='lat' dir='ltr'><strong><em>sutura</em></strong></span> <span class='ocrx_word' id='word_1_266' title='bbox 1758 4599 1893 4651; x_wconf 88' lang='lat' dir='ltr'><strong><em>tam</em></strong></span> <span class='ocrx_word' id='word_1_267' title='bbox 1945 4596 2216 4651; x_wconf 87' lang='lat' dir='ltr'><strong><em>cruenta</em></strong></span> <span class='ocrx_word' id='word_1_268' title='bbox 2269 4584 2607 4661; x_wconf 89' lang='lat' dir='ltr'><strong><em>seditione,</em></strong></span> 
     </span>
     <span class='ocr_line' id='line_1_41' title="bbox 659 4671 2610 4755; baseline -0.003 -16"><span class='ocrx_word' id='word_1_269' title='bbox 659 4674 989 4740; x_wconf 88' lang='lat' dir='ltr'><strong><em>Dominus</em></strong></span> <span class='ocrx_word' id='word_1_270' title='bbox 1044 4674 1230 4738; x_wconf 88' lang='lat' dir='ltr'><strong><em>Deus</em></strong></span> <span class='ocrx_word' id='word_1_271' title='bbox 1285 4672 1598 4738; x_wconf 89' lang='lat' dir='ltr'><strong><em>hactenus</em></strong></span> <span class='ocrx_word' id='word_1_272' title='bbox 1651 4673 1746 4737; x_wconf 88' lang='lat' dir='ltr'><strong><em>ita</em></strong></span> <span class='ocrx_word' id='word_1_273' title='bbox 1799 4681 2258 4755; x_wconf 85' lang='lat' dir='ltr'><strong><em>prospexerat,</em></strong></span> <span class='ocrx_word' id='word_1_274' title='bbox 2314 4681 2389 4734; x_wconf 88' lang='lat' dir='ltr'><strong><em>ut</em></strong></span> <span class='ocrx_word' id='word_1_275' title='bbox 2442 4671 2610 4734; x_wconf 88' lang='lat' dir='ltr'><strong><em>nihil</em></strong></span> 
     </span>
     <span class='ocr_line' id='line_1_42' title="bbox 659 4756 2610 4841; baseline -0.003 -17"><span class='ocrx_word' id='word_1_276' title='bbox 659 4760 882 4825; x_wconf 90' lang='lat' dir='ltr'><strong><em>minus</em></strong></span> <span class='ocrx_word' id='word_1_277' title='bbox 922 4779 1118 4841; x_wconf 89' lang='lat' dir='ltr'><strong><em>quam</em></strong></span> <span class='ocrx_word' id='word_1_278' title='bbox 1162 4758 1325 4823; x_wconf 89' lang='lat' dir='ltr'><strong><em>illud</em></strong></span> <span class='ocrx_word' id='word_1_279' title='bbox 1369 4757 1792 4823; x_wconf 90' lang='lat' dir='ltr'><strong><em>metuendum</em></strong></span> <span class='ocrx_word' id='word_1_280' title='bbox 1834 4769 2231 4841; x_wconf 88' lang='lat' dir='ltr'><strong><em>putaremus.</em></strong></span> <span class='ocrx_word' id='word_1_281' title='bbox 2321 4756 2610 4820; x_wconf 76' lang='lat' dir='ltr'><strong><em>Tametsi</em></strong></span> 
     </span>
     <span class='ocr_line' id='line_1_43' title="bbox 659 4841 2612 4928; baseline -0.003 -18"><span class='ocrx_word' id='word_1_282' title='bbox 659 4846 839 4911; x_wconf 91' lang='lat' dir='ltr'><strong><em>enim</em></strong></span> <span class='ocrx_word' id='word_1_283' title='bbox 881 4845 1109 4928; x_wconf 89' lang='lat' dir='ltr'><strong><em>optimi</em></strong></span> <span class='ocrx_word' id='word_1_284' title='bbox 1164 4845 1404 4927; x_wconf 91' lang='lat' dir='ltr'><strong><em>quique</em></strong></span> <span class='ocrx_word' id='word_1_285' title='bbox 1460 4845 1553 4909; x_wconf 88' lang='lat' dir='ltr'><strong><em>sic</em></strong></span> <span class='ocrx_word' id='word_1_286' title='bbox 1610 4843 1881 4909; x_wconf 89' lang='lat' dir='ltr'><strong><em>animati</em></strong></span> <span class='ocrx_word' id='word_1_287' title='bbox 1929 4849 2117 4907; x_wconf 88' lang='lat' dir='ltr'><strong><em>erant</em></strong></span> <span class='ocrx_word' id='word_1_288' title='bbox 2173 4842 2244 4905; x_wconf 91' lang='lat' dir='ltr'><strong><em>in</em></strong></span> <span class='ocrx_word' id='word_1_289' title='bbox 2304 4841 2426 4905; x_wconf 87' lang='grc'><strong>1180</strong></span> <span class='ocrx_word' id='word_1_290' title='bbox 2467 4843 2612 4924; x_wconf 90' lang='lat' dir='ltr'><strong><em>ipsa</em></strong></span> 
     </span>
     <span class='ocr_line' id='line_1_44' title="bbox 659 4926 2608 5013; baseline -0.005 -14"><span class='ocrx_word' id='word_1_291' title='bbox 659 4951 856 4999; x_wconf 83' lang='grc'><strong>081188</strong></span> <span class='ocrx_word' id='word_1_292' title='bbox 898 4930 1200 5008; x_wconf 87' lang='lat' dir='ltr'><strong><em>Domini,</em></strong></span> <span class='ocrx_word' id='word_1_293' title='bbox 1261 4939 1335 4994; x_wconf 88' lang='lat' dir='ltr'><strong><em>ut</em></strong></span> <span class='ocrx_word' id='word_1_294' title='bbox 1374 4937 1692 5013; x_wconf 83' lang='lat' dir='ltr'><strong><em>negarent</em></strong></span> <span class='ocrx_word' id='word_1_295' title='bbox 1733 4952 1804 4995; x_wconf 90' lang='lat' dir='ltr'><strong><em>se</em></strong></span> <span class='ocrx_word' id='word_1_296' title='bbox 1845 4950 2151 5013; x_wconf 90' lang='lat' dir='ltr'><strong><em>passuros</em></strong></span> <span class='ocrx_word' id='word_1_297' title='bbox 2197 4926 2443 4993; x_wconf 84' lang='lat' dir='ltr'><strong><em>Farelli</em></strong></span> <span class='ocrx_word' id='word_1_298' title='bbox 2485 4927 2608 4990; x_wconf 90' lang='lat' dir='ltr'><strong><em>mi-</em></strong></span> 
     </span>
     <span class='ocr_line' id='line_1_45' title="bbox 661 5013 2612 5097; baseline -0.003 -15"><span class='ocrx_word' id='word_1_299' title='bbox 661 5016 1004 5082; x_wconf 87' lang='lat' dir='ltr'><strong><em>nisterium</em></strong></span> <span class='ocrx_word' id='word_1_300' title='bbox 1051 5016 1297 5081; x_wconf 86' lang='lat' dir='ltr'><strong><em>indicta</em></strong></span> <span class='ocrx_word' id='word_1_301' title='bbox 1338 5036 1537 5082; x_wconf 88' lang='lat' dir='ltr'><strong><em>causa</em></strong></span> <span class='ocrx_word' id='word_1_302' title='bbox 1584 5016 1837 5097; x_wconf 86' lang='lat' dir='ltr'><strong><em>violari,</em></strong></span> <span class='ocrx_word' id='word_1_303' title='bbox 1906 5027 2125 5081; x_wconf 91' lang='lat' dir='ltr'><strong><em>tamen</em></strong></span> <span class='ocrx_word' id='word_1_304' title='bbox 2184 5013 2612 5079; x_wconf 85' lang='lat' dir='ltr'><strong><em>decreverant</em></strong></span> 
     </span>
    </p>
   </div>
   <div class='ocr_carea' id='block_1_9' title="bbox 706 5287 2116 5427">
    <p class='ocr_par' dir='ltr' id='par_1_9' title="bbox 706 5287 2116 5427">
     <span class='ocr_line' id='line_1_46' title="bbox 706 5287 1200 5356; baseline -0.016 -6"><span class='ocrx_word' id='word_1_305' title='bbox 706 5289 841 5349; x_wconf 76' lang='lat'><strong><em>870.</em></strong></span> <span class='ocrx_word' id='word_1_306' title='bbox 875 5289 930 5356; x_wconf 93' lang='lat'><strong><em>1)</em></strong></span> <span class='ocrx_word' id='word_1_307' title='bbox 967 5289 1046 5344; x_wconf 85' lang='lat' dir='ltr'><strong><em>N.</em></strong></span> <span class='ocrx_word' id='word_1_308' title='bbox 1081 5287 1200 5342; x_wconf 81' lang='grc'><strong>376.</strong></span> 
     </span>
     <span class='ocr_line' id='line_1_47' title="bbox 869 5355 2116 5427; baseline -0.002 -14"><span class='ocrx_word' id='word_1_309' title='bbox 869 5359 930 5424; x_wconf 79' lang='grc'><strong><em>2)</em></strong></span> <span class='ocrx_word' id='word_1_310' title='bbox 966 5373 1093 5426; x_wconf 72' lang='lat' dir='ltr'><strong><em>erqo</em></strong></span> <span class='ocrx_word' id='word_1_311' title='bbox 1127 5359 1314 5414; x_wconf 71' lang='lat' dir='ltr'><strong><em>statim</em></strong></span> <span class='ocrx_word' id='word_1_312' title='bbox 1341 5362 1472 5427; x_wconf 71' lang='lat' dir='ltr'><strong><em>post</em></strong></span> <span class='ocrx_word' id='word_1_313' title='bbox 1503 5362 1782 5427; x_wconf 76' lang='lat' dir='ltr'><strong><em>acceptam</em></strong></span> <span class='ocrx_word' id='word_1_314' title='bbox 1815 5355 2116 5425; x_wconf 75' lang='lat' dir='ltr'><strong><em>epistolam.</em></strong></span> 
     </span>
    </p>
   </div>
   <div class='ocr_carea' id='block_1_10' title="bbox 2183 434 3095 504">
    <p class='ocr_par' dir='ltr' id='par_1_10' title="bbox 2183 434 3095 504">
     <span class='ocr_line' id='line_1_48' title="bbox 2183 434 3095 504; baseline -0.01 0"><span class='ocrx_word' id='word_1_315' title='bbox 2183 434 2709 504; x_wconf 75' lang='lat' dir='ltr'><strong>EPISTOLAE</strong></span> <span class='ocrx_word' id='word_1_316' title='bbox 2757 435 2835 496; x_wconf 89' lang='lat'><strong><em>37</em></strong></span> <span class='ocrx_word' id='word_1_317' title='bbox 2842 435 3095 496; x_wconf 74' lang='lat'>8—380</span> 
     </span>
    </p>
   </div>
   <div class='ocr_carea' id='block_1_11' title="bbox 2632 623 2692 5379">
    <p class='ocr_par' dir='ltr' id='par_1_11' title="bbox 2632 623 2692 5379">
     <span class='ocr_line' id='line_1_49' title="bbox 2632 623 2692 5379; baseline 0 0"><span class='ocrx_word' id='word_1_318' title='bbox 2632 623 2692 5379; x_wconf 95' lang='lat' dir='ltr'><strong><em> </em></strong></span> 
     </span>
    </p>
   </div>
   <div class='ocr_carea' id='block_1_12' title="bbox 4526 428 4643 488">
    <p class='ocr_par' dir='ltr' id='par_1_12' title="bbox 4526 428 4643 488">
     <span class='ocr_line' id='line_1_50' title="bbox 4526 428 4643 488; baseline 0 0"><span class='ocrx_word' id='word_1_319' title='bbox 4526 428 4643 488; x_wconf 82' lang='lat'><strong><em>352</em></strong></span> 
     </span>
    </p>
   </div>
   <div class='ocr_carea' id='block_1_13' title="bbox 2701 615 4718 5418">
    <p class='ocr_par' dir='ltr' id='par_1_13' title="bbox 2701 615 4718 5418">
     <span class='ocr_line' id='line_1_51' title="bbox 2701 615 4647 701; baseline -0.002 -17"><span class='ocrx_word' id='word_1_320' title='bbox 2701 619 2920 684; x_wconf 86' lang='lat' dir='ltr'><strong><em>omnia</em></strong></span> <span class='ocrx_word' id='word_1_321' title='bbox 2989 619 3171 701; x_wconf 87' lang='lat' dir='ltr'><strong><em>prius</em></strong></span> <span class='ocrx_word' id='word_1_322' title='bbox 3237 616 3518 700; x_wconf 81' lang='lat' dir='ltr'><strong><em>experiri</em></strong></span> <span class='ocrx_word' id='word_1_323' title='bbox 3587 629 3654 682; x_wconf 88' lang='lat' dir='ltr'><strong><em>et</em></strong></span> <span class='ocrx_word' id='word_1_324' title='bbox 3717 638 3979 682; x_wconf 89' lang='lat' dir='ltr'><strong><em>omnem</em></strong></span> <span class='ocrx_word' id='word_1_325' title='bbox 4040 637 4304 681; x_wconf 87' lang='lat' dir='ltr'><strong><em>movere</em></strong></span> <span class='ocrx_word' id='word_1_326' title='bbox 4368 615 4647 700; x_wconf 86' lang='lat' dir='ltr'><strong><em>lapidem</em></strong></span> 
     </span>
     <span class='ocr_line' id='line_1_52' title="bbox 2703 702 4647 788; baseline -0.001 -20"><span class='ocrx_word' id='word_1_327' title='bbox 2703 707 2915 788; x_wconf 84' lang='lat' dir='ltr'><strong><em>potius</em></strong></span> <span class='ocrx_word' id='word_1_328' title='bbox 2960 726 3157 788; x_wconf 79' lang='lat' dir='ltr'><strong><em>quam</em></strong></span> <span class='ocrx_word' id='word_1_329' title='bbox 3198 713 3275 767; x_wconf 87' lang='lat' dir='ltr'><strong><em>&#39;ut</em></strong></span> <span class='ocrx_word' id='word_1_330' title='bbox 3316 704 3389 767; x_wconf 90' lang='lat' dir='ltr'><strong><em>in</em></strong></span> <span class='ocrx_word' id='word_1_331' title='bbox 3425 711 3674 767; x_wconf 85' lang='lat' dir='ltr'><strong><em>tantam</em></strong></span> <span class='ocrx_word' id='word_1_332' title='bbox 3712 703 3997 769; x_wconf 85' lang='lat' dir='ltr'><strong><em>civitatis</em></strong></span> <span class='ocrx_word' id='word_1_333' title='bbox 4029 702 4389 785; x_wconf 86' lang='lat' dir='ltr'><strong><em>perniciem</em></strong></span> <span class='ocrx_word' id='word_1_334' title='bbox 4434 723 4513 768; x_wconf 88' lang='lat' dir='ltr'><strong><em>ea</em></strong></span> <span class='ocrx_word' id='word_1_335' title='bbox 4550 724 4647 767; x_wconf 87' lang='lat' dir='ltr'><strong><em>res</em></strong></span> 
     </span>
     <span class='ocr_line' id='line_1_53' title="bbox 2704 788 4646 872; baseline -0.001 -17"><span class='ocrx_word' id='word_1_336' title='bbox 2704 791 3025 856; x_wconf 84' lang='lat' dir='ltr'><strong><em>evaderet.</em></strong></span> <span class='ocrx_word' id='word_1_337' title='bbox 3136 789 3323 854; x_wconf 91' lang='lat' dir='ltr'><strong><em>Nunc</em></strong></span> <span class='ocrx_word' id='word_1_338' title='bbox 3390 799 3637 867; x_wconf 88' lang='lat' dir='ltr'><strong><em>autem,</em></strong></span> <span class='ocrx_word' id='word_1_339' title='bbox 3700 788 4261 872; x_wconf 46' lang='lat' dir='ltr'><strong><em>,quemadmodum</em></strong></span> <span class='ocrx_word' id='word_1_340' title='bbox 4332 788 4646 866; x_wconf 81' lang='lat' dir='ltr'><strong><em>videmus,</em></strong></span> 
     </span>
     <span class='ocr_line' id='line_1_54' title="bbox 2704 873 4650 959; baseline -0.001 -18"><span class='ocrx_word' id='word_1_341' title='bbox 2704 878 3031 942; x_wconf 89' lang='lat' dir='ltr'><strong><em>Dominus</em></strong></span> <span class='ocrx_word' id='word_1_342' title='bbox 3076 878 3213 959; x_wconf 90' lang='lat' dir='ltr'><strong><em>ipse</em></strong></span> <span class='ocrx_word' id='word_1_343' title='bbox 3271 896 3389 958; x_wconf 91' lang='lat' dir='ltr'><strong><em>pro</em></strong></span> <span class='ocrx_word' id='word_1_344' title='bbox 3447 896 3568 939; x_wconf 88' lang='grc'><strong>8118</strong></span> <span class='ocrx_word' id='word_1_345' title='bbox 3618 873 3906 939; x_wconf 87' lang='lat' dir='ltr'><strong><em>bonitate</em></strong></span> <span class='ocrx_word' id='word_1_346' title='bbox 3961 883 4027 939; x_wconf 88' lang='lat' dir='ltr'><strong><em>et</em></strong></span> <span class='ocrx_word' id='word_1_347' title='bbox 4080 875 4406 957; x_wconf 81' lang='lat' dir='ltr'><strong><em>sapientia</em></strong></span> <span class='ocrx_word' id='word_1_348' title='bbox 4459 875 4650 957; x_wconf 87' lang='lat' dir='ltr'><strong><em>longe</em></strong></span> 
     </span>
     <span class='ocr_line' id='line_1_55' title="bbox 2703 959 4651 1046; baseline -0.001 -20"><span class='ocrx_word' id='word_1_349' title='bbox 2703 962 2943 1026; x_wconf 88' lang='lat' dir='ltr'><strong><em>melius</em></strong></span> <span class='ocrx_word' id='word_1_350' title='bbox 2985 960 3288 1046; x_wconf 87' lang='lat' dir='ltr'><strong><em>providit,</em></strong></span> <span class='ocrx_word' id='word_1_351' title='bbox 3334 982 3529 1043; x_wconf 86' lang='lat' dir='ltr'><strong><em>quam</em></strong></span> <span class='ocrx_word' id='word_1_352' title='bbox 3570 961 3737 1043; x_wconf 87' lang='lat' dir='ltr'><strong><em>quod</em></strong></span> <span class='ocrx_word' id='word_1_353' title='bbox 3776 960 3857 1025; x_wconf 87' lang='lat' dir='ltr'><strong><em>ab</em></strong></span> <span class='ocrx_word' id='word_1_354' title='bbox 3901 961 4208 1026; x_wconf 83' lang='lat' dir='ltr'><strong><em>humanis</em></strong></span> <span class='ocrx_word' id='word_1_355' title='bbox 4252 959 4504 1025; x_wconf 78' lang='lat' dir='ltr'><strong><em>viribus</em></strong></span> <span class='ocrx_word' id='word_1_356' title='bbox 4539 983 4651 1024; x_wconf 81' lang='lat' dir='ltr'><strong><em>ex-</em></strong></span> 
     </span>
     <span class='ocr_line' id='line_1_56' title="bbox 2706 1046 4651 1132; baseline -0.002 -19"><span class='ocrx_word' id='word_1_357' title='bbox 2706 1050 2986 1132; x_wconf 84' lang='lat' dir='ltr'><strong><em>spectari</em></strong></span> <span class='ocrx_word' id='word_1_358' title='bbox 3043 1057 3264 1132; x_wconf 87' lang='lat' dir='ltr'><strong><em>posset</em></strong></span> <span class='ocrx_word' id='word_1_359' title='bbox 3319 1047 3439 1113; x_wconf 91' lang='lat' dir='ltr'><strong><em>hoc</em></strong></span> <span class='ocrx_word' id='word_1_360' title='bbox 3495 1058 3803 1130; x_wconf 87' lang='lat' dir='ltr'><strong><em>tempore.</em></strong></span> <span class='ocrx_word' id='word_1_361' title='bbox 3907 1046 4187 1111; x_wconf 86' lang='lat' dir='ltr'><strong><em>Audivit</em></strong></span> <span class='ocrx_word' id='word_1_362' title='bbox 4242 1046 4451 1123; x_wconf 90' lang='lat' dir='ltr'><strong><em>enim,</em></strong></span> <span class='ocrx_word' id='word_1_363' title='bbox 4520 1067 4651 1110; x_wconf 91' lang='lat' dir='ltr'><strong><em>non</em></strong></span> 
     </span>
     <span class='ocr_line' id='line_1_57' title="bbox 2706 1132 4652 1217; baseline -0.002 -18"><span class='ocrx_word' id='word_1_364' title='bbox 2706 1135 2975 1200; x_wconf 91' lang='lat' dir='ltr'><strong><em>dubium</em></strong></span> <span class='ocrx_word' id='word_1_365' title='bbox 3020 1143 3151 1211; x_wconf 88' lang='lat' dir='ltr'><strong><em>est,</em></strong></span> <span class='ocrx_word' id='word_1_366' title='bbox 3208 1154 3430 1217; x_wconf 87' lang='lat' dir='ltr'><strong><em>preces</em></strong></span> <span class='ocrx_word' id='word_1_367' title='bbox 3484 1141 3551 1197; x_wconf 92' lang='lat' dir='ltr'><strong><em>et</em></strong></span> <span class='ocrx_word' id='word_1_368' title='bbox 3595 1133 3880 1215; x_wconf 86' lang='lat' dir='ltr'><strong><em>gemitus</em></strong></span> <span class='ocrx_word' id='word_1_369' title='bbox 3923 1132 4231 1196; x_wconf 88' lang='lat' dir='ltr'><strong><em>ecclesiae</em></strong></span> <span class='ocrx_word' id='word_1_370' title='bbox 4275 1153 4432 1196; x_wconf 89' lang='lat' dir='ltr'><strong><em>suae</em></strong></span> <span class='ocrx_word' id='word_1_371' title='bbox 4478 1152 4652 1196; x_wconf 85' lang='lat' dir='ltr'><strong><em>eam-</em></strong></span> 
     </span>
     <span class='ocr_line' id='line_1_58' title="bbox 2706 1217 4651 1303; baseline -0.002 -19"><span class='ocrx_word' id='word_1_372' title='bbox 2706 1242 2829 1303; x_wconf 89' lang='lat' dir='ltr'><strong><em>que</em></strong></span> <span class='ocrx_word' id='word_1_373' title='bbox 2874 1229 3059 1284; x_wconf 88' lang='lat' dir='ltr'><strong><em>tanto</em></strong></span> <span class='ocrx_word' id='word_1_374' title='bbox 3104 1218 3509 1302; x_wconf 88' lang='lat' dir='ltr'><strong><em>impendenti</em></strong></span> <span class='ocrx_word' id='word_1_375' title='bbox 3550 1218 3724 1282; x_wconf 90' lang='lat' dir='ltr'><strong><em>malo</em></strong></span> <span class='ocrx_word' id='word_1_376' title='bbox 3764 1218 3836 1280; x_wconf 91' lang='lat' dir='ltr'><strong><em>in</em></strong></span> <span class='ocrx_word' id='word_1_377' title='bbox 3887 1218 4026 1299; x_wconf 89' lang='lat' dir='ltr'><strong><em>ipso</em></strong></span> <span class='ocrx_word' id='word_1_378' title='bbox 4082 1227 4372 1299; x_wconf 89' lang='lat' dir='ltr'><strong><em>temporo</em></strong></span> <span class='ocrx_word' id='word_1_379' title='bbox 4418 1217 4651 1282; x_wconf 87' lang='lat' dir='ltr'><strong><em>libera-</em></strong></span> 
     </span>
     <span class='ocr_line' id='line_1_59' title="bbox 2705 1302 4653 1389; baseline -0.002 -19"><span class='ocrx_word' id='word_1_380' title='bbox 2705 1307 2819 1370; x_wconf 89' lang='lat' dir='ltr'><strong><em>vit.</em></strong></span> <span class='ocrx_word' id='word_1_381' title='bbox 2909 1307 3059 1370; x_wconf 92' lang='lat' dir='ltr'><strong><em>Non</em></strong></span> <span class='ocrx_word' id='word_1_382' title='bbox 3120 1307 3326 1389; x_wconf 84' lang='lat' dir='ltr'><strong><em>igitur</em></strong></span> <span class='ocrx_word' id='word_1_383' title='bbox 3380 1305 3491 1370; x_wconf 88' lang='lat' dir='ltr'><strong><em>ille</em></strong></span> <span class='ocrx_word' id='word_1_384' title='bbox 3548 1305 3779 1368; x_wconf 87' lang='lat' dir='ltr'><strong><em>merito</em></strong></span> <span class='ocrx_word' id='word_1_385' title='bbox 3839 1302 4250 1367; x_wconf 86' lang='lat' dir='ltr'><strong><em>laudandus?</em></strong></span> <span class='ocrx_word' id='word_1_386' title='bbox 4342 1303 4488 1367; x_wconf 91' lang='lat' dir='ltr'><strong><em>Non</em></strong></span> <span class='ocrx_word' id='word_1_387' title='bbox 4557 1303 4653 1367; x_wconf 90' lang='lat' dir='ltr'><strong><em>illi</em></strong></span> 
     </span>
     <span class='ocr_line' id='line_1_60' title="bbox 2706 1387 4654 1476; baseline -0.002 -20"><span class='ocrx_word' id='word_1_388' title='bbox 2706 1391 2998 1476; x_wconf 83' lang='lat' dir='ltr'><strong><em>agendae</em></strong></span> <span class='ocrx_word' id='word_1_389' title='bbox 3042 1390 3299 1475; x_wconf 88' lang='lat' dir='ltr'><strong><em>publice</em></strong></span> <span class='ocrx_word' id='word_1_390' title='bbox 3344 1391 3784 1474; x_wconf 84' lang='lat' dir='ltr'><strong><em>privatimque</em></strong></span> <span class='ocrx_word' id='word_1_391' title='bbox 3829 1388 4125 1472; x_wconf 83' lang='lat' dir='ltr'><strong><em>gratiae?</em></strong></span> <span class='ocrx_word' id='word_1_392' title='bbox 4218 1387 4403 1469; x_wconf 78' lang='lat' dir='ltr'><strong><em>Quae</em></strong></span> <span class='ocrx_word' id='word_1_393' title='bbox 4446 1389 4654 1456; x_wconf 81' lang='lat' dir='ltr'><strong><em>victo-</em></strong></span> 
     </span>
     <span class='ocr_line' id='line_1_61' title="bbox 2706 1474 4657 1558; baseline -0.001 -17"><span class='ocrx_word' id='word_1_394' title='bbox 2706 1480 2805 1542; x_wconf 88' lang='lat' dir='ltr'><strong><em>ria</em></strong></span> <span class='ocrx_word' id='word_1_395' title='bbox 2850 1478 2928 1542; x_wconf 89' lang='grc'><strong><em>(10</em></strong></span> <span class='ocrx_word' id='word_1_396' title='bbox 2984 1477 3271 1542; x_wconf 88' lang='lat' dir='ltr'><strong><em>humano</em></strong></span> <span class='ocrx_word' id='word_1_397' title='bbox 3327 1476 3629 1558; x_wconf 91' lang='lat' dir='ltr'><strong><em>imperi0,</em></strong></span> <span class='ocrx_word' id='word_1_398' title='bbox 3691 1475 3835 1557; x_wconf 91' lang='lat' dir='ltr'><strong><em>quis</em></strong></span> <span class='ocrx_word' id='word_1_399' title='bbox 3897 1474 4270 1556; x_wconf 90' lang='lat' dir='ltr'><strong><em>triumphus</em></strong></span> <span class='ocrx_word' id='word_1_400' title='bbox 4327 1495 4474 1540; x_wconf 91' lang='lat' dir='ltr'><strong><em>cum</em></strong></span> <span class='ocrx_word' id='word_1_401' title='bbox 4533 1475 4657 1541; x_wconf 93' lang='lat' dir='ltr'><strong><em>hoc</em></strong></span> 
     </span>
     <span class='ocr_line' id='line_1_62' title="bbox 2707 1559 4658 1646; baseline -0.001 -18"><span class='ocrx_word' id='word_1_402' title='bbox 2707 1585 2863 1628; x_wconf 83' lang='lat' dir='ltr'><strong><em>vere</em></strong></span> <span class='ocrx_word' id='word_1_403' title='bbox 2909 1563 3132 1627; x_wconf 86' lang='lat' dir='ltr'><strong><em>divino</em></strong></span> <span class='ocrx_word' id='word_1_404' title='bbox 3176 1582 3371 1646; x_wconf 88' lang='lat' dir='ltr'><strong><em>opere</em></strong></span> <span class='ocrx_word' id='word_1_405' title='bbox 3414 1559 3882 1627; x_wconf 79' lang='lat' dir='ltr'><strong><em>conferendus?</em></strong></span> <span class='ocrx_word' id='word_1_406' title='bbox 3951 1559 4086 1626; x_wconf 82' lang='lat' dir='ltr'><strong><em>Sed</em></strong></span> <span class='ocrx_word' id='word_1_407' title='bbox 4120 1560 4280 1627; x_wconf 88' lang='lat' dir='ltr'><strong><em>hacc</em></strong></span> <span class='ocrx_word' id='word_1_408' title='bbox 4317 1562 4477 1625; x_wconf 83' lang='lat' dir='ltr'><strong><em>alias</em></strong></span> <span class='ocrx_word' id='word_1_409' title='bbox 4514 1561 4658 1642; x_wconf 90' lang='lat' dir='ltr'><strong><em>plu-</em></strong></span> 
     </span>
     <span class='ocr_line' id='line_1_63' title="bbox 2708 1645 4658 1730; baseline -0.001 -18"><span class='ocrx_word' id='word_1_410' title='bbox 2708 1650 2905 1714; x_wconf 91' lang='lat' dir='ltr'><strong><em>ribus.</em></strong></span> <span class='ocrx_word' id='word_1_411' title='bbox 2997 1647 3192 1729; x_wconf 79' lang='lat' dir='ltr'><strong><em>Quod</em></strong></span> <span class='ocrx_word' id='word_1_412' title='bbox 3238 1648 3321 1712; x_wconf 88' lang='lat' dir='ltr'><strong><em>ad</em></strong></span> <span class='ocrx_word' id='word_1_413' title='bbox 3368 1647 3691 1711; x_wconf 80' lang='lat' dir='ltr'><strong><em>Farellum</em></strong></span> <span class='ocrx_word' id='word_1_414' title='bbox 3734 1648 4044 1729; x_wconf 83' lang='lat' dir='ltr'><strong><em>pertinet,</em></strong></span> <span class='ocrx_word' id='word_1_415' title='bbox 4104 1655 4181 1710; x_wconf 94' lang='lat' dir='ltr'><strong><em>ut</em></strong></span> <span class='ocrx_word' id='word_1_416' title='bbox 4225 1655 4328 1711; x_wconf 90' lang='lat' dir='ltr'><strong><em>est</em></strong></span> <span class='ocrx_word' id='word_1_417' title='bbox 4370 1645 4658 1730; x_wconf 87' lang='lat' dir='ltr'><strong><em>pruden-</em></strong></span> 
     </span>
     <span class='ocr_line' id='line_1_64' title="bbox 2710 1730 4662 1817; baseline -0.001 -19"><span class='ocrx_word' id='word_1_418' title='bbox 2710 1735 3002 1800; x_wconf 89' lang='lat' dir='ltr'><strong><em>tissimus</em></strong></span> <span class='ocrx_word' id='word_1_419' title='bbox 3047 1746 3112 1798; x_wconf 88' lang='grc'><strong><em>01</em></strong></span> <span class='ocrx_word' id='word_1_420' title='bbox 3150 1734 3437 1798; x_wconf 87' lang='lat' dir='ltr'><strong><em>maxime</em></strong></span> <span class='ocrx_word' id='word_1_421' title='bbox 3493 1733 3640 1817; x_wconf 90' lang='lat' dir='ltr'><strong><em>pius</em></strong></span> <span class='ocrx_word' id='word_1_422' title='bbox 3699 1733 3767 1796; x_wconf 91' lang='lat' dir='ltr'><strong><em>in</em></strong></span> <span class='ocrx_word' id='word_1_423' title='bbox 3825 1733 4392 1798; x_wconf 87' lang='lat' dir='ltr'><strong><em>administratione</em></strong></span> <span class='ocrx_word' id='word_1_424' title='bbox 4450 1730 4574 1797; x_wconf 91' lang='lat' dir='ltr'><strong><em>sibi</em></strong></span> <span class='ocrx_word' id='word_1_425' title='bbox 4621 1754 4662 1797; x_wconf 91' lang='lat' dir='ltr'><strong><em>a</em></strong></span> 
     </span>
     <span class='ocr_line' id='line_1_65' title="bbox 2716 1817 4660 1901; baseline -0.001 -16"><span class='ocrx_word' id='word_1_426' title='bbox 2716 1823 2993 1886; x_wconf 92' lang='lat' dir='ltr'><strong><em>Domino</em></strong></span> <span class='ocrx_word' id='word_1_427' title='bbox 3052 1820 3319 1898; x_wconf 85' lang='lat' dir='ltr'><strong><em>tradita,</em></strong></span> <span class='ocrx_word' id='word_1_428' title='bbox 3379 1831 3552 1884; x_wconf 88' lang='lat' dir='ltr'><strong><em>certe</em></strong></span> <span class='ocrx_word' id='word_1_429' title='bbox 3617 1817 3785 1881; x_wconf 89' lang='lat' dir='ltr'><strong><em>nihil</em></strong></span> <span class='ocrx_word' id='word_1_430' title='bbox 3853 1840 4141 1901; x_wconf 89' lang='lat' dir='ltr'><strong><em>unquam</em></strong></span> <span class='ocrx_word' id='word_1_431' title='bbox 4202 1819 4660 1884; x_wconf 82' lang='lat' dir='ltr'><strong><em>vehementius</em></strong></span> 
     </span>
     <span class='ocr_line' id='line_1_66' title="bbox 2711 1902 4664 1989; baseline -0.001 -19"><span class='ocrx_word' id='word_1_432' title='bbox 2711 1907 3053 1971; x_wconf 77' lang='lat' dir='ltr'><strong><em>exhorruit</em></strong></span> <span class='ocrx_word' id='word_1_433' title='bbox 3109 1927 3307 1989; x_wconf 90' lang='lat' dir='ltr'><strong><em>quam</em></strong></span> <span class='ocrx_word' id='word_1_434' title='bbox 3365 1913 3440 1969; x_wconf 90' lang='lat' dir='ltr'><strong><em>ut</em></strong></span> <span class='ocrx_word' id='word_1_435' title='bbox 3484 1903 3565 1968; x_wconf 86' lang='lat' dir='ltr'><strong><em>ad</em></strong></span> <span class='ocrx_word' id='word_1_436' title='bbox 3624 1902 4029 1968; x_wconf 88' lang='lat' dir='ltr'><strong><em>fundendum</em></strong></span> <span class='ocrx_word' id='word_1_437' title='bbox 4076 1905 4246 1968; x_wconf 86' lang='lat' dir='ltr'><strong><em>inter</em></strong></span> <span class='ocrx_word' id='word_1_438' title='bbox 4290 1907 4467 1970; x_wconf 82' lang='lat' dir='ltr'><strong><em>cives</em></strong></span> <span class='ocrx_word' id='word_1_439' title='bbox 4512 1926 4664 1970; x_wconf 88' lang='grc'><strong>8811-</strong></span> 
     </span>
     <span class='ocr_line' id='line_1_67' title="bbox 2710 1989 4666 2075; baseline 0 -20"><span class='ocrx_word' id='word_1_440' title='bbox 2710 1994 2974 2075; x_wconf 85' lang='lat' dir='ltr'><strong><em>guinem</em></strong></span> <span class='ocrx_word' id='word_1_441' title='bbox 3022 1994 3375 2056; x_wconf 85' lang='lat' dir='ltr'><strong><em>veniretur.</em></strong></span> <span class='ocrx_word' id='word_1_442' title='bbox 3444 1991 3581 2055; x_wconf 88' lang='lat' dir='ltr'><strong><em>Nec</em></strong></span> <span class='ocrx_word' id='word_1_443' title='bbox 3617 1989 3792 2053; x_wconf 89' lang='lat' dir='ltr'><strong><em>enim</em></strong></span> <span class='ocrx_word' id='word_1_444' title='bbox 3827 1990 4093 2074; x_wconf 89' lang='lat' dir='ltr'><strong><em>ignorat</em></strong></span> <span class='ocrx_word' id='word_1_445' title='bbox 4135 2011 4330 2072; x_wconf 88' lang='lat' dir='ltr'><strong><em>quam</em></strong></span> <span class='ocrx_word' id='word_1_446' title='bbox 4375 1990 4463 2055; x_wconf 87' lang='lat' dir='ltr'><strong><em>sit</em></strong></span> <span class='ocrx_word' id='word_1_447' title='bbox 4494 1989 4666 2055; x_wconf 90' lang='lat' dir='ltr'><strong><em>illud</em></strong></span> 
     </span>
     <span class='ocr_line' id='line_1_68' title="bbox 2710 2075 4665 2158; baseline -0.001 -17"><span class='ocrx_word' id='word_1_448' title='bbox 2710 2076 3196 2141; x_wconf 86' lang='lat' dir='ltr'><strong><em>formidandum</em></strong></span> <span class='ocrx_word' id='word_1_449' title='bbox 3238 2078 3308 2141; x_wconf 89' lang='lat' dir='ltr'><strong><em>in</em></strong></span> <span class='ocrx_word' id='word_1_450' title='bbox 3346 2076 3617 2141; x_wconf 84' lang='lat' dir='ltr'><strong><em>eeclesia</em></strong></span> <span class='ocrx_word' id='word_1_451' title='bbox 3638 2075 3784 2152; x_wconf 91' lang='lat' dir='ltr'><strong><em>Dei,</em></strong></span> <span class='ocrx_word' id='word_1_452' title='bbox 3832 2096 4154 2158; x_wconf 90' lang='lat' dir='ltr'><strong><em>quamque</em></strong></span> <span class='ocrx_word' id='word_1_453' title='bbox 4200 2076 4665 2158; x_wconf 87' lang='lat' dir='ltr'><strong><em>perniciosum,</em></strong></span> 
     </span>
     <span class='ocr_line' id='line_1_69' title="bbox 2710 2161 4666 2246; baseline 0.001 -20"><span class='ocrx_word' id='word_1_454' title='bbox 2710 2164 3094 2245; x_wconf 87' lang='lat' dir='ltr'><strong><em>praesertim</em></strong></span> <span class='ocrx_word' id='word_1_455' title='bbox 3154 2164 3222 2227; x_wconf 94' lang='lat' dir='ltr'><strong><em>in</em></strong></span> <span class='ocrx_word' id='word_1_456' title='bbox 3282 2161 3656 2246; x_wconf 86' lang='lat' dir='ltr'><strong><em>evangelico</em></strong></span> <span class='ocrx_word' id='word_1_457' title='bbox 3711 2161 3989 2244; x_wconf 86' lang='lat' dir='ltr'><strong><em>negotio.</em></strong></span> <span class='ocrx_word' id='word_1_458' title='bbox 4104 2161 4336 2243; x_wconf 90' lang='lat' dir='ltr'><strong><em>Itaque</em></strong></span> <span class='ocrx_word' id='word_1_459' title='bbox 4396 2162 4469 2225; x_wconf 90' lang='lat' dir='ltr'><strong><em>in</em></strong></span> <span class='ocrx_word' id='word_1_460' title='bbox 4539 2162 4666 2227; x_wconf 91' lang='grc'><strong>1180</strong></span> 
     </span>
     <span class='ocr_line' id='line_1_70' title="bbox 2713 2246 4668 2313; baseline -0.001 -1"><span class='ocrx_word' id='word_1_461' title='bbox 2713 2261 2850 2313; x_wconf 88' lang='lat' dir='ltr'><strong><em>tota</em></strong></span> <span class='ocrx_word' id='word_1_462' title='bbox 2906 2257 2971 2313; x_wconf 90' lang='lat' dir='ltr'><strong><em>et</em></strong></span> <span class='ocrx_word' id='word_1_463' title='bbox 3037 2257 3175 2312; x_wconf 86' lang='lat' dir='ltr'><strong><em>tam</em></strong></span> <span class='ocrx_word' id='word_1_464' title='bbox 3232 2248 3488 2312; x_wconf 87' lang='lat' dir='ltr'><strong><em>diutina</em></strong></span> <span class='ocrx_word' id='word_1_465' title='bbox 3545 2247 3789 2312; x_wconf 86' lang='lat' dir='ltr'><strong><em>civium</em></strong></span> <span class='ocrx_word' id='word_1_466' title='bbox 3846 2247 4264 2312; x_wconf 89' lang='lat' dir='ltr'><strong><em>contentione</em></strong></span> <span class='ocrx_word' id='word_1_467' title='bbox 4323 2246 4492 2311; x_wconf 90' lang='lat' dir='ltr'><strong><em>nihil</em></strong></span> <span class='ocrx_word' id='word_1_468' title='bbox 4541 2270 4668 2312; x_wconf 90' lang='lat' dir='ltr'><strong><em>un-</em></strong></span> 
     </span>
     <span class='ocr_line' id='line_1_71' title="bbox 2712 2332 4670 2418; baseline -0.001 -19"><span class='ocrx_word' id='word_1_469' title='bbox 2712 2357 2909 2418; x_wconf 88' lang='lat' dir='ltr'><strong><em>quam</em></strong></span> <span class='ocrx_word' id='word_1_470' title='bbox 2946 2356 3064 2399; x_wconf 91' lang='lat' dir='ltr'><strong><em>nec</em></strong></span> <span class='ocrx_word' id='word_1_471' title='bbox 3100 2346 3345 2398; x_wconf 86' lang='lat' dir='ltr'><strong><em>temere</em></strong></span> <span class='ocrx_word' id='word_1_472' title='bbox 3382 2355 3500 2398; x_wconf 90' lang='lat' dir='ltr'><strong><em>nec</em></strong></span> <span class='ocrx_word' id='word_1_473' title='bbox 3538 2333 3827 2397; x_wconf 89' lang='lat' dir='ltr'><strong><em>humano</em></strong></span> <span class='ocrx_word' id='word_1_474' title='bbox 3864 2333 4099 2398; x_wconf 88' lang='lat' dir='ltr'><strong><em>affectu</em></strong></span> <span class='ocrx_word' id='word_1_475' title='bbox 4138 2332 4503 2397; x_wconf 84' lang='lat' dir='ltr'><strong><em>faciendum</em></strong></span> <span class='ocrx_word' id='word_1_476' title='bbox 4542 2354 4670 2415; x_wconf 90' lang='lat' dir='ltr'><strong><em>pu-</em></strong></span> 
     </span>
     <span class='ocr_line' id='line_1_72' title="bbox 2713 2419 4671 2502; baseline -0.001 -19"><span class='ocrx_word' id='word_1_477' title='bbox 2713 2423 2907 2485; x_wconf 86' lang='lat' dir='ltr'><strong><em>tavit:</em></strong></span> <span class='ocrx_word' id='word_1_478' title='bbox 2971 2420 3085 2484; x_wconf 89' lang='lat' dir='ltr'><strong><em>sed</em></strong></span> <span class='ocrx_word' id='word_1_479' title='bbox 3142 2440 3399 2502; x_wconf 88' lang='lat' dir='ltr'><strong><em>semper</em></strong></span> <span class='ocrx_word' id='word_1_480' title='bbox 3456 2427 3665 2483; x_wconf 91' lang='lat' dir='ltr'><strong><em>totum</em></strong></span> <span class='ocrx_word' id='word_1_481' title='bbox 3712 2439 3855 2483; x_wconf 90' lang='lat' dir='ltr'><strong><em>sese</em></strong></span> <span class='ocrx_word' id='word_1_482' title='bbox 3901 2420 4200 2501; x_wconf 89' lang='lat' dir='ltr'><strong><em>permisit</em></strong></span> <span class='ocrx_word' id='word_1_483' title='bbox 4243 2419 4518 2483; x_wconf 89' lang='lat' dir='ltr'><strong><em>Domini</em></strong></span> <span class='ocrx_word' id='word_1_484' title='bbox 4566 2420 4671 2482; x_wconf 91' lang='lat' dir='ltr'><strong><em>iu·</em></strong></span> 
     </span>
     <span class='ocr_line' id='line_1_73' title="bbox 2714 2504 4674 2586; baseline -0.002 -15"><span class='ocrx_word' id='word_1_485' title='bbox 2714 2506 2882 2571; x_wconf 92' lang='lat' dir='ltr'><strong><em>dicio</em></strong></span> <span class='ocrx_word' id='word_1_486' title='bbox 2927 2527 3002 2571; x_wconf 89' lang='lat' dir='ltr'><strong><em>ac</em></strong></span> <span class='ocrx_word' id='word_1_487' title='bbox 3040 2505 3384 2582; x_wconf 85' lang='lat' dir='ltr'><strong><em>voluntati,</em></strong></span> <span class='ocrx_word' id='word_1_488' title='bbox 3430 2525 3625 2586; x_wconf 89' lang='lat' dir='ltr'><strong><em>quam</em></strong></span> <span class='ocrx_word' id='word_1_489' title='bbox 3662 2504 3930 2586; x_wconf 87' lang='lat' dir='ltr'><strong><em>spiritus</em></strong></span> <span class='ocrx_word' id='word_1_490' title='bbox 3965 2513 4231 2568; x_wconf 86' lang='lat' dir='ltr'><strong><em>sanctus</em></strong></span> <span class='ocrx_word' id='word_1_491' title='bbox 4265 2526 4347 2568; x_wconf 81' lang='lat' dir='ltr'><strong><em>ex</em></strong></span> <span class='ocrx_word' id='word_1_492' title='bbox 4386 2505 4674 2568; x_wconf 81' lang='lat' dir='ltr'><strong><em>fratrum</em></strong></span> 
     </span>
     <span class='ocr_line' id='line_1_74' title="bbox 2714 2590 4673 2673; baseline -0.002 -16"><span class='ocrx_word' id='word_1_493' title='bbox 2714 2592 2982 2657; x_wconf 88' lang='lat' dir='ltr'><strong><em>consilio</em></strong></span> <span class='ocrx_word' id='word_1_494' title='bbox 3021 2600 3086 2656; x_wconf 93' lang='lat' dir='ltr'><strong><em>et</em></strong></span> <span class='ocrx_word' id='word_1_495' title='bbox 3119 2590 3419 2655; x_wconf 89' lang='lat' dir='ltr'><strong><em>unanimi</em></strong></span> <span class='ocrx_word' id='word_1_496' title='bbox 3456 2590 3782 2655; x_wconf 89' lang='lat' dir='ltr'><strong><em>sententia</em></strong></span> <span class='ocrx_word' id='word_1_497' title='bbox 3817 2590 4155 2673; x_wconf 88' lang='lat' dir='ltr'><strong><em>perspicue</em></strong></span> <span class='ocrx_word' id='word_1_498' title='bbox 4191 2590 4673 2672; x_wconf 86' lang='lat' dir='ltr'><strong><em>comprobaret.</em></strong></span> 
     </span>
     <span class='ocr_line' id='line_1_75' title="bbox 2715 2674 4675 2753; baseline -0.002 -10"><span class='ocrx_word' id='word_1_499' title='bbox 2715 2677 2829 2744; x_wconf 81' lang='lat' dir='ltr'><strong><em>Sic</em></strong></span> <span class='ocrx_word' id='word_1_500' title='bbox 2875 2678 3049 2741; x_wconf 90' lang='lat' dir='ltr'><strong><em>enim</em></strong></span> <span class='ocrx_word' id='word_1_501' title='bbox 3097 2674 3373 2741; x_wconf 88' lang='lat' dir='ltr'><strong><em>dicebat:</em></strong></span> <span class='ocrx_word' id='word_1_502' title='bbox 3423 2675 3584 2741; x_wconf 79' lang='lat' dir='ltr'><strong><em>Sive</em></strong></span> <span class='ocrx_word' id='word_1_503' title='bbox 3628 2696 3893 2739; x_wconf 88' lang='lat' dir='ltr'><strong><em>manere</em></strong></span> <span class='ocrx_word' id='word_1_504' title='bbox 3939 2697 4060 2753; x_wconf 90' lang='lat' dir='ltr'><strong><em>me,</em></strong></span> <span class='ocrx_word' id='word_1_505' title='bbox 4120 2676 4257 2740; x_wconf 85' lang='lat' dir='ltr'><strong><em>sive</em></strong></span> <span class='ocrx_word' id='word_1_506' title='bbox 4302 2675 4482 2739; x_wconf 86' lang='lat' dir='ltr'><strong><em>abire</em></strong></span> <span class='ocrx_word' id='word_1_507' title='bbox 4532 2685 4675 2739; x_wconf 87' lang='lat' dir='ltr'><strong><em>sta-</em></strong></span> 
     </span>
     <span class='ocr_line' id='line_1_76' title="bbox 2715 2761 4681 2839; baseline -0.002 -11"><span class='ocrx_word' id='word_1_508' title='bbox 2715 2764 2915 2828; x_wconf 84' lang='lat' dir='ltr'><strong><em>tuerit</em></strong></span> <span class='ocrx_word' id='word_1_509' title='bbox 2957 2764 3299 2839; x_wconf 85' lang='lat' dir='ltr'><strong><em>Dominus,</em></strong></span> <span class='ocrx_word' id='word_1_510' title='bbox 3348 2761 3512 2825; x_wconf 90' lang='lat' dir='ltr'><strong><em>nihil</em></strong></span> <span class='ocrx_word' id='word_1_511' title='bbox 3559 2782 3706 2825; x_wconf 87' lang='lat' dir='ltr'><strong><em>mea</em></strong></span> <span class='ocrx_word' id='word_1_512' title='bbox 3748 2763 3963 2839; x_wconf 82' lang='lat' dir='ltr'><strong><em>refert,</em></strong></span> <span class='ocrx_word' id='word_1_513' title='bbox 4011 2761 4177 2824; x_wconf 90' lang='lat' dir='ltr'><strong><em>nihil</em></strong></span> <span class='ocrx_word' id='word_1_514' title='bbox 4220 2780 4455 2838; x_wconf 88' lang='lat' dir='ltr'><strong><em>moror,</em></strong></span> <span class='ocrx_word' id='word_1_515' title='bbox 4518 2781 4681 2826; x_wconf 88' lang='lat' dir='ltr'><strong><em>sum</em></strong></span> 
     </span>
     <span class='ocr_line' id='line_1_77' title="bbox 2716 2846 4680 2930; baseline -0.001 -18"><span class='ocrx_word' id='word_1_516' title='bbox 2716 2849 2890 2913; x_wconf 92' lang='lat' dir='ltr'><strong><em>enim</em></strong></span> <span class='ocrx_word' id='word_1_517' title='bbox 2939 2858 3204 2930; x_wconf 89' lang='lat' dir='ltr'><strong><em>paratus</em></strong></span> <span class='ocrx_word' id='word_1_518' title='bbox 3247 2848 3318 2910; x_wconf 92' lang='lat' dir='ltr'><strong><em>in</em></strong></span> <span class='ocrx_word' id='word_1_519' title='bbox 3362 2855 3742 2928; x_wconf 87' lang='lat' dir='ltr'><strong><em>utrumqne:</em></strong></span> <span class='ocrx_word' id='word_1_520' title='bbox 3806 2846 3920 2911; x_wconf 89' lang='lat' dir='ltr'><strong><em>sed</em></strong></span> <span class='ocrx_word' id='word_1_521' title='bbox 3977 2868 4176 2927; x_wconf 90' lang='lat' dir='ltr'><strong><em>quum</em></strong></span> <span class='ocrx_word' id='word_1_522' title='bbox 4232 2848 4500 2911; x_wconf 92' lang='lat' dir='ltr'><strong><em>omnino</em></strong></span> <span class='ocrx_word' id='word_1_523' title='bbox 4565 2846 4680 2911; x_wconf 85' lang='lat' dir='ltr'><strong><em>hic</em></strong></span> 
     </span>
     <span class='ocr_line' id='line_1_78' title="bbox 2715 2932 4679 3018; baseline -0.003 -18"><span class='ocrx_word' id='word_1_524' title='bbox 2715 2943 2950 3018; x_wconf 90' lang='lat' dir='ltr'><strong><em>agatur</em></strong></span> <span class='ocrx_word' id='word_1_525' title='bbox 2995 2934 3075 2999; x_wconf 91' lang='lat' dir='ltr'><strong><em>de</em></strong></span> <span class='ocrx_word' id='word_1_526' title='bbox 3120 2933 3368 2999; x_wconf 83' lang='lat' dir='ltr'><strong><em>Christi</em></strong></span> <span class='ocrx_word' id='word_1_527' title='bbox 3426 2933 3674 2997; x_wconf 91' lang='lat' dir='ltr'><strong><em>honore</em></strong></span> <span class='ocrx_word' id='word_1_528' title='bbox 3730 2940 3795 2996; x_wconf 91' lang='lat' dir='ltr'><strong><em>et</em></strong></span> <span class='ocrx_word' id='word_1_529' title='bbox 3851 2932 4085 3014; x_wconf 88' lang='lat' dir='ltr'><strong><em>gloria,</em></strong></span> <span class='ocrx_word' id='word_1_530' title='bbox 4144 2943 4338 3013; x_wconf 88' lang='lat' dir='ltr'><strong><em>atque</em></strong></span> <span class='ocrx_word' id='word_1_531' title='bbox 4396 2932 4466 2996; x_wconf 90' lang='lat' dir='ltr'><strong><em>id</em></strong></span> <span class='ocrx_word' id='word_1_532' title='bbox 4527 2953 4679 2997; x_wconf 91' lang='lat' dir='ltr'><strong><em>om-</em></strong></span> 
     </span>
     <span class='ocr_line' id='line_1_79' title="bbox 2715 3017 4681 3101; baseline -0.001 -18"><span class='ocrx_word' id='word_1_533' title='bbox 2715 3022 2899 3084; x_wconf 88' lang='lat' dir='ltr'><strong><em>nium</em></strong></span> <span class='ocrx_word' id='word_1_534' title='bbox 2943 3022 3227 3085; x_wconf 82' lang='lat' dir='ltr'><strong><em>maxime</em></strong></span> <span class='ocrx_word' id='word_1_535' title='bbox 3283 3019 3545 3083; x_wconf 86' lang='lat' dir='ltr'><strong><em>intersit</em></strong></span> <span class='ocrx_word' id='word_1_536' title='bbox 3596 3017 4050 3094; x_wconf 88' lang='lat' dir='ltr'><strong><em>ecclesiarum,</em></strong></span> <span class='ocrx_word' id='word_1_537' title='bbox 4106 3017 4465 3083; x_wconf 90' lang='lat' dir='ltr'><strong><em>cedendum</em></strong></span> <span class='ocrx_word' id='word_1_538' title='bbox 4516 3039 4681 3101; x_wconf 87' lang='lat' dir='ltr'><strong><em>pro-</em></strong></span> 
     </span>
     <span class='ocr_line' id='line_1_80' title="bbox 2714 3103 4681 3170; baseline -0.001 -1"><span class='ocrx_word' id='word_1_539' title='bbox 2714 3106 2882 3170; x_wconf 87' lang='lat' dir='ltr'><strong><em>fecto</em></strong></span> <span class='ocrx_word' id='word_1_540' title='bbox 2927 3126 3070 3170; x_wconf 91' lang='lat' dir='ltr'><strong><em>esse</em></strong></span> <span class='ocrx_word' id='word_1_541' title='bbox 3115 3126 3249 3170; x_wconf 92' lang='lat' dir='ltr'><strong><em>non</em></strong></span> <span class='ocrx_word' id='word_1_542' title='bbox 3286 3104 3568 3169; x_wconf 87' lang='lat' dir='ltr'><strong><em>arbitror</em></strong></span> <span class='ocrx_word' id='word_1_543' title='bbox 3611 3105 3751 3169; x_wconf 92' lang='grc'><strong>81110</strong></span> <span class='ocrx_word' id='word_1_544' title='bbox 3785 3103 4047 3168; x_wconf 85' lang='grc'><strong>1118111111</strong></span> <span class='ocrx_word' id='word_1_545' title='bbox 4080 3105 4446 3169; x_wconf 86' lang='grc' dir='ltr'><strong>00111881ωο</strong></span> <span class='ocrx_word' id='word_1_546' title='bbox 4494 3103 4681 3168; x_wconf 90' lang='lat' dir='ltr'><strong><em>iudi-</em></strong></span> 
     </span>
     <span class='ocr_line' id='line_1_81' title="bbox 2714 3188 4686 3274; baseline -0.002 -17"><span class='ocrx_word' id='word_1_547' title='bbox 2714 3192 2811 3257; x_wconf 91' lang='lat' dir='ltr'><strong><em>cio</em></strong></span> <span class='ocrx_word' id='word_1_548' title='bbox 2877 3199 3071 3274; x_wconf 89' lang='lat' dir='ltr'><strong><em>atque</em></strong></span> <span class='ocrx_word' id='word_1_549' title='bbox 3138 3190 3602 3273; x_wconf 87' lang='lat' dir='ltr'><strong><em>approbatione</em></strong></span> <span class='ocrx_word' id='word_1_550' title='bbox 3667 3189 3981 3272; x_wconf 87' lang='lat' dir='ltr'><strong><em>legitima.</em></strong></span> <span class='ocrx_word' id='word_1_551' title='bbox 4086 3188 4537 3269; x_wconf 79' lang='lat' dir='ltr'><strong><em>Quamobrem</em></strong></span> <span class='ocrx_word' id='word_1_552' title='bbox 4611 3198 4686 3254; x_wconf 86' lang='lat' dir='ltr'><strong><em>et</em></strong></span> 
     </span>
     <span class='ocr_line' id='line_1_82' title="bbox 2717 3276 4685 3360; baseline -0.001 -20"><span class='ocrx_word' id='word_1_553' title='bbox 2717 3299 2834 3343; x_wconf 91' lang='lat' dir='ltr'><strong><em>nos</em></strong></span> <span class='ocrx_word' id='word_1_554' title='bbox 2877 3278 2957 3341; x_wconf 86' lang='lat' dir='ltr'><strong><em>ad</em></strong></span> <span class='ocrx_word' id='word_1_555' title='bbox 3005 3299 3227 3360; x_wconf 90' lang='lat' dir='ltr'><strong><em>preces</em></strong></span> <span class='ocrx_word' id='word_1_556' title='bbox 3270 3276 3564 3341; x_wconf 89' lang='lat' dir='ltr'><strong><em>assiduas</em></strong></span> <span class='ocrx_word' id='word_1_557' title='bbox 3609 3276 4027 3352; x_wconf 87' lang='lat' dir='ltr'><strong><em>hortabatur,</em></strong></span> <span class='ocrx_word' id='word_1_558' title='bbox 4089 3283 4154 3338; x_wconf 88' lang='lat' dir='ltr'><strong><em>et</em></strong></span> <span class='ocrx_word' id='word_1_559' title='bbox 4206 3277 4273 3339; x_wconf 93' lang='lat' dir='ltr'><strong><em>in</em></strong></span> <span class='ocrx_word' id='word_1_560' title='bbox 4333 3283 4685 3339; x_wconf 84' lang='lat' dir='ltr'><strong><em>conventu</em></strong></span> 
     </span>
     <span class='ocr_line' id='line_1_83' title="bbox 2714 3360 4688 3438; baseline -0.001 -12"><span class='ocrx_word' id='word_1_561' title='bbox 2714 3372 2937 3428; x_wconf 86' lang='lat' dir='ltr'><strong><em>nostro</em></strong></span> <span class='ocrx_word' id='word_1_562' title='bbox 2980 3365 3152 3427; x_wconf 89' lang='lat' dir='ltr'><strong><em>inter</em></strong></span> <span class='ocrx_word' id='word_1_563' title='bbox 3192 3371 3480 3428; x_wconf 88' lang='lat' dir='ltr'><strong><em>caeteros</em></strong></span> <span class='ocrx_word' id='word_1_564' title='bbox 3525 3383 3657 3426; x_wconf 86' lang='lat' dir='ltr'><strong><em>non</em></strong></span> <span class='ocrx_word' id='word_1_565' title='bbox 3703 3361 3904 3424; x_wconf 90' lang='lat' dir='ltr'><strong><em>semol</em></strong></span> <span class='ocrx_word' id='word_1_566' title='bbox 3949 3361 4231 3438; x_wconf 88' lang='lat' dir='ltr'><strong><em>censuit,</em></strong></span> <span class='ocrx_word' id='word_1_567' title='bbox 4285 3369 4361 3425; x_wconf 91' lang='lat' dir='ltr'><strong><em>ut</em></strong></span> <span class='ocrx_word' id='word_1_568' title='bbox 4414 3360 4500 3425; x_wconf 87' lang='lat' dir='ltr'><strong><em>de</em></strong></span> <span class='ocrx_word' id='word_1_569' title='bbox 4549 3360 4688 3426; x_wconf 87' lang='lat' dir='ltr'><strong><em>hac</em></strong></span> 
     </span>
     <span class='ocr_line' id='line_1_84' title="bbox 2713 3447 4687 3532; baseline -0.001 -20"><span class='ocrx_word' id='word_1_570' title='bbox 2713 3470 2784 3515; x_wconf 91' lang='lat' dir='ltr'><strong><em>re</em></strong></span> <span class='ocrx_word' id='word_1_571' title='bbox 2827 3451 2971 3532; x_wconf 88' lang='lat' dir='ltr'><strong><em>ipsa</em></strong></span> <span class='ocrx_word' id='word_1_572' title='bbox 3013 3448 3379 3515; x_wconf 87' lang='lat' dir='ltr'><strong><em>consultum</em></strong></span> <span class='ocrx_word' id='word_1_573' title='bbox 3431 3447 3841 3511; x_wconf 89' lang='lat' dir='ltr'><strong><em>mitteremus</em></strong></span> <span class='ocrx_word' id='word_1_574' title='bbox 3899 3457 3964 3511; x_wconf 87' lang='lat' dir='ltr'><strong><em>et</em></strong></span> <span class='ocrx_word' id='word_1_575' title='bbox 4018 3455 4340 3511; x_wconf 88' lang='lat' dir='ltr'><strong><em>nostrates</em></strong></span> <span class='ocrx_word' id='word_1_576' title='bbox 4393 3455 4462 3510; x_wconf 88' lang='lat' dir='ltr'><strong><em>et</em></strong></span> <span class='ocrx_word' id='word_1_577' title='bbox 4521 3467 4687 3512; x_wconf 86' lang='lat' dir='ltr'><strong><em>ves-</em></strong></span> 
     </span>
     <span class='ocr_line' id='line_1_85' title="bbox 2716 3531 4688 3614; baseline -0.002 -15"><span class='ocrx_word' id='word_1_578' title='bbox 2716 3545 2916 3599; x_wconf 88' lang='lat' dir='ltr'><strong><em>trates</em></strong></span> <span class='ocrx_word' id='word_1_579' title='bbox 2962 3535 3281 3600; x_wconf 85' lang='lat' dir='ltr'><strong><em>ecclesias.</em></strong></span> <span class='ocrx_word' id='word_1_580' title='bbox 3372 3531 3562 3613; x_wconf 81' lang='lat' dir='ltr'><strong><em>Quod</em></strong></span> <span class='ocrx_word' id='word_1_581' title='bbox 3621 3554 3823 3614; x_wconf 90' lang='lat' dir='ltr'><strong><em>quum</em></strong></span> <span class='ocrx_word' id='word_1_582' title='bbox 3870 3531 4217 3614; x_wconf 84' lang='lat' dir='ltr'><strong><em>diligenter</em></strong></span> <span class='ocrx_word' id='word_1_583' title='bbox 4259 3532 4688 3610; x_wconf 85' lang='lat' dir='ltr'><strong><em>fecissemus,</em></strong></span> 
     </span>
     <span class='ocr_line' id='line_1_86' title="bbox 2713 3617 4691 3700; baseline -0.002 -14"><span class='ocrx_word' id='word_1_584' title='bbox 2713 3642 2939 3686; x_wconf 89' lang='lat' dir='ltr'><strong><em>omnes</em></strong></span> <span class='ocrx_word' id='word_1_585' title='bbox 2976 3620 3284 3685; x_wconf 88' lang='lat' dir='ltr'><strong><em>ecclesiae</em></strong></span> <span class='ocrx_word' id='word_1_586' title='bbox 3315 3641 3445 3683; x_wconf 89' lang='lat' dir='ltr'><strong><em>uno</em></strong></span> <span class='ocrx_word' id='word_1_587' title='bbox 3482 3618 3833 3700; x_wconf 89' lang='lat' dir='ltr'><strong><em>eodemque</em></strong></span> <span class='ocrx_word' id='word_1_588' title='bbox 3868 3617 4183 3682; x_wconf 87' lang='lat' dir='ltr'><strong><em>instinctu</em></strong></span> <span class='ocrx_word' id='word_1_589' title='bbox 4207 3625 4400 3699; x_wconf 86' lang='lat' dir='ltr'><strong><em>atque</em></strong></span> <span class='ocrx_word' id='word_1_590' title='bbox 4435 3619 4691 3682; x_wconf 88' lang='lat' dir='ltr'><strong><em>afflatu</em></strong></span> 
     </span>
     <span class='ocr_line' id='line_1_87' title="bbox 2714 3703 4690 3789; baseline -0.002 -18"><span class='ocrx_word' id='word_1_591' title='bbox 2714 3707 2983 3789; x_wconf 89' lang='lat' dir='ltr'><strong><em>spiritus</em></strong></span> <span class='ocrx_word' id='word_1_592' title='bbox 3040 3707 3165 3770; x_wconf 90' lang='lat' dir='ltr'><strong><em>Dei</em></strong></span> <span class='ocrx_word' id='word_1_593' title='bbox 3224 3703 3729 3787; x_wconf 88' lang='lat' dir='ltr'><strong><em>responderunt,</em></strong></span> <span class='ocrx_word' id='word_1_594' title='bbox 3788 3703 3955 3767; x_wconf 90' lang='lat' dir='ltr'><strong><em>nihil</em></strong></span> <span class='ocrx_word' id='word_1_595' title='bbox 4010 3724 4145 3767; x_wconf 91' lang='lat' dir='ltr'><strong><em>non</em></strong></span> <span class='ocrx_word' id='word_1_596' title='bbox 4200 3725 4341 3767; x_wconf 82' lang='lat' dir='ltr'><strong><em>esse</em></strong></span> <span class='ocrx_word' id='word_1_597' title='bbox 4399 3712 4690 3768; x_wconf 87' lang='lat' dir='ltr'><strong><em>tentan-</em></strong></span> 
     </span>
     <span class='ocr_line' id='line_1_88' title="bbox 2714 3787 4695 3873; baseline -0.002 -17"><span class='ocrx_word' id='word_1_598' title='bbox 2714 3792 2890 3869; x_wconf 91' lang='lat' dir='ltr'><strong><em>dum,</em></strong></span> <span class='ocrx_word' id='word_1_599' title='bbox 2937 3791 3107 3873; x_wconf 86' lang='lat' dir='ltr'><strong><em>quod</em></strong></span> <span class='ocrx_word' id='word_1_600' title='bbox 3151 3791 3414 3873; x_wconf 90' lang='lat' dir='ltr'><strong><em>quidem</em></strong></span> <span class='ocrx_word' id='word_1_601' title='bbox 3471 3790 3693 3855; x_wconf 89' lang='lat' dir='ltr'><strong><em>liceret</em></strong></span> <span class='ocrx_word' id='word_1_602' title='bbox 3749 3810 3866 3871; x_wconf 90' lang='lat' dir='ltr'><strong><em>per</em></strong></span> <span class='ocrx_word' id='word_1_603' title='bbox 3912 3788 4181 3853; x_wconf 81' lang='lat' dir='ltr'><strong><em>verbum</em></strong></span> <span class='ocrx_word' id='word_1_604' title='bbox 4226 3787 4540 3864; x_wconf 88' lang='lat' dir='ltr'><strong><em>Domini,</em></strong></span> <span class='ocrx_word' id='word_1_605' title='bbox 4610 3799 4695 3853; x_wconf 88' lang='lat' dir='ltr'><strong><em>ut</em></strong></span> 
     </span>
     <span class='ocr_line' id='line_1_89' title="bbox 2717 3874 4693 3952; baseline -0.002 -9"><span class='ocrx_word' id='word_1_606' title='bbox 2717 3878 3015 3943; x_wconf 79' lang='lat' dir='ltr'><strong><em>Farcllus</em></strong></span> <span class='ocrx_word' id='word_1_607' title='bbox 3040 3877 3433 3940; x_wconf 87' lang='lat' dir='ltr'><strong><em>retineretur</em></strong></span> <span class='ocrx_word' id='word_1_608' title='bbox 3451 3876 3523 3939; x_wconf 91' lang='lat' dir='ltr'><strong><em>in</em></strong></span> <span class='ocrx_word' id='word_1_609' title='bbox 3546 3874 4105 3940; x_wconf 77' lang='lat' dir='ltr'><strong><em>administratione</em></strong></span> <span class='ocrx_word' id='word_1_610' title='bbox 4120 3874 4315 3938; x_wconf 87' lang='grc'><strong>11111118</strong></span> <span class='ocrx_word' id='word_1_611' title='bbox 4332 3874 4693 3952; x_wconf 84' lang='lat' dir='ltr'><strong><em>ccclesiae,</em></strong></span> 
     </span>
     <span class='ocr_line' id='line_1_90' title="bbox 2715 3960 4698 4046; baseline -0.001 -20"><span class='ocrx_word' id='word_1_612' title='bbox 2715 3984 2911 4046; x_wconf 89' lang='lat' dir='ltr'><strong><em>quam</em></strong></span> <span class='ocrx_word' id='word_1_613' title='bbox 2941 3963 3255 4045; x_wconf 87' lang='lat' dir='ltr'><strong><em>privatim</em></strong></span> <span class='ocrx_word' id='word_1_614' title='bbox 3278 3971 3411 4024; x_wconf 84' lang='lat' dir='ltr'><strong><em>tam</em></strong></span> <span class='ocrx_word' id='word_1_615' title='bbox 3446 3972 3679 4032; x_wconf 79' lang='grc'><strong>8811018</strong></span> <span class='ocrx_word' id='word_1_616' title='bbox 3693 3960 4006 4025; x_wconf 86' lang='lat' dir='ltr'><strong><em>electione</em></strong></span> <span class='ocrx_word' id='word_1_617' title='bbox 4026 3968 4292 4040; x_wconf 87' lang='lat' dir='ltr'><strong><em>tamque</em></strong></span> <span class='ocrx_word' id='word_1_618' title='bbox 4316 3961 4698 4025; x_wconf 83' lang='lat' dir='ltr'><strong><em>manifesta</em></strong></span> 
     </span>
     <span class='ocr_line' id='line_1_91' title="bbox 2716 4045 4695 4131; baseline -0.001 -19"><span class='ocrx_word' id='word_1_619' title='bbox 2716 4059 2782 4113; x_wconf 89' lang='lat' dir='ltr'><strong><em>et</em></strong></span> <span class='ocrx_word' id='word_1_620' title='bbox 2810 4049 3105 4131; x_wconf 88' lang='lat' dir='ltr'><strong><em>legitima</em></strong></span> <span class='ocrx_word' id='word_1_621' title='bbox 3143 4047 3478 4112; x_wconf 86' lang='lat' dir='ltr'><strong><em>vocatione</em></strong></span> <span class='ocrx_word' id='word_1_622' title='bbox 3516 4047 3653 4127; x_wconf 91' lang='lat' dir='ltr'><strong><em>ipse</em></strong></span> <span class='ocrx_word' id='word_1_623' title='bbox 3678 4045 3979 4111; x_wconf 82' lang='lat' dir='ltr'><strong><em>Christus</em></strong></span> <span class='ocrx_word' id='word_1_624' title='bbox 4003 4057 4069 4110; x_wconf 88' lang='lat' dir='ltr'><strong><em>et</em></strong></span> <span class='ocrx_word' id='word_1_625' title='bbox 4090 4046 4356 4129; x_wconf 85' lang='lat' dir='ltr'><strong><em>spiritus</em></strong></span> <span class='ocrx_word' id='word_1_626' title='bbox 4394 4057 4695 4111; x_wconf 87' lang='lat' dir='ltr'><strong><em>sanctus</em></strong></span> 
     </span>
     <span class='ocr_line' id='line_1_92' title="bbox 2714 4131 4700 4214; baseline -0.001 -16"><span class='ocrx_word' id='word_1_627' title='bbox 2714 4135 2811 4198; x_wconf 90' lang='lat' dir='ltr'><strong><em>illi</em></strong></span> <span class='ocrx_word' id='word_1_628' title='bbox 2850 4135 3297 4198; x_wconf 85' lang='lat' dir='ltr'><strong><em>commisisset.</em></strong></span> <span class='ocrx_word' id='word_1_629' title='bbox 3365 4131 3554 4212; x_wconf 75' lang='lat' dir='ltr'><strong><em>Quae</em></strong></span> <span class='ocrx_word' id='word_1_630' title='bbox 3575 4131 3834 4214; x_wconf 89' lang='lat' dir='ltr'><strong><em>quidem</em></strong></span> <span class='ocrx_word' id='word_1_631' title='bbox 3873 4131 4293 4196; x_wconf 84' lang='lat' dir='ltr'><strong><em>ecclesiarum</em></strong></span> <span class='ocrx_word' id='word_1_632' title='bbox 4332 4133 4700 4198; x_wconf 84' lang='lat' dir='ltr'><strong><em>sententia.</em></strong></span> 
     </span>
     <span class='ocr_line' id='line_1_93' title="bbox 2715 4216 4697 4299; baseline -0.001 -15"><span class='ocrx_word' id='word_1_633' title='bbox 2715 4221 2808 4284; x_wconf 88' lang='lat' dir='ltr'><strong><em>ita</em></strong></span> <span class='ocrx_word' id='word_1_634' title='bbox 2850 4222 3271 4284; x_wconf 85' lang='lat' dir='ltr'><strong><em>confirmarat</em></strong></span> <span class='ocrx_word' id='word_1_635' title='bbox 3305 4219 3447 4282; x_wconf 89' lang='lat' dir='ltr'><strong><em>eius</em></strong></span> <span class='ocrx_word' id='word_1_636' title='bbox 3483 4218 3778 4282; x_wconf 87' lang='lat' dir='ltr'><strong><em>animum</em></strong></span> <span class='ocrx_word' id='word_1_637' title='bbox 3824 4217 4059 4299; x_wconf 90' lang='lat' dir='ltr'><strong><em>alioqui</em></strong></span> <span class='ocrx_word' id='word_1_638' title='bbox 4104 4216 4697 4295; x_wconf 64' lang='lat' dir='ltr'><strong><em>instantissimum,</em></strong></span> 
     </span>
     <span class='ocr_line' id='line_1_94' title="bbox 2716 4301 4702 4388; baseline -0.001 -18"><span class='ocrx_word' id='word_1_639' title='bbox 2716 4315 2791 4370; x_wconf 91' lang='lat' dir='ltr'><strong><em>ut</em></strong></span> <span class='ocrx_word' id='word_1_640' title='bbox 2854 4306 2976 4370; x_wconf 90' lang='lat' dir='ltr'><strong><em>sibi</em></strong></span> <span class='ocrx_word' id='word_1_641' title='bbox 3045 4307 3258 4388; x_wconf 90' lang='lat' dir='ltr'><strong><em>potius</em></strong></span> <span class='ocrx_word' id='word_1_642' title='bbox 3338 4313 3614 4368; x_wconf 86' lang='lat' dir='ltr'><strong><em>mortem</em></strong></span> <span class='ocrx_word' id='word_1_643' title='bbox 3680 4302 4108 4385; x_wconf 83' lang='lat' dir='ltr'><strong><em>appetendam</em></strong></span> <span class='ocrx_word' id='word_1_644' title='bbox 4174 4324 4316 4367; x_wconf 90' lang='lat' dir='ltr'><strong><em>esse</em></strong></span> <span class='ocrx_word' id='word_1_645' title='bbox 4393 4301 4702 4368; x_wconf 83' lang='lat' dir='ltr'><strong><em>duceret</em></strong></span> 
     </span>
     <span class='ocr_line' id='line_1_95' title="bbox 2716 4387 4701 4475; baseline -0.001 -20"><span class='ocrx_word' id='word_1_646' title='bbox 2716 4412 2911 4475; x_wconf 88' lang='lat' dir='ltr'><strong><em>quam</em></strong></span> <span class='ocrx_word' id='word_1_647' title='bbox 2956 4389 3037 4455; x_wconf 89' lang='lat' dir='ltr'><strong><em>ab</em></strong></span> <span class='ocrx_word' id='word_1_648' title='bbox 3081 4411 3157 4454; x_wconf 89' lang='lat' dir='ltr'><strong><em>ea</em></strong></span> <span class='ocrx_word' id='word_1_649' title='bbox 3202 4391 3307 4454; x_wconf 83' lang='lat' dir='ltr'><strong><em>vel</em></strong></span> <span class='ocrx_word' id='word_1_650' title='bbox 3353 4390 3556 4454; x_wconf 90' lang='lat' dir='ltr'><strong><em>latum</em></strong></span> <span class='ocrx_word' id='word_1_651' title='bbox 3595 4409 3887 4472; x_wconf 90' lang='lat' dir='ltr'><strong><em>unguem</em></strong></span> <span class='ocrx_word' id='word_1_652' title='bbox 3931 4387 4410 4453; x_wconf 89' lang='lat' dir='ltr'><strong><em>discedendum.</em></strong></span> <span class='ocrx_word' id='word_1_653' title='bbox 4486 4389 4701 4470; x_wconf 76' lang='lat' dir='ltr'><strong><em>Quin</em></strong></span> 
     </span>
     <span class='ocr_line' id='line_1_96' title="bbox 2715 4471 4702 4559; baseline -0.001 -17"><span class='ocrx_word' id='word_1_654' title='bbox 2715 4478 2931 4554; x_wconf 88' lang='lat' dir='ltr'><strong><em>etiam,</em></strong></span> <span class='ocrx_word' id='word_1_655' title='bbox 2979 4483 3051 4540; x_wconf 89' lang='lat' dir='ltr'><strong><em>ut</em></strong></span> <span class='ocrx_word' id='word_1_656' title='bbox 3092 4475 3456 4559; x_wconf 88' lang='lat' dir='ltr'><strong><em>colligimus</em></strong></span> <span class='ocrx_word' id='word_1_657' title='bbox 3499 4497 3583 4540; x_wconf 82' lang='lat' dir='ltr'><strong><em>ex</em></strong></span> <span class='ocrx_word' id='word_1_658' title='bbox 3616 4474 3698 4539; x_wconf 89' lang='lat' dir='ltr'><strong><em>iis</em></strong></span> <span class='ocrx_word' id='word_1_659' title='bbox 3735 4495 3898 4556; x_wconf 90' lang='lat' dir='ltr'><strong><em>quae</em></strong></span> <span class='ocrx_word' id='word_1_660' title='bbox 3935 4475 4179 4556; x_wconf 88' lang='lat' dir='ltr'><strong><em>passim</em></strong></span> <span class='ocrx_word' id='word_1_661' title='bbox 4221 4471 4526 4556; x_wconf 83' lang='lat' dir='ltr'><strong><em>quotidie</em></strong></span> <span class='ocrx_word' id='word_1_662' title='bbox 4567 4497 4702 4540; x_wconf 84' lang='grc'><strong>811-</strong></span> 
     </span>
     <span class='ocr_line' id='line_1_97' title="bbox 2716 4559 4706 4636; baseline 0.002 -12"><span class='ocrx_word' id='word_1_663' title='bbox 2716 4564 3070 4636; x_wconf 81' lang='lat' dir='ltr'><strong><em>diebamus,</em></strong></span> <span class='ocrx_word' id='word_1_664' title='bbox 3117 4564 3173 4628; x_wconf 92' lang='lat' dir='ltr'><strong><em>si</em></strong></span> <span class='ocrx_word' id='word_1_665' title='bbox 3218 4564 3382 4626; x_wconf 85' lang='lat' dir='ltr'><strong><em>forte</em></strong></span> <span class='ocrx_word' id='word_1_666' title='bbox 3426 4561 3530 4625; x_wconf 87' lang='lat' dir='ltr'><strong><em>vel</em></strong></span> <span class='ocrx_word' id='word_1_667' title='bbox 3575 4559 3921 4624; x_wconf 79' lang='lat' dir='ltr'><strong><em>formidine</em></strong></span> <span class='ocrx_word' id='word_1_668' title='bbox 3958 4559 4061 4624; x_wconf 83' lang='lat' dir='ltr'><strong><em>vel</em></strong></span> <span class='ocrx_word' id='word_1_669' title='bbox 4106 4560 4404 4624; x_wconf 87' lang='lat' dir='ltr'><strong><em>molestia</em></strong></span> <span class='ocrx_word' id='word_1_670' title='bbox 4450 4561 4706 4628; x_wconf 80' lang='lat' dir='ltr'><strong><em>victus</em></strong></span> 
     </span>
     <span class='ocr_line' id='line_1_98' title="bbox 2715 4644 4706 4727; baseline -0.001 -13"><span class='ocrx_word' id='word_1_671' title='bbox 2715 4649 2920 4714; x_wconf 91' lang='lat' dir='ltr'><strong><em>solum</em></strong></span> <span class='ocrx_word' id='word_1_672' title='bbox 2969 4649 3292 4725; x_wconf 89' lang='lat' dir='ltr'><strong><em>vertisset,</em></strong></span> <span class='ocrx_word' id='word_1_673' title='bbox 3336 4667 3412 4711; x_wconf 92' lang='grc'><strong><em>00</em></strong></span> <span class='ocrx_word' id='word_1_674' title='bbox 3456 4667 3562 4711; x_wconf 87' lang='grc'><strong><em>108</em></strong></span> <span class='ocrx_word' id='word_1_675' title='bbox 3618 4652 3910 4727; x_wconf 86' lang='lat' dir='ltr'><strong><em>spectare</em></strong></span> <span class='ocrx_word' id='word_1_676' title='bbox 3954 4644 4294 4710; x_wconf 88' lang='lat' dir='ltr'><strong><em>videbatur</em></strong></span> <span class='ocrx_word' id='word_1_677' title='bbox 4337 4655 4412 4709; x_wconf 86' lang='lat' dir='ltr'><strong><em>ut</em></strong></span> <span class='ocrx_word' id='word_1_678' title='bbox 4466 4647 4706 4713; x_wconf 84' lang='lat' dir='ltr'><strong><em>maior</em></strong></span> 
     </span>
     <span class='ocr_line' id='line_1_99' title="bbox 2714 4730 4709 4816; baseline 0.001 -19"><span class='ocrx_word' id='word_1_679' title='bbox 2714 4734 2930 4799; x_wconf 88' lang='lat' dir='ltr'><strong><em>clades</em></strong></span> <span class='ocrx_word' id='word_1_680' title='bbox 2980 4742 3046 4798; x_wconf 90' lang='lat' dir='ltr'><strong><em>et</em></strong></span> <span class='ocrx_word' id='word_1_681' title='bbox 3109 4733 3448 4816; x_wconf 87' lang='lat' dir='ltr'><strong><em>sanguinis</em></strong></span> <span class='ocrx_word' id='word_1_682' title='bbox 3506 4732 3733 4796; x_wconf 88' lang='lat' dir='ltr'><strong><em>effusio</em></strong></span> <span class='ocrx_word' id='word_1_683' title='bbox 3789 4753 3874 4795; x_wconf 80' lang='lat' dir='ltr'><strong><em>ex</em></strong></span> <span class='ocrx_word' id='word_1_684' title='bbox 3927 4731 4071 4795; x_wconf 91' lang='lat' dir='ltr'><strong><em>eius</em></strong></span> <span class='ocrx_word' id='word_1_685' title='bbox 4125 4730 4409 4795; x_wconf 87' lang='lat' dir='ltr'><strong><em>abitione</em></strong></span> <span class='ocrx_word' id='word_1_686' title='bbox 4472 4753 4709 4814; x_wconf 81' lang='lat' dir='ltr'><strong><em>quam</em></strong></span> 
     </span>
     <span class='ocr_line' id='line_1_100' title="bbox 2715 4816 4708 4902; baseline -0.001 -18"><span class='ocrx_word' id='word_1_687' title='bbox 2715 4843 2797 4884; x_wconf 81' lang='lat' dir='ltr'><strong><em>ex</em></strong></span> <span class='ocrx_word' id='word_1_688' title='bbox 2840 4820 2982 4902; x_wconf 87' lang='lat' dir='ltr'><strong><em>ipsa</em></strong></span> <span class='ocrx_word' id='word_1_689' title='bbox 3026 4819 3363 4882; x_wconf 87' lang='lat' dir='ltr'><strong><em>mansione</em></strong></span> <span class='ocrx_word' id='word_1_690' title='bbox 3415 4818 3637 4881; x_wconf 88' lang='lat' dir='ltr'><strong><em>futura</em></strong></span> <span class='ocrx_word' id='word_1_691' title='bbox 3690 4816 4082 4882; x_wconf 89' lang='lat' dir='ltr'><strong><em>crederetur.</em></strong></span> <span class='ocrx_word' id='word_1_692' title='bbox 4182 4816 4442 4879; x_wconf 85' lang='lat' dir='ltr'><strong><em>Verum</em></strong></span> <span class='ocrx_word' id='word_1_693' title='bbox 4508 4819 4708 4902; x_wconf 86' lang='lat' dir='ltr'><strong><em>opti-</em></strong></span> 
     </span>
     <span class='ocr_line' id='line_1_101' title="bbox 2716 4902 4710 4985; baseline -0.001 -14"><span class='ocrx_word' id='word_1_694' title='bbox 2716 4928 2863 4970; x_wconf 91' lang='lat' dir='ltr'><strong><em>mus</em></strong></span> <span class='ocrx_word' id='word_1_695' title='bbox 2921 4903 3032 4968; x_wconf 92' lang='grc'><strong>1110</strong></span> <span class='ocrx_word' id='word_1_696' title='bbox 3090 4904 3386 4968; x_wconf 89' lang='lat' dir='ltr'><strong><em>coelestis</em></strong></span> <span class='ocrx_word' id='word_1_697' title='bbox 3446 4911 3630 4985; x_wconf 90' lang='lat' dir='ltr'><strong><em>pater</em></strong></span> <span class='ocrx_word' id='word_1_698' title='bbox 3683 4910 3751 4966; x_wconf 89' lang='lat' dir='ltr'><strong><em>et</em></strong></span> <span class='ocrx_word' id='word_1_699' title='bbox 3815 4923 4003 4968; x_wconf 86' lang='lat' dir='ltr'><strong><em>servo</em></strong></span> <span class='ocrx_word' id='word_1_700' title='bbox 4058 4922 4178 4967; x_wconf 90' lang='lat' dir='ltr'><strong><em>suo</em></strong></span> <span class='ocrx_word' id='word_1_701' title='bbox 4233 4910 4300 4966; x_wconf 92' lang='lat' dir='ltr'><strong><em>et</em></strong></span> <span class='ocrx_word' id='word_1_702' title='bbox 4354 4902 4710 4970; x_wconf 85' lang='lat' dir='ltr'><strong><em>ecelesiae</em></strong></span> 
     </span>
     <span class='ocr_line' id='line_1_102' title="bbox 2715 4988 4711 5071; baseline -0.001 -15"><span class='ocrx_word' id='word_1_703' title='bbox 2715 4988 3098 5056; x_wconf 82' lang='lat' dir='ltr'><strong><em>admirando</em></strong></span> <span class='ocrx_word' id='word_1_704' title='bbox 3142 4997 3314 5055; x_wconf 87' lang='lat' dir='ltr'><strong><em>certe</em></strong></span> <span class='ocrx_word' id='word_1_705' title='bbox 3357 4988 3626 5055; x_wconf 89' lang='lat' dir='ltr'><strong><em>consilio</em></strong></span> <span class='ocrx_word' id='word_1_706' title='bbox 3668 4988 3760 5053; x_wconf 85' lang='lat' dir='ltr'><strong><em>ita</em></strong></span> <span class='ocrx_word' id='word_1_707' title='bbox 3803 4988 4161 5071; x_wconf 78' lang='lat' dir='ltr'><strong><em>prospexit,</em></strong></span> <span class='ocrx_word' id='word_1_708' title='bbox 4208 4996 4283 5052; x_wconf 88' lang='lat' dir='ltr'><strong><em>ut</em></strong></span> <span class='ocrx_word' id='word_1_709' title='bbox 4323 4989 4477 5053; x_wconf 87' lang='lat' dir='ltr'><strong><em>sine</em></strong></span> <span class='ocrx_word' id='word_1_710' title='bbox 4528 5010 4711 5056; x_wconf 87' lang='lat' dir='ltr'><strong><em>san-</em></strong></span> 
     </span>
     <span class='ocr_line' id='line_1_103' title="bbox 2716 5072 4713 5160; baseline -0.001 -19"><span class='ocrx_word' id='word_1_711' title='bbox 2716 5078 2913 5160; x_wconf 88' lang='lat' dir='ltr'><strong><em>guine</em></strong></span> <span class='ocrx_word' id='word_1_712' title='bbox 2969 5083 3036 5140; x_wconf 92' lang='lat' dir='ltr'><strong><em>et</em></strong></span> <span class='ocrx_word' id='word_1_713' title='bbox 3091 5075 3327 5141; x_wconf 90' lang='lat' dir='ltr'><strong><em>sudore</em></strong></span> <span class='ocrx_word' id='word_1_714' title='bbox 3371 5075 3592 5139; x_wconf 89' lang='lat' dir='ltr'><strong><em>omnia</em></strong></span> <span class='ocrx_word' id='word_1_715' title='bbox 3642 5073 3711 5138; x_wconf 90' lang='lat' dir='ltr'><strong><em>in</em></strong></span> <span class='ocrx_word' id='word_1_716' title='bbox 3755 5075 4036 5158; x_wconf 85' lang='lat' dir='ltr'><strong><em>gloriam</em></strong></span> <span class='ocrx_word' id='word_1_717' title='bbox 4072 5072 4277 5157; x_wconf 87' lang='lat' dir='ltr'><strong><em>ipsius</em></strong></span> <span class='ocrx_word' id='word_1_718' title='bbox 4313 5093 4531 5156; x_wconf 86' lang='lat' dir='ltr'><strong><em>quam</em></strong></span> <span class='ocrx_word' id='word_1_719' title='bbox 4577 5097 4713 5160; x_wconf 90' lang='lat' dir='ltr'><strong><em>op-</em></strong></span> 
     </span>
     <span class='ocr_line' id='line_1_104' title="bbox 2718 5160 4713 5246; baseline 0 -19"><span class='ocrx_word' id='word_1_720' title='bbox 2718 5164 2874 5227; x_wconf 87' lang='lat' dir='ltr'><strong><em>time</em></strong></span> <span class='ocrx_word' id='word_1_721' title='bbox 2918 5162 3366 5227; x_wconf 85' lang='lat' dir='ltr'><strong><em>successerint.</em></strong></span> <span class='ocrx_word' id='word_1_722' title='bbox 3456 5160 3646 5225; x_wconf 86' lang='lat' dir='ltr'><strong><em>Unde</em></strong></span> <span class='ocrx_word' id='word_1_723' title='bbox 3681 5167 3748 5224; x_wconf 91' lang='lat' dir='ltr'><strong><em>et</em></strong></span> <span class='ocrx_word' id='word_1_724' title='bbox 3782 5181 3962 5226; x_wconf 89' lang='lat' dir='ltr'><strong><em>nunc</em></strong></span> <span class='ocrx_word' id='word_1_725' title='bbox 4004 5160 4414 5242; x_wconf 89' lang='lat' dir='ltr'><strong><em>potissimum</em></strong></span> <span class='ocrx_word' id='word_1_726' title='bbox 4471 5181 4713 5246; x_wconf 83' lang='lat' dir='ltr'><strong><em>expe-</em></strong></span> 
     </span>
     <span class='ocr_line' id='line_1_105' title="bbox 2714 5245 4718 5329; baseline 0.002 -17"><span class='ocrx_word' id='word_1_727' title='bbox 2714 5248 2943 5325; x_wconf 88' lang='lat' dir='ltr'><strong><em>rimur,</em></strong></span> <span class='ocrx_word' id='word_1_728' title='bbox 2990 5246 3155 5311; x_wconf 92' lang='lat' dir='ltr'><strong><em>illud</em></strong></span> <span class='ocrx_word' id='word_1_729' title='bbox 3189 5266 3331 5312; x_wconf 90' lang='lat' dir='ltr'><strong><em>esse</em></strong></span> <span class='ocrx_word' id='word_1_730' title='bbox 3366 5246 3778 5312; x_wconf 87' lang='lat' dir='ltr'><strong><em>verissimum</em></strong></span> <span class='ocrx_word' id='word_1_731' title='bbox 3820 5245 3992 5329; x_wconf 90' lang='lat' dir='ltr'><strong><em>quod</em></strong></span> <span class='ocrx_word' id='word_1_732' title='bbox 4024 5247 4091 5310; x_wconf 88' lang='lat' dir='ltr'><strong><em>in</em></strong></span> <span class='ocrx_word' id='word_1_733' title='bbox 4137 5245 4407 5328; x_wconf 88' lang='lat' dir='ltr'><strong><em>epistola</em></strong></span> <span class='ocrx_word' id='word_1_734' title='bbox 4453 5259 4718 5316; x_wconf 74' lang='lat' dir='ltr'><strong><em>vestra.</em></strong></span> 
     </span>
     <span class='ocr_line' id='line_1_106' title="bbox 2714 5331 4715 5418; baseline 0.001 -20"><span class='ocrx_word' id='word_1_735' title='bbox 2714 5333 3072 5418; x_wconf 83' lang='lat' dir='ltr'><strong><em>posteriore</em></strong></span> <span class='ocrx_word' id='word_1_736' title='bbox 3116 5332 3522 5417; x_wconf 78' lang='lat' dir='ltr'><strong><em>scripseratis</em></strong></span> <span class='ocrx_word' id='word_1_737' title='bbox 3568 5332 3672 5398; x_wconf 90' lang='lat' dir='ltr'><strong><em>his</em></strong></span> <span class='ocrx_word' id='word_1_738' title='bbox 3717 5332 3962 5399; x_wconf 84' lang='lat' dir='ltr'><strong><em>verbis:</em></strong></span> <span class='ocrx_word' id='word_1_739' title='bbox 4001 5331 4254 5413; x_wconf 59' lang='lat' dir='ltr'><strong><em>„Quae</em></strong></span> <span class='ocrx_word' id='word_1_740' title='bbox 4298 5331 4597 5417; x_wconf 86' lang='lat' dir='ltr'><strong><em>quidem</em></strong></span> <span class='ocrx_word' id='word_1_741' title='bbox 4648 5338 4715 5401; x_wconf 87' lang='lat' dir='ltr'><strong><em>si</em></strong></span> 
     </span>
    </p>
   </div>
  </div>
 </body>
</html>
