5050 6167
416 417 532 478 717

405 603 644 670 dicium
687 604 801 670 ubi
834 625 970 671 non
1016 605 1226 674 soleat
1259 607 1489 674 haberi
1523 604 1688 672 fides
1721 603 2044 672 eiusmodi
2087 605 2355 672 rationi-

404 687 539 756 bus.
603 690 893 757 Tandem
945 690 1261 759 Corte-eius
1301 693 1442 775 ipse
1485 712 1740 775 quoque
1781 688 2103 774 litigando
2146 690 2357 757 fessus

405 777 721 842 concessit
763 785 840 842 ut
885 777 1199 845 valerent.
1287 780 1396 844 Ita
1440 776 1799 845 discessum
1843 786 1948 842 est
1988 787 2064 841 ut
2105 775 2355 843 videre-

404 868 515 926 tur
549 863 885 946 negotium
918 864 1095 930 inter
1136 884 1247 929 eos
1290 863 1459 929 bene
1501 863 1951 946 compositum.
2032 861 2358 927 Restabat

401 955 479 1012 ut
513 948 724 1014 officio
777 969 898 1015 suo
936 950 1008 1014 in
1062 970 1384 1033 pauperes
1428 949 1964 1048 defungerentur.
2057 946 2356 1031 champe-

399 1032 591 1098 renus
644 1042 845 1099 totam
915 1034 1470 1119 dispensationem
1538 1035 1909 1118 relinquere
1994 1031 2355 1114 capuneuzo

401 1125 747 1185 contentus
803 1129 964 1185 erat.
1060 1119 1375 1189 Gor-tesius
1430 1127 1685 1198 autem,
1745 1119 1934 1202 quasi
1982 1119 2355 1185 haereditas

398 1203 565 1269 foret
602 1225 825 1271 socero
861 1207 1109 1284 relicta,
1146 1228 1284 1272 non
1322 1218 1541 1273 autem
1578 1206 1955 1271 distributio
1988 1206 2352 1281 commissa,

397 1288 491 1354 ita
534 1311 765 1374 rapere
823 1291 907 1358 ad
965 1312 1038 1357 66
1081 1292 1360 1359 volebat.
1437 1293 1787 1375 Utcunque
1830 1290 2354 1369 admoneremus,

397 1395 540 1441 esse
582 1376 756 1442 bona
799 1398 1190 1461 pauperum,
1248 1379 1345 1444 sic
1402 1386 1545 1444 erat
1585 1379 1658 1443 in
1709 1376 1955 1460 praeda
1997 1386 2354 1461 occupatus

395 1469 472 1524 ut
514 1462 687 1527 nihil
729 1462 910 1528 aliud
957 1485 1154 1546 quam
1207 1463 1519 1548 praedam
1563 1465 1936 1530 somniaret.
2027 1462 2355 1529 Postridie

390 1548 613 1611 mirati
657 1569 885 1615 sumus
920 1557 1129 1615 totam
1163 1550 1345 1616 illam
1384 1551 1910 1629 transactionem,
1954 1570 2120 1632 quae
2162 1548 2353 1615 nobis

392 1632 684 1699 maximo
739 1633 963 1701 labore
1029 1636 1459 1718 molestiaque
1516 1636 1931 1713 constiterat,
1996 1656 2114 1717 per
2164 1634 2350 1700 illum

390 1719 593 1785 fuisse
651 1741 967 1787 eversam.
1068 1720 1185 1789 Sic
1246 1723 1515 1788 omnino
1583 1721 1664 1786 de
1719 1721 1909 1787 bonis
1961 1721 2194 1804 Ayneti
2246 1741 2353 1785 res

389 1803 607 1870 habet.
695 1806 927 1890 Neque
972 1827 1128 1874 vero
1180 1808 1523 1875 consilium
1579 1816 1877 1873 nostrum
1921 1818 2023 1871 est
2066 1815 2181 1870 aut
2223 1806 2353 1872 col-

386 1888 581 1974 legae
624 1902 848 1958 nostro
893 1894 1288 1978 patrocinari
1341 1899 1460 1959 aut
1501 1893 1643 1958 eius
1693 1913 1960 1958 causam
2001 1892 2349 1975 suscipere.

388 1973 525 2041 Sed
573 1986 893 2059 quantum
927 1980 1335 2063 purgationis
1369 1988 1633 2045 nostrae
1675 1978 1843 2042 ratio
1886 1977 2175 2061 postulat
2209 1999 2351 2043 rem

382 2061 457 2126 in
500 2062 795 2128 medium
840 2066 1245 2146 proferimus.
1333 2063 1832 2130 Denunciamus
1880 2072 2100 2128 autem
2143 2063 2349 2141 vobis,

385 2147 631 2214 fratres
674 2148 1014 2229 carissimi,
1075 2152 1321 2216 furtum
1366 2150 1631 2234 penitus
1673 2149 1844 2227 fore,
1904 2148 2036 2213 imo
2091 2149 2349 2214 sacrile-

384 2233 606 2317 gium,
663 2234 725 2300 si
778 2236 922 2317 quis
967 2235 1092 2300 sibi
1135 2257 1223 2301 ex
1264 2235 1497 2321 Ayneti
1549 2235 1742 2301 bonis
1798 2232 2157 2318 quidquam
2208 2243 2351 2298 tan-

380 2340 587 2402 quam
621 2320 961 2404 proprium
1012 2331 1299 2405 usurpet.
1388 2320 1613 2387 Nihilo
1666 2321 1842 2386 enim
1895 2318 2151 2385 meliori
2203 2320 2350 2385 iure

374 2406 719 2488 ⁸quispiam
765 2408 1062 2489 privatus
1108 2407 1178 2473 in
1235 2428 1314 2473 ea
1365 2406 1687 2474 involabit
1741 2426 1940 2489 quam
1983 2404 2347 2487 praedones

382 2491 609 2558 aliena
643 2493 930 2575 rapiunt.
998 2494 1135 2559 Res
1170 2495 1346 2559 enim
1384 2494 1544 2559 satis
1587 2500 1827 2558 testata
1869 2497 1989 2568 est,
2032 2491 2351 2574 Aynetum

380 2598 466 2643 ne
533 2598 753 2643 assem
818 2578 1083 2660 quidem
1152 2589 1268 2644 aut
1325 2577 1681 2660 Gapunculo
1741 2583 1859 2641 aut
1928 2575 2349 2660 Champerello

380 2662 785 2743 attribuisse,
829 2663 943 2729 sed
991 2666 1365 2731 testamenti
1411 2664 1622 2729 solum
1665 2674 2133 2745 exsequutores
2184 2684 2351 2728 nun-

381 2769 682 2833 cupasse,
728 2748 840 2832 qui
883 2751 1283 2832 pauperibus
1327 2770 1450 2816 sua
1490 2749 1711 2816 omnia
1755 2749 2241 2815 distribuerent.

557 2834 756 2901 Nunc
807 2833 892 2900 ad
1158 2837 1280 2902 'um
1332 2836 1747 2902 revertimur.
1838 2834 2061 2917 Quum
2108 2834 2350 2901 valedi-

379 2929 564 2988 ceret
618 2919 881 2988 Calvino
925 2921 1097 2986 dixit
1137 2923 1207 2986 in
1253 2921 1525 2987 aedibus
1551 2920 1975 3003 Ghamperelli
2017 2943 2160 2987 esse
2203 2941 2352 2985 con-

379 3008 651 3074 tinuum
708 3006 927 3072 lusum
984 3008 1164 3074 aleae
1218 3016 1285 3073 et
1349 3006 1819 3073 chartularum.
1930 3006 2068 3072 Nos
2132 3006 2349 3072 scisci-

380 3094 606 3171 tand0,
652 3092 1073 3176 inquirendo,
1130 3092 1592 3176 percontandO,
1647 3092 1816 3157 nihil
1860 3091 1991 3157 tale
2033 3092 2349 3175 comperi-

378 3201 550 3248 mus.
645 3179 828 3264 Ergo
871 3179 1044 3262 quod
1100 3178 1488 3245 criminatur
1542 3199 1660 3244 nos
1715 3177 1799 3243 ad
1856 3184 2044 3244 tanta
2094 3177 2349 3277 flagitia

374 3266 761 3344 connivero,
806 3265 1109 3348 improba
1151 3272 1252 3331 est
1286 3264 1637 3342 calumnia,
1683 3266 1853 3330 sicut
1886 3264 2138 3330 crimen
2179 3261 2348 3328 111ud

376 3354 743 3418 confictum
785 3352 867 3418 ab
910 3373 987 3417 eo
1030 3350 1174 3416 fuit.
1264 3349 1704 3432 Quamobrem
1748 3371 1866 3418 vos
1910 3349 2345 3427 obsecramus,

376 3437 557 3522 quod
602 3438 747 3503 iure
792 3450 1019 3502 nostro
1063 3436 1369 3504 videmur
1408 3436 1641 3514 facere,
1700 3457 1787 3502 ne
1830 3443 2178 3518 protervae
2220 3435 2348 3499 lin-

376 3544 554 3608 guae
624 3531 692 3588 et
748 3522 1041 3605 perditae
1107 3522 1551 3605 impudentiae
1607 3521 1943 3588 hominem
2004 3520 2350 3605 patiamini

378 3618 611 3678 tantae
681 3607 1109 3692 turpitudinis
1173 3617 1395 3674 notam
1463 3607 1621 3673 huic
1685 3607 1994 3674 ecclesiae
2058 3608 2346 3686 inurere,

378 3697 545 3777 quin
594 3703 818 3760 nostro
860 3694 1125 3760 nomine
1168 3701 1544 3762 constanter
1576 3694 1920 3760 resistatis.
2007 3693 2183 3758 Nam
2226 3713 2348 3757 nos

377 3780 560 3864 quod
606 3781 946 3847 scribimus
998 3780 1214 3864 parati
1267 3801 1499 3847 sumus
1556 3787 1625 3846 et
1676 3801 1896 3848 coram
1951 3778 2225 3845 ecclesia
2281 3785 2350 3843 et

378 3866 451 3932 in
494 3866 743 3933 iudicio
785 3867 975 3932 tueri.
1064 3866 1303 3932 Valete
1320 3917 1335 3944 ,
1396 3867 1632 3931 fratres
1688 3865 1877 3930 nobis
1921 3863 2345 3930 dilectissimi.

378 3950 721 4018 Dominus
771 3972 887 4018 vos
931 3973 1193 4035 semper
1250 3951 1494 4036 spiritu
1547 3951 1935 4033 prudentiae
1980 3959 2048 4014 et
2090 3949 2347 4033 sapien-

379 4040 512 4190 ἰιὶἱεῑω
563 4037 812 4121 dirigat
868 4037 950 4102 ad
1001 4059 1164 4120 opus
1220 4059 1433 4104 suum.
1525 4036 1855 4114 Genevae,
1912 4041 1969 4101 ὅ.
2017 4034 2346 4102 Ο6166ᾶ66

418 4124 636 4190 unias.
657 4125 712 4203 ὃ)

1418 4209 1700 4274 1666666
1746 4205 2068 4274 Calvinus

1213 4294 1491 4360 fratrum
1530 4293 1843 4359 mandato
1887 4302 1956 4358 et
1997 4292 2284 4359 nomine.

562 4468 672 4533 Ita
714 4466 1048 4533 decretum
1092 4464 1219 4530 fuit
1260 4465 1330 4530 in
1373 4473 1703 4532 conventu
1746 4472 1990 4530 nostro.

599 4758 659 4822 5)
697 4760 929 4812 Annum
962 4755 1329 4810 adscribimus
1365 4753 1502 4810 1544
1635 4753 1645 4765 ’
1728 4753 1796 4807 de
1828 4753 2035 4820 Aymti
2076 4756 2247 4807 morte
2277 4768 2350 4806 m.

388 4828 709 4898 Septembre
746 4827 880 4880 1543
916 4825 1143 4894 scripsit
1176 4823 1456 4891 Farellue,
1494 4822 1528 4875 1.
1588 4862 1601 4876 .
1655 4823 1733 4876 In
1767 4823 1996 4877 eandem
2029 4821 2353 4876 sementiam

376 4899 562 4967 plura
596 4896 780 4964 adfert
822 4895 1154 4951 Twrrettnus
1189 4892 1266 4947 ad
1301 4892 1431 4947 Οοᾱ.
1473 4892 1591 4947 111.

1168 5173 1177 5176 -
1196 5168 1571 5176 ἶ.-------..---.-

2221 421 2384 483 1544
2428 418 2626 486 MAI.

4292 425 4416 488 718

3365 606 3518 680 553.

2953 742 3452 811 FARELLUS
3498 743 3936 811 OALVINO.
3978 779 3981 783 *

2638 913 2942 980 Politieas
2983 916 3178 980 tricas
3223 916 3291 979 in
3333 915 3698 995 Germania,
3740 918 4246 1000 persequutiones
4276 917 4418 1000 pio-

2459 1020 2608 1065 rum
2649 1002 2723 1065 in
2772 1000 3009 1080 Gallia,
3057 1001 3292 1066 alteras
3331 1001 3551 1068 alteris
3591 1003 3900 1070 tristiores
3939 1003 4238 1086 deplorat.

2462 1170 2576 1235 (Ex
2613 1170 2948 1241 autographo
2985 1171 3123 1225 Bibl.
3214 1178 3453 1226 aetorum
3500 1172 3968 1229 Neocomensium.
4040 1175 4179 1244 E'pp.
4216 1175 4416 1229 Farelli

2793 1240 2923 1294 fasc.
2958 1240 3031 1294 Π.
3070 1241 3138 1294 N.
3173 1189 3258 1294 30.
3331 1242 3522 1311 Margo
3556 1244 3768 1312 passim
3803 1244 4086 1311 lacerata.)

2634 1410 3029 1476 Doctissimo
3075 1418 3141 1476 et
3174 1411 3683 1495 vigilantissimo
3721 1414 3969 1496 pastori
4004 1414 4097 1479 Io.
4137 1413 4415 1480 Calvino

2457 1496 2648 1561 fratri
2694 1505 2761 1561 et
2803 1506 3209 1580 symmystae
3252 1518 3450 1580 quam
3495 1498 3833 1564 carissimo
4003 1583 4316 1651 Gemma

2630 1717 2701 1786 S.
2769 1719 2958 1802 Quae
3002 1720 3110 1786 hic
3152 1720 3320 1802 petit
3344 1720 3394 1804 ¹)
3439 1741 3615 1786 nunc
3658 1719 3850 1786 facile
3883 1720 4226 1803 impetrari
4268 1741 4414 1804 spe-

2456 1811 2611 1871 rant
2653 1806 2785 1888 qui,
2831 1815 3151 1888 quantum
3205 1806 3524 1871 coniicere
3575 1806 3762 1883 licet,
3827 1804 4147 1890 colligunt
4203 1827 4289 1872 ex
4328 1805 4413 1873 iis

2456 1912 2623 1974 quae
2665 1889 3005 1978 alimmum]
3052 1891 3302 1957 faciunt
3345 1911 3548 1973 spem.
3643 1890 3880 1956 Caesar
3914 1912 4049 1956 non
4094 1898 4194 1957 est
4236 1912 4414 1956 asse-

2456 1984 2702 2060 quutus
2747 1975 2922 2059 quod
2964 1978 3344 2056 conabatur,
3404 1984 3473 2041 et
3516 1976 3677 2041 dum
3720 1988 4076 2061 utrumque
4119 1977 4268 2042 vult
4309 1998 4415 2043 re-

2456 2064 2684 2141 tinere,
2703 2065 2760 2140 ⁰²)
2816 2072 2885 2127 et
2926 2063 3108 2146 pium
3152 2071 3220 2127 et
3259 2060 3696 2148 pontifi[eium
3732 2113 3748 2139 ,
3794 2062 3948 2127 huic
3991 2084 4195 2145 quum
4236 2083 4416 2128 rece-

2455 2147 2633 2231 perit
2676 2149 2899 2213 omnia
2940 2171 3012 2215 66
3055 2169 3447 2215 eversurum
3502 2159 3569 2214 et
3610 2147 3684 2211 ni
3739 2148 3784 2211 'l
3836 2168 4184 2230 passurum
4228 2169 4418 2215 66666

2454 2236 2600 2299 fieri
2658 2255 2857 2317 quam
2911 2234 3262 2314 hactenus,
3321 2233 3422 2298 illi
3476 2233 3780 2299 nonnihil
3835 2235 3970 2298 iam
4027 2234 4420 2299 concesserit

2456 2327 2523 2386 et
2566 2320 2759 2402 plura
2815 2321 3215 2403 promiserit,
3275 2340 3479 2403 quum
3532 2319 3645 2384 ille
3702 2328 3938 2403 urgeat
3993 2319 4419 2386 concordatos

2455 2406 2770 2472 articulos
2836 2414 2904 2472 et
2967 2407 3502 2472 reformationem
3568 2424 3868 2471 camerae
3910 2412 3977 2469 et
4038 2403 4107 2469 id
4186 2425 4417 2488 genus,

2456 2493 2512 2557 al
2524 2489 2652 2579 [w]
2701 2493 2868 2557 alter
2911 2493 3057 2558 fieri
3076 2497 3111 2532 ¹*
3167 2492 3336 2557 nihil
3379 2491 3620 2556 horum
3662 2491 3884 2574 possit,
3928 2490 4126 2555 medii
4171 2490 4416 2556 consti-

2453 2585 2735 2643 tuantur
2781 2577 3127 2644 Palatinus
3183 2586 3251 2643 et
3293 2576 3903 2659 BrandeburqensiS,
3946 2585 4023 2640 ut
4059 2584 4417 2658 utrumque

2452 2664 2799 2742 inducant,
2862 2662 3176 2751 aliqu[id]
3236 2665 3527 2746 patiatur
3582 2683 3717 2728 non
3759 2662 4084 2746 praestari
4140 2659 4223 2726 de
4264 2682 4416 2744 pro-

2453 2751 2692 2829 missis,
2735 2749 3092 2815 offenditur
3133 2758 3284 2815 uter
3327 2769 3427 2814 ue.
3516 2748 3792 2814 Accedit
3827 2747 4340 2814 Brunsvicensis
4357 2744 4416 2833 ⁸)

2453 2857 2671 2914 causa,
2716 2857 2914 2918 quam
2950 2836 3228 2920 urgebat
3316 2855 3518 2913 aesar,
3563 2833 3736 2918 quod
3779 2831 3968 2933 n[on]
4018 2831 4252 2898 debeat
4294 2830 4417 2897 du-

2454 2930 2640 2988 catus
2683 2921 2766 2987 ab
2810 2921 2937 2987 alio
2981 2943 3180 3004 quam
3214 2941 3255 2985 a
3297 2921 3487 3004 pulso
3530 2920 3870 3005 possideri,
3913 2919 4174 2985 etiamsi
4211 2938 4418 3006 gravp

2453 3008 2543 3071 sit
2584 3015 2946 3091 peccatum,
2989 3008 3122 3072 imo
3165 3005 3279 3072 ubi
3323 3008 3595 3092 gravius
3639 3012 3815 3073 esset
3858 3005 3983 3071 hoc
4029 3001 4218 3091 [6366]
4269 3001 4418 3072 Gae-

2451 3094 2643 3172 sariS,
2686 3094 2872 3160 cuius
2918 3094 3233 3158 autoritas
3267 3092 3705 3176 imminuitur,
3751 3092 3809 3156 si
3843 3090 4092 3156 fundus
4126 3092 4417 3173 optimus

2450 3179 2782 3244 maximus
2826 3201 2868 3245 a
2909 3178 3424 3262 protestantibus
3466 3183 3830 3260 occupetur.
3893 3175 4073 3243 Hinc
4114 3174 4253 3262 fac[

2454 3273 2554 3330 est
2597 3273 2673 3329 ut
2715 3265 2947 3331 offensi
3007 3264 3292 3331 abierint
3338 3262 3507 3328 Saxo
3550 3270 3617 3328 et
3660 3262 4119 3345 LantqraviuS,
4178 3273 4248 3325 et
4302 3260 4417 3325 alii

2454 3371 2587 3415 non
2631 3352 2851 3416 minus
2896 3371 3091 3435 aegre
3132 3351 3369 3424 ferant,
3417 3358 3484 3414 et
3521 3369 3690 3433 quae
3724 3350 3858 3413 iam
3898 3347 4165 3412 fuerant
4197 3343 4418 3412 oblata

2453 3458 2660 3519 quum
2726 3435 2949 3501 addita
3012 3434 3386 3502 conditione
3440 3434 3716 3512 fuerint,
3781 3452 3960 3498 nunc
4025 3453 4159 3497 non
4214 3433 4415 3496 stant.

2453 3523 2557 3587 'Pu
2628 3521 2712 3587 ad
2764 3521 3086 3587 Bueerum
3152 3529 3219 3586 et
3273 3529 3646 3587 senatorem
3714 3516 4124 3605 Star[mium]
4189 3517 4419 3582 literas

2452 3629 2836 3674 communes
2881 3607 3142 3686 scribes,
3186 3615 3264 3672 ut
3306 3617 3538 3674 curent
3578 3626 3699 3689 per
3740 3626 3900 3689 quos
3934 3611 4245 3688 poterunt
4275 3611 4416 3667 tam

2453 3695 2788 3778 principes
2846 3715 3043 3778 quam
3101 3694 3298 3760 urbes
3344 3692 3542 3759 scribi
3597 3712 3719 3774 pro
3780 3692 3927 3775 piis,
3943 3692 4005 3772 ⁴)
4066 3699 4133 3754 et
4189 3688 4272 3753 ad
4314 3689 4410 3752 Io.

2460 3780 2814 3846 sturmium
2869 3788 2936 3845 et
2992 3777 3075 3844 ad
3117 3778 3204 3843 D.
3252 3779 3732 3857 Huldrieum,⁶)
3791 3785 3865 3841 ut
3920 3775 4192 3840 seorsim
4251 3773 4413 3839 scri-

2452 3866 2648 3945 bant,
2705 3866 2904 3950 idque
2946 3866 3227 3949 pluries,
3283 3864 3441 3930 dum
3485 3863 3652 3928 aliae
3705 3871 4109 3944 apparantur
4163 3855 4411 3926 literae.

2456 3950 2678 4033 Quam
2722 3951 2896 4017 male
2942 3949 3169 4017 audiat
3213 3949 3356 4015 Rex
3397 3948 3570 4032 quod
3615 3948 3849 4012 Turcis
3892 3945 4172 4010 liberum
4215 3940 4416 4008 fuerit

2453 4038 2525 4101 in
2583 4037 2806 4102 Gallia
2860 4059 2982 4102 sua
3035 4036 3258 4102 omnia
3308 4055 3574 4119 servare
3627 4033 3784 4099 licet
3839 4030 4073 4113 impia,
4134 4036 4202 4093 et
4257 4048 4415 4093 vere

2452 4122 2613 4206 piis,
2673 4125 2784 4205 qui
2840 4121 3020 4188 aliud
3084 4142 3220 4186 non
3274 4127 3602 4204 quaerunt
3659 4139 3868 4200 neque
3925 4122 4160 4182 curant
4214 4131 4416 4197 quam

2455 4208 2710 4274 Ohristi
2766 4208 3081 4293 gloriam,
3146 4206 3304 4272 dum
3358 4205 3512 4272 huic
3566 4202 3957 4270 incumbunt
4009 4222 4138 4265 non
4195 4198 4415 4265 solum

2502 4430 2632 4492 553.
2670 4432 2728 4492 l)
2772 4430 2924 4499 Quid
2957 4429 3048 4483 hic
3077 4429 3299 4497 petierit
3331 4428 3654 4484 tabellarius
3687 4441 3757 4480 ea·
3790 4425 4038 4479 obscuris
4055 4422 4258 4477 Nostri
4290 4436 4412 4476 ver-

2458 4501 2543 4555 bis
2575 4501 2766 4556 elicere
2798 4516 2914 4554 non
2939 4514 3255 4567 possumus.

2664 4571 2719 4632 2)
2757 4569 2834 4623 In
2869 4567 3103 4622 comitiis
3122 4566 3485 4636 Spirensibus
3503 4565 3835 4632 Imperator,
3872 4566 3937 4615 ut
3958 4559 4066 4614 sibi
4097 4563 4409 4640 protestam-

2456 4645 2538 4693 tes
2570 4638 2849 4693 aaxssiwm
2885 4642 3080 4691 eontra
3114 4635 3336 4690 Gallam
3383 4637 3750 4703 praestarent,
3773 4629 4415 4709 -concesszoneaalzquae

2457 4709 2533 4762 iis
2567 4723 2623 4761 se
2683 4712 2939 4761 aetwrwm
2972 4710 3272 4774 receperat,
3309 4720 3391 4758 ex.
3497 4743 3510 4756 .
3531 4702 3598 4756 de
3634 4702 3793 4756 bonis
3828 4700 4207 4754 eeclesiaettcts
4243 4703 4292 4750 et
4316 4712 4408 4749 ca-

2725 4774 3056 4830 etzlariensi.
3131 4773 3358 4837 ‹Ranke
3489 4811 3502 4825 .
3539 4770 3643 4823 240
3679 4777 3814 4838 seq.)

2667 4846 2721 4909 3)
2759 4844 2973 4899 Ducem
3006 4842 3316 4898 Hearicum
3351 4857 3380 4895 e
3411 4839 3577 4908 feudo
3653 4840 3837 4892 alsam
3869 4838 4152 4892 restituere
4184 4833 4413 4900 volebat,

2459 4915 2623 4970 cuius
2667 4914 2936 4969 ditionem
2970 4918 3149 4967 status
3189 4914 3556 4982 protestantes
3649 4907 3839 4962 aesari
3884 4905 4148 4984 sequestr}
4182 4923 4208 4985 J
4230 4903 4414 4956 ermit—

2457 4984 2681 5040 tendam
2716 4987 3097 5037 concesserunt
3130 4998 3196 5035 ea
3231 4979 3540 5035 conditione
3574 4983 3639 5031 ut
3670 4994 3741 5031 ne
3851 4976 3912 5029 id
3939 4977 4002 5028 in
4034 4974 4295 5041 reltytone
4328 4970 4411 5025 ibt

2459 5054 2759 5109 metitum
2792 5056 3046 5107 mutaret.
3119 5049 3391 5119 (Steidan.
3427 5048 3518 5102 II.
3554 5046 3675 5101 351.
3806 5045 3948 5099 anke
3980 5044 4013 5096 l.
4051 5042 4110 5106 l.)

2664 5121 2718 5189 4)
2758 5120 2937 5176 Gallis
3016 5120 3335 5186 praesertim
3375 5116 3745 5172 Valdensibus
3756 5156 3774 5183 ,
3823 5129 3933 5183 pro
3989 5111 4190 5180 quibus
4237 5114 4417 5189 statue

2451 5191 2699 5318 &PT-‘o’
2738 5162 3136 5314 fflssmmsstetllam
3170 5204 3291 5242 cum
3327 5185 3639 5241 Franeieco
3662 5184 3985 5250 immineret,
4021 5180 4136 5234 iam
4171 5193 4289 5232 non
4323 5194 4413 5230 m-

2538 5276 2595 5316 ee
2633 5276 2722 5315 ere
3013 5298 3026 5314 .

2661 5330 2720 5398 5)
2745 5276 2979 5385 &helim
3013 5344 3057 5383 s.
3097 5326 3309 5395 θείμεν.

2457 4793 2611 4832 mera
