5050 6167
405 377 528 440 493

404 561 533 628 illis
575 563 741 630 bene
784 562 979 629 cessit
1019 584 1055 628 e
1223 564 1286 629 'a
1325 562 1440 628 illa
1480 562 1653 629 facta
1695 568 1763 627 et
1800 560 1971 627 hanc
2011 562 2350 627 inventam

405 655 614 714 artem
656 646 1054 732 praedicant,
1101 649 1195 716 sic
1230 648 1502 734 pulchre
1538 648 1792 714 dolores
1824 648 2086 713 morbos
2124 648 2348 713 anxie·

403 741 570 798 tates
613 743 680 799 et
721 743 977 801 caetera
1032 733 1402 800 huiusmodi
1460 733 1696 818 depelli
1738 754 1929 816 posse
1973 732 2344 798 admonent.

401 819 680 885 Interim
719 820 1013 886 omnium
1049 830 1300 885 metum
1334 828 1402 886 et
1438 820 1822 904 religionem
1855 818 2090 902 deponi
2124 819 2350 883 iuben·

401 911 522 984 tes,
567 906 910 989 palamque
945 913 1012 972 et
1043 906 1370 989 intrepide
1405 905 1567 973 haec
1602 905 1922 983 dictitant,
1968 924 2112 969 eam
2145 903 2348 969 licen-

400 992 560 1055 tiam
594 992 1073 1075 proiectamque
1108 990 1442 1058 audaciam
1478 991 1854 1057 luxuriosae
1889 992 2061 1057 vitae
2095 988 2349 1073 legibus

400 1080 642 1143 nostris
697 1099 829 1143 non
887 1078 1168 1145 coerceri
1225 1077 1710 1161 prospicientes.
1777 1076 1963 1141 Inter
1996 1075 2158 1140 haec
2191 1083 2350 1140 sunt

401 1162 557 1228 elati
602 1161 971 1242 admodum,
1017 1172 1446 1241 contumaces,
1493 1170 1560 1228 et
1595 1161 1844 1229 veloces
1883 1182 2109 1227 eorum
2152 1159 2346 1244 pedes

399 1247 484 1314 ad
520 1247 990 1314 effundendum
1024 1251 1432 1334 sanguinem,
1471 1249 1565 1314 ita
1598 1256 1674 1314 ut
1703 1246 1988 1331 quotidie
2023 1245 2348 1311 sublatam

398 1332 580 1398 illam
636 1341 1026 1417 potestatem
1084 1336 1260 1401 vitae
1317 1342 1383 1401 et
1435 1336 1613 1400 necis
1675 1334 1748 1398 in
1814 1353 2038 1399 servos
2092 1342 2348 1398 nostros

399 1416 741 1503 deplorent
783 1429 850 1485 et
891 1428 1391 1571 conqltlierantur.
1456 1421 1708 1486 Dicunt
1738 1439 1869 1484 non
1890 1417 2116 1502 magni
2146 1418 2348 1482 inter-

400 1524 541 1571 esse
575 1507 774 1570 totius
810 1507 1037 1590 reipub
1069 1507 1204 1572 ‘cae
1239 1508 1296 1572 si
1329 1507 1475 1589 quis
1509 1506 1584 1570 in
1622 1505 1880 1589 negotio
1914 1504 2184 1569 fratrem
2221 1503 2345 1568 cir-

399 1592 825 1670 cumvenerit,
881 1601 1218 1676 praeterea
1274 1604 1340 1658 et
1395 1613 1544 1658 eum
1602 1592 1712 1674 qui
1757 1589 2033 1675 gloriam
2077 1609 2161 1653 ex
2205 1589 2346 1654 ani-

396 1676 520 1741 mis
565 1676 908 1742 hominum
954 1678 1293 1744 sustulerit
1334 1677 1472 1743 alas
1515 1677 1744 1744 virtuti
1798 1674 2206 1759 praecidisse,
2251 1674 2346 1739 le·

395 1782 673 1846 gemque
716 1771 1008 1829 nostram
1048 1762 1277 1829 multis
1319 1762 1670 1846 praeclaris
1712 1768 1780 1827 et
1819 1762 1984 1827 bene
2027 1761 2200 1824 natis
2241 1760 2344 1823 in-

394 1848 607 1932 geniis
651 1868 729 1913 ea
771 1848 852 1915 de
886 1870 1082 1915 causa
1125 1849 1471 1928 obstitisse,
1515 1847 1883 1931 multosque
1925 1845 2189 1911 tandem
2234 1843 2345 1911 de-

394 1953 711 2017 generare
775 1955 888 2001 coe
939 1936 952 1949 ‘
1067 1986 1081 1999 .
1190 1933 1304 2001 Sic
1380 1954 1500 2000 nos
1582 1942 1891 2017 tanquam
1969 1930 2342 2016 degeneres,

394 2017 700 2093 ταπεινούς
740 2025 842 2083 καὶ
883 2020 1152 2100 asthma·
1192 2020 1622 2105 despicientes
1667 2039 1907 2084 uxores
1951 2039 2102 2083 suas
2148 2036 2344 2100 quam

393 2114 669 2188 possunt
701 2107 1083 2172 arctissimis
1116 2104 1685 2189 superstitionibus
1720 2104 2044 2181 imbuunt,
2090 2122 2165 2167 eo
2199 2103 2345 2167 iure

392 2195 461 2255 et
493 2190 764 2256 vinculo
808 2212 917 2258 eas
957 2191 1241 2257 retinere
1262 2195 1298 2230 ¹*
1332 2200 1399 2256 et
1420 2190 1733 2257 devinciri
1753 2210 1942 2274 posse
1964 2186 2342 2268 iudicantes,

397 2295 588 2340 suam
632 2276 899 2342 interim
953 2276 1282 2342 luxuriam
1335 2277 1407 2341 in
1450 2277 1611 2343 alias
1700 2277 1898 2342 assim
1941 2281 2340 2340 exercentes.

390 2359 730 2444 Quidquid
773 2381 815 2426 a
855 2363 1150 2448 principe
1193 2363 1391 2428 etiam
1433 2363 1629 2429 nefan
1676 2361 1976 2428 issimum
2019 2360 2342 2426 sancitum

391 2445 477 2510 sit
519 2447 794 2513 retineri
837 2447 1072 2513 volunt
1126 2447 1208 2514 ob
1232 2498 1456 2514 ......
1486 2448 1543 2533 ⁷)
1586 2447 2006 2515 Lutheranos
2059 2444 2343 2512 interfici

390 2529 628 2598 debere
651 2541 936 2612 censent,
982 2534 1105 2600 sibi
1126 2534 1389 2600 interim
1412 2533 1684 2617 pulchre
1705 2540 2016 2600 caventes
2041 2579 2264 2597 ......
2287 2534 2342 2610 ⁷)

387 2614 774 2701 εὔτραπελίαν
812 2617 1050 2703 ubique
1095 2627 1495 2700 exercentes,
1551 2641 1702 2686 cum
1754 2617 2077 2703 religiosis
2119 2616 2199 2682 de
2237 2637 2341 2682 re-

387 2700 634 2788 ligione
676 2703 948 2786 pulchre
992 2704 1406 2784 disserentes,
1449 2727 1599 2772 cum
1633 2704 1840 2770 doctis
1876 2702 2146 2782 erudite,
2191 2723 2342 2769 cum

387 2789 862 2873 superstitiosis
908 2792 1375 2877 superstitiose,
1421 2791 1698 2874 denique
1731 2791 1826 2856 ita
1857 2787 2242 2872 versipelles
2276 2794 2344 2853 et

385 2878 708 2960 πανουργοὶ
772 2883 850 2940 ut
912 2877 994 2943 ab
1057 2876 1336 2945 incautis
1391 2898 1528 2943 non
1582 2876 1768 2945 facile
1820 2875 2339 2959 intercipiantur,

597 3063 657 3130 7)
695 3063 905 3122 Charta
937 3063 1195 3121 mnata.

2218 374 2375 438 1542
2422 395 2472 439 s.
2520 373 2579 439 d.

4266 385 4397 447 494

2453 582 2668 644 neque
2701 569 2925 626 tamen
2960 561 3412 644 comparandis
3449 562 3854 644 plausoribus
3895 571 3965 629 et
3997 566 4260 633 asseclis
4291 569 4398 633 in-

2453 648 2643 711 terim
2702 644 3173 732 defatigantur,
3238 647 3505 713 novitiis
3561 647 3946 731 quibusdam
3996 659 4064 716 et
4115 653 4397 719 incautis

2450 732 2954 813 insusurrantes,
3011 731 3229 798 Deum
3285 733 3604 816 optimum
3651 734 3983 801 hominem
4037 757 4174 802 non
4216 758 4395 805 orea-

2451 818 2626 884 visse
2663 827 2739 883 ut
2773 818 3036 883 tandem
3071 827 3384 902 perpetuo
3420 819 3736 903 supplicio
3771 819 3985 886 daret:
4028 822 4096 887 id
4131 823 4213 888 de
4246 822 4395 889 Deo

2449 904 2824 969 existimare
2867 903 3142 988 impium
3176 925 3318 969 esse
3351 903 3834 988 persuadentes,
3877 916 4395 993 perpetuumque

2450 988 2639 1054 illum
2692 991 2914 1073 ignem
2957 989 3144 1054 miris
3197 989 3659 1056 scommatibus
3712 991 4081 1075 irridentes,
4126 1002 4395 1060 eonten-

2452 1073 2678 1140 dentes
2713 1075 2955 1158 passim
2989 1074 3371 1158 religionem
3394 1084 3686 1141 nostram
3721 1077 3888 1142 nihil
3909 1087 4168 1162 praeter
4192 1081 4396 1147 verba

2451 1160 2712 1238 habere,
2770 1182 2916 1226 eam
2960 1161 3289 1226 neminem
3333 1182 3610 1245 usquam
3652 1171 4073 1245 assequutum
4115 1185 4236 1230 nee
4278 1186 4393 1249 po-

2452 1247 2659 1312 tuisse
2702 1267 2739 1310 a
2888 1247 2977 1325 ui,
3021 1247 3250 1311 tritum
3290 1246 3454 1312 illud
3496 1248 3568 1311 in
3604 1267 3717 1313 ore
3756 1246 4099 1315 habentes:
4142 1251 4391 1330 vivere,

2450 1331 2673 1397 bibere
2742 1267 3133 1412 gloqlaetari,
3211 1352 3590 1415 summeque
3654 1354 3787 1399 non
3853 1335 4172 1419 quadam
4233 1335 4390 1400 ἀλλὰ

2449 1417 2749 1500 φιλόζωοι,
2789 1415 3108 1500 hodieque
3141 1418 3419 1483 maiores
3460 1427 3725 1485 nostrae
3766 1419 4050 1486 familiae
4094 1422 4200 1488 his
4241 1444 4389 1506 per-

2448 1511 2755 1586 strepunt
2816 1524 2937 1569 nec
3000 1524 3120 1568 nos
3177 1512 3507 1582 verentur,
3569 1525 3729 1587 quos
3791 1515 4034 1571 norunt
4089 1515 4156 1573 et
4211 1508 4389 1591 leges

2449 1589 2682 1654 timere
2746 1597 2812 1654 et
2862 1587 3289 1673 potestatibus
3346 1589 3598 1656 odiosos
3652 1611 3812 1655 esse.
3900 1590 4161 1657 Addam
4218 1591 4390 1676 quod

2449 1683 2789 1757 praeterea
2842 1674 2941 1739 illi
2992 1695 3125 1739 non
3183 1673 3597 1740 dissimulant
3644 1674 3727 1741 de
3768 1677 3957 1742 Mose
4014 1678 4388 1757 sentienws,

2441 1759 3030 1843 prudentissimum
3049 1759 3237 1824 illum
3260 1757 3492 1825 ducem
3512 1769 3582 1825 et
3599 1762 4001 1843 praefectum
4025 1764 4122 1829 rei
4143 1763 4388 1828 milita-

2449 1847 2544 1912 ris
2586 1847 2930 1925 exstitisse,
2984 1866 3175 1928 quem
3230 1866 3379 1912 cum
3422 1845 3568 1911 Deo
3611 1855 3926 1930 tanquam
3966 1847 4186 1913 Numa
4241 1868 4393 1914 cum

2449 1951 2568 1996 sua
2630 1931 2873 2016 Egeria
2937 1930 3378 2015 colloquutum
3442 1931 3646 1997 aiunt.
3756 1932 3942 1999 Haec
4002 1941 4159 1998 sunt
4221 1955 4390 2017 quae

2448 2017 2741 2083 breviter
2773 2022 2809 2057 ¹·
2860 2017 3119 2083 illorum
3183 2016 3477 2082 moribus
3539 2018 3918 2101 perstrinxi,
3983 2019 4218 2101 quibus
4280 2039 4391 2084 eos

2447 2109 2762 2186 tanquam
2822 2103 3080 2168 leonem
3140 2122 3224 2168 ex
3293 2100 3623 2186 unguibus
3688 2102 4063 2188 dignoscere
4127 2104 4387 2188 poteris.

2448 2186 2636 2269 Quae
2674 2188 2894 2254 omnia
2934 2188 2991 2254 si
3025 2186 3297 2272 pulchre
3331 2187 3723 2270 depinxeris,
3768 2188 3934 2266 illos,
3977 2189 4144 2255 mihi
4178 2189 4388 2270 crede,

2446 2273 2773 2341 mordebis
2838 2280 2915 2352 et,
2966 2294 3221 2357 punges
3285 2272 3615 2340 acerrime.
3639 2277 3702 2352 ⁸)
3799 2274 3968 2340 Vale
4020 2274 4265 2341 iterum
4321 2284 4389 2340 et

2446 2360 2731 2427 rescribe
2797 2359 2856 2426 si
2911 2357 3068 2443 quid
3119 2359 3191 2424 in
3246 2358 3450 2425 tantis
3507 2358 4038 2443 occupationibus
4092 2360 4212 2428 otii
4266 2359 4390 2426 ali-

2445 2444 2705 2529 quando
2748 2451 2980 2512 nactus
3023 2446 3168 2511 eris.
3198 2445 3253 2526 ⁹)

2651 2648 4389 2717 8)Hocoom,inoodicetalsaintm·pundiomfflm

2445 2717 2825 2801 deformatum,
2872 2716 3110 2773 osta-dit
3155 2716 3446 2798 Culcham
3489 2719 3631 2773 talia
3680 2734 3750 2774 a
3797 2717 4387 2787 Oapnioscn'sen’tawm

2618 2828 2708 2922 ’9)
2747 2802 3743 2937 Exipsahacepistola⁸aiempiuo
3775 2792 4387 2911 ”amictv-enon

2436 2939 2757 2994 possum,
2804 2923 4386 2995 emm-meameapmmpaueupostnmdbuo

2444 2994 2674 3064 sou-ipsit
2707 2992 3670 3074 (N.·466)1⁴an·ceiroa3‘nitioma.
3706 2991 4387 3064 1643,me

2442 3061 3449 3133 mammaeam-os.
