5050 6167
439 395 553 456 345

435 599 585 644 nam
641 578 864 661 plures
919 577 1112 644 hodie
1180 578 1570 645 haberemus
1624 578 1997 645 huiusmodi
2050 589 2376 663 pastores:

432 666 523 729 ita
542 665 719 729 enim
740 665 973 730 melius
1010 685 1085 729 ac
1118 665 1358 730 rectius
1394 665 1715 730 haberent
1749 686 1855 731 res
1886 665 2375 732 ecclesiasticae.

431 751 737 815 Fuerunt
793 750 966 833 apud
1023 750 1302 834 gentiles
1358 750 1470 833 qui
1519 751 1899 816 maluerunt
1961 751 2237 835 relegari
2296 752 2377 816 ad

433 856 660 902 corvos
696 856 888 918 quam
920 835 1001 900 ad
1038 835 1435 901 adulatores:
1484 838 1702 902 minus
1735 838 1953 919 itaque
1989 839 2196 918 pietas
2236 860 2378 902 ves-

431 934 533 986 tra
589 919 834 985 Farelli
896 921 1306 1005 ingenuitate
1374 922 1614 987 offendi
1671 923 1880 987 debet.
1979 922 2264 987 Proinde
2323 925 2374 988 si

430 1007 583 1090 quid
622 1007 940 1072 hactenus
983 1028 1066 1071 ex
1109 1008 1349 1073 affectu
1387 1030 1503 1090 per
1534 1007 2055 1091 indignationem
2100 1024 2167 1072 et
2209 1011 2374 1073 iram

429 1115 469 1158 a
512 1114 836 1176 quoquam
881 1101 1175 1157 vostrum
1220 1103 1602 1176 conceptum
1661 1107 1775 1157 aut
1818 1093 2234 1177 designatum
2280 1107 2374 1159 est

429 1194 659 1244 contra
714 1178 1070 1258 Farellum,
1139 1200 1401 1244 oramus
1463 1200 1583 1261 per
1648 1178 2062 1244 dilectionem
2128 1179 2376 1244 Christi

427 1264 954 1330 ardentissimam
1009 1272 1077 1328 et
1118 1281 1391 1328 mortem
1448 1264 1738 1329 eiusdem
1784 1266 2260 1330 amarissimam
2310 1283 2379 1327 ut

425 1350 640 1434 posito
684 1351 919 1414 affectu
965 1349 1217 1414 nullum
1254 1371 1448 1431 porro
1482 1349 1695 1414 locum
1734 1349 1899 1415 detis
1944 1351 2217 1430 diabole,
2264 1350 2379 1416 scd

426 1434 670 1519 singuli
725 1437 1005 1501 invicem
1062 1434 1506 1501 condonantes
1566 1436 1804 1501 delicta
1860 1445 2055 1518 atque
2111 1448 2378 1518 peccata

423 1521 744 1605 principio
778 1522 951 1585 inter
989 1542 1106 1586 vos
1141 1543 1384 1599 omnes,
1431 1520 1666 1586 deinde
1702 1543 1852 1587 cum
1890 1522 2156 1600 Farello,
2201 1521 2376 1587 fideli

422 1621 686 1691 pastore
742 1617 992 1684 vestro,
1059 1607 1338 1672 redeatis
1402 1608 1474 1671 in
1538 1609 1836 1691 gratiam.
1938 1606 2083 1671 Imo
2138 1609 2194 1672 si
2249 1630 2376 1689 qua

423 1692 783 1760 consolatio
827 1693 897 1756 in
943 1692 1207 1757 Christo
1252 1703 1370 1768 est,
1417 1695 1469 1758 si
1517 1692 1685 1775 quod
1738 1693 2041 1757 solatium
2087 1692 2374 1758 dilectio-

421 1781 563 1854 1116,
624 1780 681 1844 61
739 1800 904 1861 61166
961 1780 1330 1844 communio
1385 1781 1683 1860 spiritus,
1743 1781 1964 1860 siqua
2012 1780 2257 1844 viscera
2302 1801 2375 1844 ac

421 1866 898 1940 miserationes,
942 1863 1258 1946 complete
1309 1864 1619 1948 gaudium
1667 1879 1981 1943 nostrum,
2029 1873 2104 1928 ut
2145 1864 2376 1928 simili-

420 1963 529 2015 ter
572 1951 788 2015 affecti
833 1951 1003 2027 sitis,
1061 1950 1336 2014 eandem
1389 1951 1725 2014 caritatem
1781 1950 2098 2014 habentes
2142 1951 2375 2014 unani-

419 2057 585 2112 mes,
631 2036 807 2100 idem
851 2037 1225 2112 sentientes,
1273 2057 1356 2099 ne
1400 2035 1556 2117 quid
1589 2039 1705 2100 fiat
1739 2057 1855 2118 per
1890 2037 2376 2101 contentionem

420 2133 495 2186 et
531 2124 794 2186 inanem
833 2123 1126 2205 gloriam,
1167 2121 1279 2185 sed
1317 2143 1432 2203 per
1459 2121 1896 2185 humilitatem
1934 2123 2136 2185 animi
2174 2121 2375 2186 alium

420 2209 702 2291 quisque
742 2230 811 2273 66
846 2210 1389 2291 praestantiorem
1426 2208 1775 2286 existimet,
1813 2229 1896 2271 ne
1941 2230 2058 2271 sua
2104 2207 2375 2290 quisque

420 2295 753 2376 spectetis,
799 2293 914 2357 sed
960 2295 1404 2375 unusquisque
1450 2314 1618 2375 quac
1663 2305 1819 2358 sunt
1862 2292 2156 2357 aliorum.

598 2379 784 2444 Haec
827 2380 1169 2444 scribimus
1213 2380 1416 2456 vobis,
1462 2380 1731 2443 Domini
1768 2401 1840 2444 ac
1877 2380 2111 2442 fratres
2154 2377 2374 2443 colen-

419 2464 698 2544 dissimi,
756 2466 1012 2540 diserte,
1071 2466 1370 2547 ingenue,
1429 2463 1717 2541 candide,
1776 2475 1840 2529 et
1898 2466 2060 2528 citra
2114 2486 2371 2528 omnem

416 2553 683 2628 fucum,
741 2551 894 2633 quia
950 2573 1244 2615 amamus
1299 2572 1413 2615 vos
1469 2561 1535 2614 et
1578 2552 1740 2615 116116
1787 2551 1967 2614 vobis
2009 2571 2150 2614 esse
2192 2551 2372 2632 eupi-

417 2655 602 2701 mus:
671 2638 762 2701 ita
818 2651 1035 2702 servet
1099 2659 1217 2701 nos
1274 2636 1591 2700 Christus,
1703 2637 2090 2701 Amavimus
2154 2647 2372 2698 autem

418 2720 778 2788 candorem
833 2737 1126 2787 vestrum
1163 2725 1292 2786 iam
1338 2723 1528 2786 annis
1566 2722 1829 2803 aliquot,
1878 2721 2153 2784 libenter
2188 2720 2372 2785 audi-

417 2809 644 2873 vimus
692 2807 771 2872 de
814 2817 1117 2889 prompta
1175 2819 1391 2871 vestra
1444 2806 1806 2872 obedientia
1851 2815 1916 2870 et
1960 2806 2173 2869 studio
2218 2827 2374 2889 erga

413 2896 732 2978 pietatem
777 2893 1045 2968 liberali,
1095 2892 1302 2974 deque
1338 2896 1708 2957 constantia
1750 2895 1955 2956 firma.
2027 2893 2170 2957 Hoc
2216 2915 2371 2975 ergo

411 3003 596 3044 nunc
654 2980 864 3062 magis
919 2978 1313 3042 indoluimus
1372 2977 1452 3042 de
1507 2978 1905 3044 dissensione
1959 2978 2072 3041 illa
2126 2989 2368 3042 vestra.

412 3065 555 3132 Sed
602 3086 938 3148 speramus
983 3064 1372 3129 nubeculam
1418 3065 1626 3140 illam,
1690 3087 1852 3147 quae
1912 3064 2163 3128 modico
2206 3074 2369 3128 tem-

410 3173 578 3235 pore
613 3151 833 3216 0611106
876 3163 1132 3214 vestros
1173 3149 1615 3228 conturbavit,
1674 3173 1849 3214 nunc
1903 3171 2021 3232 per
2080 3148 2370 3213 divinam

411 3239 703 3322 gratiam
747 3238 1050 3319 protinus
1096 3236 1582 3318 disparituram.
1671 3235 1999 3299 Dominus
2037 3235 2223 3298 Iesus
2270 3257 2368 3298 re-

413 3324 603 3407 digat
642 3344 760 3387 vos
816 3343 1041 3387 omnes
1098 3322 1333 3404 spiritu
1387 3343 1502 3386 suo
1561 3333 1781 3387 sancto
1839 3322 1909 3384 in
1958 3320 2368 3385 concordiam

411 3410 850 3475 arctissimam
896 3418 962 3472 61
1014 3408 1515 3472 stabilissimam.
1604 3406 1889 3471 Oramus
1933 3428 2067 3483 vos,
2113 3407 2365 3482 fratres,

411 3511 486 3560 et
528 3494 827 3577 precibus
871 3495 1108 3558 vestris
1151 3495 1356 3557 nostri
1399 3503 1900 3575 nostrarumque
1950 3491 2368 3556 ecclesiarum

411 3601 741 3645 memores
788 3580 928 3644 sitis
965 3578 1138 3660 apud
1181 3580 1559 3644 Dominum.
1630 3579 1876 3661 Tiguri,
1933 3577 2363 3642 15.Novemb.

412 3689 591 3731 anno
636 3665 907 3731 Domini
959 3671 1138 3729 1541.

951 3801 1173 3866 Vestri
1213 3801 1661 3878 amantissimi,
1700 3799 2281 3882 studiosissimique

830 3922 969 3985 Leo
1013 3919 1245 3996 Iudae,
1309 3919 1558 4001 Caspar
1603 3920 1981 4002 Megander,
2049 3921 2366 3984 Erasmus

830 4007 1183 4082 Fabritius,
1240 4005 1579 4069 Conradus
1623 4005 2012 4082 Pellicanus,
2073 4004 2365 4069 Theodo-

835 4114 945 4156 rus
989 4090 1389 4166 Bibliander,
1451 4091 1874 4175 Heinrychus
1919 4090 2364 4174 Bullingerus,

877 4200 950 4242 66
997 4176 1226 4259 reliqui
1271 4176 1554 4241 ministri
1599 4177 1906 4242 ecclesiae
1951 4177 2319 4259 Tigurinae.

1324 4446 1467 4517 376.

417 4588 850 4657 MINISTRI
887 4587 1324 4653 BASILIEN
1335 4585 1501 4652 sES
1558 4586 1620 4650 N
1627 4584 2070 4652 EOCOMEN
2075 4585 2361 4652 SIBUS.

597 4746 918 4810 Graviora
976 4765 1050 4807 ex
1107 4742 1528 4807 Bernevzsium
1585 4762 1688 4806 ore
1740 4741 1814 4805 de
1871 4760 2068 4805 causa
2124 4740 2367 4804 Farelli

417 4839 475 4897 et
518 4837 684 4897 statu
728 4850 940 4894 rerum
1003 4829 1171 4910 apud
1216 4848 1315 4893 eos
1362 4832 1746 4907 acceperunt,
1808 4826 2031 4907 quibus
2072 4831 2142 4889 ut
2179 4826 2365 4906 fidem

419 4917 752 4983 adhibeant
793 4916 904 4979 vix
947 4937 989 4979 a
1033 4936 1096 4979 se
1139 4915 1474 4994 impetrare
1507 4918 1785 4995 possunt.
1876 4912 2202 4976 Adiurant
2248 4912 2365 4976 col-

419 5003 588 5088 leyas
627 5007 696 5065 ut
739 5023 815 5066 ne
851 5020 984 5065 rem
1039 5001 1124 5064 ad
1168 5001 1526 5066 seditionem
1567 5019 1759 5079 usqae
1793 4998 2091 5081 progredi
2133 4999 2361 5061 sinant.

422 5174 614 5239 (Manu
651 5173 707 5226 M
749 5174 890 5226 conii
927 5173 1131 5240 scripta
1166 5172 1282 5223 sine
1318 5171 1477 5224 titulo
1515 5176 1694 5223 exstat
1728 5170 1784 5222 in
1821 5169 1961 5222 Bibl.
2000 5169 2172 5221 civica
2189 5169 2363 5222 Tui-ic.

508 5242 662 5296 MSS.
703 5190 760 5295 ξ’.
799 5241 882 5306 80,
921 5242 1048 5293 011111
1088 5241 1223 5308 Ε1111.
1262 5239 1320 5293 Τ.
1359 5238 1443 5307 45,
1480 5257 1534 5308 p.
1577 5238 1655 5304 19,
1694 5237 2020 5308 Apographa
2054 5231 2298 5291 1611611166

663 5311 864 5365 ibidem
901 5310 960 5364 F.
1000 5308 1083 5373 58,
1120 5326 1173 5378 p.
1211 5307 1310 5361 757
1346 5315 1402 5362 et
1437 5326 1524 5377 ap.
1563 5308 1846 5362 Simlerum
1884 5307 1986 5362 vol.
2026 5305 2132 5369 50.)

2125 396 2282 457 1541
2332 390 2749 462 NOVEMB.

4310 405 4433 468 346

2653 579 2953 647 Salutem
3030 591 3098 648 61
3168 586 3413 665 pacem.
3529 585 3810 668 Egimus
3876 586 4054 670 apud
4128 596 4434 655 senatum

2481 675 2779 732 nostrum
2823 667 3043 732 omnia
3085 690 3248 751 quae
3288 670 3637 753 potuimus,
3696 672 3881 736 iuxta
3937 674 4435 740 instructionem

2484 752 2824 816 literarum
2871 767 3254 832 vestrarum,
3288 757 3336 838 ¹)
3383 754 3463 819 (16
3508 758 3768 840 negotio
3814 758 4087 838 Farelli,
4145 769 4211 823 et
4266 760 4433 825 illud

2484 839 2817 903 effecimus
2883 848 2959 903 ut
3040 857 3303 904 senatus
3381 842 3552 923 apud
3635 843 4007 909 Beruenses
4087 845 4432 911 tabellione

2482 924 2683 988 misso
2707 923 2870 988 nihil
2893 926 3184 990 omiserit
3218 926 3389 1009 quod
3413 927 3493 992 ad
3520 927 3926 993 concordiam
3964 931 4433 996 conficiendam

2481 1010 2656 1072 inter
2700 1021 3025 1092 pastorem
3073 1022 3139 1075 61
3182 1033 3335 1077 oves
3378 1013 3618 1094 aliquid
3665 1016 3979 1079 momenti
4030 1015 4272 1081 habere
4315 1038 4431 1099 po-

2481 1096 2627 1158 tuit.
2715 1095 3113 1178 Scripsimus
3158 1113 3221 1161 et
3268 1119 3383 1162 nos
3428 1098 3509 1162 ad
3554 1100 3787 1164 fratres
3830 1100 4185 1165 Bernensis
4231 1102 4432 1168 eccle-

2482 1182 2634 1256 siae,
2683 1181 3098 1247 obsecrantes
3141 1184 3213 1246 in
3256 1182 3379 1249 hoc
3430 1195 3666 1262 essent,
3711 1197 3785 1248 nt
3830 1186 3909 1248 ad
3957 1188 4228 1250 candem
4277 1209 4432 1252 con-

2482 1266 2769 1331 cordiam
2827 1268 3129 1332 omnibus
3188 1269 3436 1334 viribus
3496 1272 3919 1354 magistratus
3980 1273 4269 1354 ipsorum
4328 1273 4431 1337 in-

2485 1351 2797 1416 tenderet.
2817 1355 2874 1429 2)
2963 1353 3146 1418 Idem
3195 1355 3503 1436 petiimus
3560 1377 3599 1418 a
3656 1359 3865 1434 vobiS,
3926 1368 4157 1421 senatu
4218 1368 4433 1424 vestro

2484 1447 2549 1500 et
2594 1438 2864 1503 Farezlo.
2957 1440 3209 1504 Verum
3256 1439 3365 1504 ubi
3408 1463 3791 1523 responsum
3837 1444 4121 1507 maxime
4166 1465 4205 1507 a
4250 1444 4433 1510 vobis

2481 1525 3033 1604 exspectavimus,
3093 1535 3168 1589 ut
3211 1525 3267 1589 si
3326 1547 3486 1607 opus
3545 1537 3716 1591 esset
3755 1528 3993 1593 melius
4048 1549 4241 1611 agere
4284 1551 4431 1612 pos-

2482 1629 2719 1686 semus,
2766 1610 2951 1674 101116
2998 1610 3364 1675 tacentibus
3410 1621 3541 1675 tam
3576 1612 3903 1677 horrenda
3925 1627 4189 1678 senatus
4212 1622 4432 1679 noster

2482 1694 2828 1776 accepit,³)
2889 1707 2964 1758 ut
3019 1718 3101 1759 cx
3159 1696 3299 1780 ipso
3361 1718 3552 1761 1161110
3611 1720 3741 1762 11011
3786 1700 3983 1763 fuerit
4032 1699 4350 1778 turbatus,
4390 1721 4432 1765 6

2482 1778 2667 1844 1101116
2724 1791 2976 1858 61116111,
3033 1794 3380 1864 postquam
3437 1783 3662 1847 cadem
3707 1783 3790 1848 ad
3846 1806 3965 1849 nos
4010 1806 4269 1867 quoque
4311 1806 4431 1868 per

2479 1865 2695 1945 ipsum
2742 1866 3161 1944 devenerant,
3209 1867 3714 1934 turbatis-simus.
3804 1870 4020 1934 Erant
4074 1883 4295 1935 autem
4354 1891 4433 1935 ea

2481 1948 2561 2014 de
2627 1950 2946 2015 seditione
3023 1974 3107 2015 ex
3189 1974 3317 2034 6116
3396 1954 3744 2018 timebatur
3822 1956 4159 2038 sanguinis
4238 1956 4432 2021 multi

2481 2036 2742 2114 effusis),
2823 2037 2879 2101 si
2946 2037 3247 2103 Farellus
3323 2039 3742 2119 pertinaciter
3809 2041 4123 2104 Neocomi
4190 2040 4429 2107 durare

2479 2131 2943 2202 praesumeret.
3056 2124 3145 2186 Et
3214 2124 3564 2205 scripserat
3622 2124 3880 2207 quidam
3942 2125 4269 2191 Farellum
4334 2129 4430 2192 ita

2478 2209 2799 2271 statuisse.
2821 2209 2879 2289 ⁴)
2949 2208 3084 2272 Nos
3129 2209 3384 2272 statim:
3432 2210 3485 2273 si
3532 2210 3652 2276 hoc
3688 2232 3921 2274 verum
3968 2223 4086 2288 est,
4130 2212 4430 2277 Fareuus

2480 2315 2613 2356 non
2671 2295 2808 2376 agit
2865 2294 3081 2357 virum
3139 2294 3606 2376 evangelicum.
3717 2295 3891 2360 Nam
3952 2297 4064 2378 qui
4122 2296 4274 2360 talis
4329 2306 4428 2362 661

2478 2378 2818 2442 Christum
2873 2392 3272 2444 servatorem
3330 2379 3515 2444 docet
3570 2381 3832 2458 mundi,
3889 2391 3956 2444 et
4009 2383 4062 2445 si
4120 2383 4262 2463 quis
4327 2404 4426 2446 re-

2477 2466 2802 2546 pugnarit,
2850 2485 2917 2528 66
2962 2465 3197 2546 ipsum,
3246 2487 3376 2529 non
3421 2464 3600 2542 alios,
3650 2479 3723 2529 ut
3825 2464 3952 2529 uod
4013 2465 4233 2531 docuit
4274 2487 4428 2531 con·-

2477 2551 2713 2626 firmct‚
2757 2550 3028 2632 exponit
3063 2550 3273 2614 morti.
3344 2549 3683 2614 Sividerit
3706 2574 3773 2614 se
3823 2552 4091 2616 itionem
4116 2555 4425 2632 futuram,

2475 2633 2726 2711 lubens,
2774 2646 2848 2699 ut
2891 2657 3035 2699 cam
3080 2646 3484 2717 praecaveat,
3531 2636 3718 2713 cedit,
3761 2660 3844 2701 ne
3890 2638 3975 2701 sit
4018 2638 4089 2700 in
4126 2638 4319 2719 culpa
4353 2645 4430 2703 ut

2479 2723 2746 2802 sanguis
2804 2718 3131 2784 fundatur.
3236 2721 3439 2784 Novit
3497 2723 3669 2784 enim
3729 2743 3927 2804 quam
3983 2722 4049 2786 id
4096 2725 4182 2787 sit
4225 2745 4427 2805 grave

2477 2817 2546 2869 et
2589 2805 2835 2888 grande
2879 2816 3216 2889 peccatum
3261 2827 3477 2869 coram
3524 2807 3826 2884 Domine,
3873 2808 4185 2890 praebere
4244 2829 4426 2874 occa-

2477 2893 2744 2969 sionem,
2793 2900 2866 2954 ut
2911 2891 3299 2973 sanguinem
3357 2893 3499 2972 quis
3556 2903 3815 2975 praeter
3860 2894 4317 2958 necessitatem
4361 2902 4428 2957 et

2475 2991 2736 3058 practer
2790 2987 3054 3041 auctum
3114 2977 3269 3040 fidei
3326 2977 3575 3058 perdat.
3679 2980 3770 3041 Et
3830 2979 3921 3041 ita
3975 2978 4239 3059 quidem
4289 2979 4427 3062 agit

2475 3064 2545 3125 in
2612 3063 2871 3144 negotio
2932 3083 3186 3126 summo
3237 3062 3315 3126 de
3376 3062 3503 3126 fide
3562 3062 3829 3128 Christi.
3934 3064 4018 3126 In
4074 3064 4220 3128 aliis
4265 3085 4425 3129 vero

2476 3168 2641 3229 quae
2692 3156 2967 3231 possunt
3024 3146 3345 3225 accidere,
3398 3148 3616 3229 qualia
3674 3159 3830 3212 sunt
3887 3150 4055 3213 bona
4109 3170 4306 3231 opera
4361 3157 4429 3214 et

2473 3243 2754 3315 peccata,
2801 3244 2935 3296 tam
2981 3233 3163 3296 abest
3207 3244 3281 3297 ut
3316 3233 3771 3313 tumultuetur,
3817 3246 3894 3298 ut
3929 3257 3968 3298 a
4004 3234 4426 3317 corripiendis

2473 3319 2825 3383 sceleribus
2870 3317 2951 3382 ad
2999 3330 3272 3400 1611111116,
3319 3331 3386 3383 61
3430 3329 3605 3382 66110
3651 3319 4126 3401 quodammodo
4186 3319 4265 3384 ab
4312 3319 4426 3384 ad-

2473 3403 2842 3468 hortatione
2879 3404 3078 3468 ctiam
3118 3404 3440 3468 bonorum
3475 3426 3761 3487 0116111111,
3810 3415 4065 3469 tantum
4102 3415 4175 3469 ut
4209 3413 4429 3470 servet

2471 3489 3026 3572 praedicationem
3070 3491 3508 3572 poenitentiae
3567 3499 3634 3553 et
3692 3491 4020 3574 evangelii
4077 3491 4425 3574 integram,

2474 3576 2817 3639 abstineat.
2908 3575 3037 3639 Hic
3083 3590 3302 3639 autem
3347 3576 3718 3659 accipimus,
3768 3577 4250 3642 contentionem
4293 3598 4427 3641 non

2473 3661 2618 3724 fieri
2661 3660 2741 3725 ob
2786 3659 2984 3724 fidem
3031 3659 3297 3736 Christi,
3345 3659 3457 3725 sed
3503 3663 3581 3726 ob
3626 3663 3845 3727 nescio
3896 3663 4067 3744 quod
4105 3673 4424 3727 scortum:

2472 3746 2678 3829 igitur
2721 3745 3031 3827 quidquid
3078 3759 3221 3809 erat
3266 3747 3644 3827 patiendum
3688 3748 3918 3828 magis,
3965 3769 4163 3828 quam
4207 3757 4281 3812 ut
4322 3769 4428 3812 res

2474 3831 2556 3895 ad
2603 3830 2984 3896 seditionem
3031 3831 3415 3895 exacerbata
3460 3833 3701 3897 fuisset.
3774 3832 3957 3897 Nihil
3992 3833 4063 3896 in
4110 3833 4427 3898 seditione

2474 3915 2653 3994 boni,
2714 3916 2887 3980 mala
2946 3929 3165 3980 autem
3231 3927 3391 3980 sunt
3445 3917 3811 3982 innumera.
3900 3918 3991 3981 Et
4046 3925 4123 3982 ut
4177 3918 4429 4000 reliqua

2474 4013 2824 4075 taceamus,
2866 4000 3031 4065 illud
3068 4011 3281 4067 tacere
3306 4023 3426 4066 nec
3462 4003 3614 4068 licet
3650 4026 3767 4067 nec
3810 4002 3996 4067 libet:
4044 4003 4426 4067 scandalum

2472 4087 2645 4169 quod
2689 4097 2890 4151 totam
2938 4087 3227 4152 Galliam
3264 4090 3816 4169 pertransiturum
3856 4088 4424 4153 essctaseditione

2469 4174 2615 4251 ista,
2663 4183 2730 4237 et
2765 4173 3170 4251 effecturum,
3218 4185 3293 4236 ut
3330 4182 3517 4238 vetus
3554 4174 3770 4256 opinio
3816 4172 3896 4237 (16
3937 4173 4277 4257 evangelio
4323 4195 4423 4237 se-

2472 4258 2705 4322 ditioso
2772 4259 2971 4322 robur
3037 4260 3393 4340 acciperet,
3464 4271 3529 4322 ct
3592 4260 3660 4322 in
3726 4259 4019 4322 futurum
4084 4280 4425 4341 nunquam

2469 4344 2854 4409 aboleretur.
2957 4343 3147 4423 Quod
3214 4365 3371 4407 vcro
3440 4344 3730 4409 Galliam
3800 4344 4144 4427 praecipue
4214 4346 4422 4409 nomi-

2470 4451 2723 4506 namus,
2763 4440 2985 4493 vestra
3029 4450 3228 4493 causa
3271 4431 3375 4493 fit:
3428 4452 3582 4493 nam
3620 4430 3860 4494 scimus
3897 4451 4094 4512 quam
4118 4430 4422 4495 omnibus

2471 4516 2641 4580 votis
2683 4515 2753 4579 in
2798 4514 2921 4578 hoc
2966 4514 3109 4580 sitis
3152 4525 3227 4578 ut
3270 4537 3551 4599 regnum
3596 4513 3759 4580 illud
3802 4523 4014 4579 totum
4075 4515 4422 4600 aliquando

2503 4753 2634 4812 376,
2671 4752 2729 4812 1)
2768 4767 2910 4819 quas
2944 4751 3256 4822 Eynaoedas
3290 4753 3567 4807 attuderat.

2676 4821 2730 4888 2)
2768 4821 3030 4874 Ministri
3069 4823 3410 4889 Beruenses,
3456 4823 3679 4877 Farello
3726 4824 3912 4877 minas
3961 4823 4155 4892 aequi,
4210 4823 4274 4876 in
4319 4822 4421 4876 hoc

2466 4890 2682 4957 myctio
2718 4889 3073 4943 intervenisse
3105 4907 3221 4944 non
3254 4892 3528 4945 videntur.

2673 4960 2732 5023 3)
2768 4959 2979 5012 Literis
3015 4959 3068 5013 d.
3109 4961 3190 5013 10.
3228 4960 3376 5014 Nov.
3414 4960 3579 5014 datis.
3652 4957 4011 5026 (Kirchhofer
4039 4976 4104 5028 p.
4143 4960 4253 5022 30.)

2675 5026 2733 5090 4)
2766 5034 3062 5096 postquam
3108 5029 3219 5082 scil.
3257 5029 3480 5083 Farello
3526 5029 3693 5096 leyati
3736 5030 4048 5082 Beruenses
4094 5027 4239 5080 hanc
4290 5040 4416 5079 con-

2469 5094 2731 5148 ditionem
2774 5095 3157 5165 imposuerunt
3190 5103 3254 5151 wt
3288 5098 3427 5152 daos
3467 5114 3675 5151 menses
3707 5098 3973 5152 Neocomi
4002 5101 4264 5162 maneret,
4301 5100 4420 5148 tum

2469 5180 2597 5218 vero
2632 5180 2856 5218 mamere
2890 5182 2947 5219 se
2969 5167 3264 5221 abdicaret.
3318 5167 3413 5220 Aa
3448 5168 3593 5236 quod
3627 5167 3718 5221 hic
3752 5165 4037 5234 respondit
4072 5181 4128 5218 se
4167 5165 4419 5221 Satanae

2468 5251 2585 5288 non
2620 5249 2918 5302 cessim-um,
2956 5240 3006 5288 et
3038 5235 3181 5288 mille
3210 5237 3403 5303 potius
3437 5242 3637 5292 mortes
3668 5251 3970 5306 passurum
3995 5251 4164 5304 qaam
4206 5239 4270 5290 ut
4313 5233 4419 5289 tali

2468 5304 2687 5359 ratione
2720 5304 2997 5358 ecclesiam
3023 5304 3301 5372 proderet.
