5050 6167
627 413 751 477 179

623 597 1079 665 reformatione
1096 647 1110 673 ‚
1167 596 1308 661 sine
1360 592 1517 659 idoli
1566 593 1745 659 illius
1790 594 2135 659 autoritate
2177 594 2560 658 instituitur.

623 685 855 750 Palam
897 681 1206 748 simulant
1259 702 1329 746 se
1372 700 1755 764 promovere
1798 700 1993 762 quam
2037 679 2321 762 petimus
2366 677 2560 743 collo-

625 770 1022 853 quutionem,
1077 766 1190 832 sed
1234 765 1401 830 clam
1443 766 1701 848 magnis
1746 786 1944 847 quum
1989 764 2561 848 pollicitationibus

624 862 769 921 tum
823 853 1021 918 minis
1072 873 1190 917 nos
1244 861 1646 934 oppugnant.
1753 849 2084 917 Caesarem
2141 851 2352 933 parati
2406 858 2562 915 sunt

625 938 939 1007 adiuvare
982 937 1216 1021 grandi
1261 937 1556 1020 pecunia,
1602 936 1655 1001 si
1702 935 1782 999 ad
1828 956 2010 1000 arma
2053 936 2226 1001 volet
2267 956 2560 1018 prorum-

622 1046 797 1109 pere,
843 1034 960 1089 aut
999 1021 1171 1105 quod
1201 1021 1583 1087 Centarenus
1617 1020 1859 1097 mallet,
1906 1022 1959 1085 si
2002 1028 2222 1103 potest
2264 1042 2382 1086 nos
2417 1021 2561 1086 sine

625 1110 822 1176 caede
864 1109 1248 1192 reprimere:
1308 1108 1410 1171 sin
1466 1106 1709 1188 aliquid
1758 1104 2068 1171 concedat
2107 1127 2415 1171 romanae
2457 1126 2561 1170 se-

626 1196 726 1262 dis
768 1192 1104 1279 tyrannidi
1140 1192 1361 1257 minus
1397 1201 1923 1268 consentaneum,
1969 1191 2243 1257 fulmina
2286 1191 2400 1257 illa
2432 1192 2559 1256 mi-

622 1288 890 1359 nantur,
928 1277 1159 1362 quibus
1195 1286 1401 1343 totum
1441 1280 1666 1342 orbem
1689 1286 2032 1342 concutere
2067 1278 2294 1342 solent.
2362 1279 2562 1360 Prop-

626 1374 730 1431 ter
772 1386 879 1432 res
931 1363 1185 1430 italicas
1239 1363 1557 1428 obnoxius
1610 1370 1709 1427 est
1756 1361 2004 1428 Caesar.
2105 1364 2285 1448 Ergo
2339 1384 2442 1442 ee,
2504 1362 2562 1427 si

623 1452 866 1529 licebit,
909 1450 1101 1516 consu
1153 1449 1256 1524 ‘et,
1301 1458 1379 1512 ut
1413 1468 1570 1532 pace
1604 1449 2014 1530 temporaria,
2058 1449 2166 1514 vel
2202 1468 2559 1531 paucorum

627 1558 948 1602 annorum
1026 1535 1094 1598 in
1145 1535 1331 1612 uciis,
1410 1533 1841 1600 Germaniam
1910 1542 2254 1616 componat
2316 1535 2563 1599 intacta

627 1641 838 1688 eausa.
950 1618 1142 1701 Quod
1207 1619 1553 1684 difficulter
1612 1619 2004 1701 impetrabit.
2116 1618 2321 1684 Vides
2385 1639 2563 1684 nunc

625 1706 797 1791 quod
842 1707 1030 1770 initio
1074 1705 1240 1781 dixi,
1296 1713 1431 1769 tam
1486 1705 1791 1769 obscuras
1835 1725 1978 1769 esse
2022 1705 2439 1782 coniecturaS‚
2485 1710 2565 1768 ut

626 1813 712 1858 ne
756 1790 1144 1858 divinationi
1177 1790 1434 1872 quidem
1479 1790 1883 1872 relinquatur
1925 1791 2120 1855 locus.
2188 1788 2364 1871 Quid
2408 1809 2562 1872 ergo

626 1876 923 1962 agimus?
1010 1875 1468 1941 Invocabimus
1512 1875 1760 1961 scilieet
1800 1896 2036 1940 nomen
2081 1874 2370 1952 Domini,
2414 1896 2562 1958 pre-

624 1962 1040 2044 cabimurque
1075 1973 1151 2024 ut
1193 1960 1361 2025 hanc
1403 1961 1757 2025 maximam
1802 1968 1868 2025 et
1909 1962 2367 2044 gravissimam
2410 1980 2561 2025 cau·

624 2068 784 2125 sam,
829 2048 898 2111 in
942 2066 1071 2128 qua
1111 2054 1177 2110 et
1218 2046 1426 2129 ipsius
1469 2046 1676 2130 gloria
1717 2053 1783 2110 et
1833 2046 2143 2112 ecclesiae
2185 2046 2362 2111 salus
2406 2066 2559 2110 con-

623 2134 886 2210 tinetur,
933 2151 1051 2197 sua
1092 2132 1538 2195 moderatione
1580 2131 1932 2215 gubernet,
1996 2151 2072 2196 ac
2113 2131 2184 2196 in
2228 2137 2409 2196 tanto
2453 2151 2558 2195 ar-

622 2218 822 2285 ticulo
866 2213 1184 2294 ostendat,
1230 2217 1352 2282 sibi
1398 2216 1565 2280 nihil
1602 2237 1743 2282 esse
1786 2217 2134 2298 pretiosius
2176 2237 2368 2298 quam
2413 2236 2558 2282 coe-

621 2303 853 2370 lestem
872 2302 1056 2367 illam
1094 2303 1496 2385 sapientiam,
1543 2323 1738 2384 quam
1774 2302 1961 2367 nobis
1983 2303 2055 2366 in
2078 2302 2418 2386 evangelio
2454 2323 2556 2366 re·

621 2388 886 2466 velavit,
939 2395 1008 2452 et
1048 2407 1160 2452 eas
1203 2388 1457 2453 animas
1497 2407 1658 2469 quas
1702 2407 1886 2453 sacro
1930 2388 2046 2452 filii
2089 2387 2193 2452 sui
2235 2386 2559 2470 sanguine

621 2473 913 2540 redemit.
1003 2473 1227 2555 quue
1281 2471 1739 2538 intentioribus
1792 2483 1859 2537 et
1912 2474 2145 2538 animis
2203 2480 2270 2537 et
2323 2470 2557 2538 studiis

622 2558 809 2626 nobis
851 2557 1245 2641 flagitandus
1287 2565 1417 2637 est,
1477 2578 1602 2641 quo
1655 2566 1813 2622 sunt
1867 2558 2087 2623 omnia
2130 2556 2210 2621 ab
2252 2558 2554 2623 omnibus

622 2645 983 2710 incertiora.
1073 2642 1148 2708 Si
1202 2651 1412 2708 totum
1468 2641 1662 2708 huius
1729 2643 1977 2726 negotii
2037 2643 2556 2727 progressionem

623 2749 698 2796 ac
733 2731 969 2794 seriem
1012 2727 1363 2813 diligenter
1405 2727 1851 2811 expendimus,
1895 2729 2293 2812 reperiemus
2335 2727 2554 2812 ipsum

619 2815 914 2881 mirificis
958 2812 1184 2891 modis,
1229 2815 1368 2879 sine
1411 2813 1749 2877 hominum
1783 2813 1890 2877 vel
1925 2814 2189 2878 consilio
2225 2813 2335 2878 vel
2370 2814 2555 2879 auxi-

618 2900 725 2975 lio,
772 2910 966 2982 atque
1008 2900 1203 2963 etiam
1244 2909 1504 2981 praeter
1559 2898 1851 2963 omnium
1896 2919 2072 2981 spem
2086 2950 2102 2977 ,
2157 2906 2393 2964 eventa
2436 2920 2555 2983 gu·

619 2985 947 3052 bernasse.
1015 2984 1121 3049 Ab
1165 2983 1288 3049 hac
1336 2985 1349 2996 '
1406 2983 1535 3048 ‘tur
1580 2984 1846 3061 virtute,
1892 3004 2090 3067 quam
2133 2985 2325 3050 toties
2368 3005 2555 3050 exse-

620 3071 787 3152 ruit,
866 3091 1045 3136 nunc
1110 3070 1230 3133 toti
1292 3088 1364 3133 re
1410 3091 1487 3135 us
1553 3076 1689 3134 tam
1752 3068 2077 3152 perplexis
2138 3068 2554 3155 pendeamus.

619 3157 847 3224 Unum
889 3176 996 3220 me
1029 3162 1260 3233 terret,
1324 3154 1493 3237 quod
1536 3161 1795 3219 tantum
1838 3154 2014 3219 inter
2056 3176 2177 3221 nos
2222 3154 2410 3221 video
2454 3177 2554 3221 se-

620 3242 945 3310 curitatis:
989 3239 1059 3304 id
1092 3261 1249 3306 vero
1292 3259 1428 3305 non
1467 3259 1574 3305 me
1608 3246 1818 3305 terret
1859 3239 2065 3318 mod0,
2107 3239 2220 3307 sed
2264 3248 2555 3306 conster-

622 3336 743 3394 nat
782 3327 1062 3410 penitus,
1129 3324 1301 3408 quod
1362 3345 1532 3390 nova
1587 3324 1874 3408 quotidie
1929 3325 2318 3393 offendicula
2379 3327 2555 3391 exci-

618 3419 864 3492 tantur,
918 3409 1107 3494 quale
1148 3418 1253 3475 est
1293 3411 1352 3474 ἐν
1390 3412 1464 3494 τῇ
1503 3409 1598 3491 dor
1792 3410 1899 3476 vel
1950 3412 2169 3495 potius
2222 3409 2553 3502 δυσγαμίᾳε

617 3518 833 3582 neque
874 3502 1097 3561 tamen
1139 3494 1284 3561 ideo
1325 3495 1606 3562 deiicior.
1761 3494 2029 3579 uidquid
2072 3496 2337 3577 accidet,
2379 3518 2554 3562 nun-

620 3602 818 3667 quam
861 3601 932 3649 se
982 3582 1197 3665 ipsum
1240 3579 1427 3647 Deus
1484 3581 1850 3666 abnegabit.
1889 3581 1973 3666 ¹2)
2072 3582 2301 3665 Nuper
2351 3603 2392 3647 a
2451 3583 2555 3648 Vi-

615 3674 746 3736 reto
787 3669 1012 3734 literas
1053 3666 1297 3749 mcepi,
1352 3667 1589 3749 quibus
1645 3665 1791 3732 ideo
1845 3665 2134 3734 breviter
2174 3666 2554 3753 respondeo,

661 3752 794 3820 uod
834 3774 1013 3819 nunc
1055 3752 1327 3817 minime
1360 3753 1691 3837 integrum
1735 3760 1837 3819 est
1867 3751 2054 3819 nobis
2097 3752 2177 3819 de
2220 3774 2298 3819 ea
2337 3775 2409 3818 re
2443 3753 2556 3819 de-

616 3840 913 3906 liberare.
975 3837 1267 3917 Utinam,
1311 3839 1401 3901 mi
1423 3837 1702 3915 Farelle,
1747 3839 2099 3905 concedere
2133 3841 2302 3906 istuc
2344 3838 2557 3922 primo

619 3924 725 3991 die
764 3924 985 3990 liceat:
1043 3923 1157 3989 sed
1215 3922 1371 4005 quid
1426 3924 1526 3990 vis
1578 3923 1849 3988 faciam?
1948 3927 2202 3991 Teneor
2253 3924 2362 3989 hic
2403 3944 2555 3991 con-

619 4012 906 4088 strictus,
959 4016 1026 4073 et
1068 4029 1297 4074 vereor
1338 4029 1755 4093 magnopere,
1799 4030 1884 4074 ne
1927 4011 2140 4076 taedio
2181 4009 2291 4077 hic
2332 4017 2556 4075 conta-

616 4097 894 4164 bescam.
980 4093 1151 4159 Vale
1194 4095 1437 4177 optime
1481 4104 1547 4159 et
1601 4094 1973 4161 dulcissime
2014 4097 2234 4161 frater.
2325 4094 2558 4161 Saluta

617 4180 1065 4249 amantissime
1128 4181 1290 4246 meis
1346 4180 1567 4245 verbis
1624 4200 1848 4246 omnes
1903 4183 2168 4259 fratres,
2234 4180 2559 4263 Capaneu«-

616 4268 767 4347 lum‚
793 4266 877 4353 ¹³)
919 4265 1238 4344 Z'komam,
1284 4264 1671 4345 michaelem,
1714 4267 1818 4331 cui
1853 4287 2166 4351 magnum
2195 4287 2556 4332 moerorem

619 4353 900 4419 afferent
927 4351 1092 4416 istae
1126 4350 1372 4428 literae,
1415 4349 1778 4416 Gorderium
1798 4360 2276 4436 praeceptorem
2315 4372 2557 4431 meum,

619 4446 687 4503 et
725 4436 1022 4518 reliquos.
1112 4436 1516 4520 Ratisponae
1560 4444 1618 4501 4.
1666 4436 1991 4504 Calendas
2036 4438 2315 4521 Apriles.
2348 4437 2428 4522 ¹⁴)

791 4520 1015 4603 Quum
1043 4520 1123 4605 Ι·”)
1167 4522 1299 4586 iam
1341 4521 1569 4587 literas
1623 4543 1806 4588 meas
1857 4524 2264 4603 clausissem,
2322 4522 2558 4588 allatae

619 4616 776 4676 sunt
813 4608 1009 4673 Vireti
1043 4606 1276 4672 literae
1321 4606 1404 4671 ad
1438 4607 1791 4675 Beruenses
1833 4617 1902 4675 et
1943 4609 2024 4674 ad
2066 4611 2428 4694 Grynaeum
2461 4607 2557 4672 al-

617 4704 816 4771 terae,
859 4713 1009 4758 cum
1052 4714 1133 4776 ap
1181 4692 1484 4759 endicula
1526 4702 1657 4759 tua.
1749 4696 1928 4760 Tuae
1972 4696 2171 4761 ctiam
2214 4694 2297 4760 ad
2339 4694 2556 4777 ipsum

624 4780 1008 4863 Grynaeum.
1184 4800 1341 4843 uum
1394 4778 1683 4845 Bac-eras
1736 4801 1962 4846 omnes
2017 4780 2328 4865 legendas
2392 4777 2558 4843 mihi

619 4864 919 4943 dedisset,
955 4865 1182 4948 rogavi
1216 4872 1293 4930 ut
1326 4864 1471 4929 illas
1507 4866 1755 4948 priores
1793 4868 1992 4933 Vireti
2024 4877 2093 4932 et
2121 4875 2269 4932 tuas
2291 4865 2553 4948 legeret.

829 5102 918 5171 12)
953 5101 1098 5156 deest
1129 5103 1231 5157 hoc
1263 5118 1468 5158 comma
1499 5105 1564 5158 in
1596 5103 1719 5159 edd.

827 5172 917 5235 13)
951 5171 1053 5225 hoc
1082 5188 1275 5227 nomen
1309 5190 1411 5227 om.
1446 5173 1564 5228 edd.

830 5240 920 5301 14)
954 5241 1173 5296 Bmmet
1204 5243 1344 5296 male
1377 5243 1461 5298 28.
1497 5241 1674 5295 Mart.

825 5308 919 5375 15)
959 5309 1112 5379 Quae
1145 5317 1447 5380 sequantur
1481 5311 1685 5365 abeam-t
1721 5309 1791 5363 ab
1824 5308 2116 5377 &apronia

2145 403 2669 473 EPISTOLAE
2714 407 3049 471 290—292

4479 405 4600 469 180

2663 592 2851 659 Unas
2909 590 3157 668 abdidi,
3215 592 3365 674 quia
3420 589 3699 656 verebar
3748 612 3835 656 ne
3881 591 4095 675 magis
4150 591 4603 657 exulcerarent

2664 699 2859 761 quam
2904 674 3147 759 aliquid
3201 677 3366 743 bene
3420 677 3744 760 agendum
3805 684 4302 743 commoverent.
4382 678 4600 760 Atque

2666 774 2741 828 ut
2783 771 2961 829 tuam
3022 762 3438 829 acerbitatem
3495 782 3947 847 recognoscas,
4001 763 4120 828 tibi
4164 783 4275 828 eas
4314 763 4594 829 remitto.

2664 850 2828 932 Ego,
2873 848 2966 912 mi
3004 847 3270 926 Farella
3316 847 3626 931 quidquid
3670 848 3784 913 abs
3820 860 3884 912 te
3917 847 4133 931 prodit
4167 847 4601 931 placidissimo

2668 935 2883 999 animo
2926 933 3185 1018 accipio.
3270 933 3496 1015 Neque
3554 954 3709 999 vero
3764 955 4041 1016 aequum
4094 943 4224 1012 est,
4278 941 4356 999 ut
4397 954 4600 1016 quum

2664 1020 2830 1084 mihi
2865 1028 3120 1085 tantum
3155 1019 3314 1084 iuris
3351 1018 3522 1102 apud
3559 1030 3625 1083 te
3659 1040 3908 1084 sumam
3970 1018 4086 1082 tibi
4121 1019 4333 1103 legem
4368 1019 4597 1087 dicam.

2666 1104 2862 1189 Apud
2906 1125 3013 1169 me
3051 1105 3255 1188 igitur
3298 1105 3518 1169 omnia
3561 1106 3825 1187 impune
3868 1069 4043 1168 (ἥσθε
4087 1112 4154 1169 et
4194 1105 4417 1171 facies:
4483 1103 4598 1171 sed

2665 1191 2880 1274 cogita
2923 1211 3063 1256 esse
3107 1188 3265 1255 alios
3300 1189 3410 1272 qui
3444 1190 3714 1273 indigne
3749 1190 3873 1255 sibi
3905 1189 4306 1272 impietatem
4351 1199 4418 1255 et
4448 1211 4599 1275 per-

2663 1277 2904 1341 niciem
2961 1275 3262 1341 ecclesiae
3313 1276 3592 1360 impingi
3646 1278 3876 1340 ferant.
3975 1273 4165 1341 Istud
4220 1297 4430 1360 neque
4484 1285 4600 1341 tua

2665 1382 2876 1445 neque
2918 1382 3064 1427 mea
3105 1381 3303 1426 causa
3345 1360 3520 1439 dieo,
3574 1359 3689 1426 sed
3731 1381 3816 1427 ne
3858 1362 4033 1426 viam
4074 1360 4261 1427 nobis
4303 1360 4596 1427 obstrua-

2664 1468 2828 1512 mus.
2918 1445 3245 1528 Quoniam
3299 1446 3391 1510 ita
3449 1446 3577 1525 vis,
3634 1465 3756 1510 nec
3812 1444 4126 1512 dimoveri
4180 1467 4220 1511 a
4272 1448 4599 1513 sententia

2665 1539 2878 1615 potes,
2937 1552 3057 1616 ego
3101 1532 3590 1614 paratissimum
3634 1551 3742 1595 me
3785 1533 3988 1597 offero
4031 1533 4227 1598 etiam
4273 1531 4355 1596 ad
4399 1533 4597 1598 devo-

2664 1619 2923 1682 tionem.
3014 1615 3191 1698 Quid
3233 1617 3338 1682 vis
3382 1617 3679 1701 amplius,
3726 1637 3919 1698 quam
3961 1625 4038 1682 ut
4076 1638 4183 1683 me
4227 1616 4597 1683 dedititium

2662 1701 2781 1766 tibi
2835 1701 3133 1768 tradam?
3225 1703 3372 1767 Non
3426 1712 3583 1767 sunt
3637 1702 3849 1768 verba.
3940 1702 4188 1767 Videor
4228 1704 4394 1768 mihi
4436 1705 4594 1771 satis

2664 1788 2745 1853 ab
2787 1788 2975 1852 initio
3022 1787 3414 1868 declarasse,
3463 1808 3572 1852 me
3620 1808 3751 1852 non
3794 1787 3995 1853 iocari
4037 1790 4107 1852 in
4151 1787 4274 1853 hoc
4316 1789 4594 1873 negotio.

2665 1872 2798 1938 Sed
2842 1875 2995 1955 quia
3038 1873 3102 1938 id
3145 1874 3265 1939 tibi
3307 1871 3681 1956 persuaderi
3726 1894 3856 1937 non
3899 1881 4141 1957 potest,
4198 1895 4334 1938 non
4390 1873 4596 1941 habeo

2662 1957 2833 2042 quod
2872 1960 3128 2036 faciam,
3172 1959 3300 2023 nisi
3335 1959 3690 2024 Dominum
3733 1979 3977 2042 precor,
4023 1966 4102 2024 ut
4144 1960 4435 2025 animum
4478 1960 4597 2026 tibi

2662 2065 2882 2109 meum
2922 2044 3191 2126 aperiat.

2830 2127 3121 2195 Bucerus
3166 2127 3458 2193 nondum
3517 2128 3697 2213 legit.
3786 2130 4062 2194 Tentavi
4129 2141 4350 2195 tamen
4416 2130 4595 2197 illius

2661 2217 2985 2294 animum,
3044 2236 3128 2279 an
3173 2215 3527 2280 sustineret
3584 2237 3655 2279 se
3696 2214 3852 2279 illuc
3894 2212 4041 2279 duci
4085 2214 4167 2279 ab
4207 2215 4356 2281 istis
4397 2218 4594 2282 comi-

2662 2300 2788 2377 tiis,
2833 2299 3215 2384 priusquam
3258 2298 3521 2365 domum
3567 2299 3992 2366 revertamur.
4082 2301 4230 2365 Non
4272 2303 4453 2367 visus
4495 2308 4595 2368 est

2658 2384 2822 2448 mihi
2866 2385 3216 2469 aspernari.
3305 2384 3490 2449 Nihil
3546 2405 3702 2467 ergo
3757 2385 3991 2451 melius
4035 2385 4229 2451 video
4280 2407 4473 2469 quam
4514 2395 4593 2452 ut

2658 2469 3001 2536 consilium
3090 2471 3259 2536 istuc
3358 2490 3841 2553 prosequamur.
3973 2472 4161 2555 Rogo
4184 2521 4201 2550 ,
4290 2479 4363 2537 ut
4449 2472 4593 2538 sine

2659 2563 2846 2620 tanta
2903 2555 3317 2622 vehementia
3374 2554 3666 2638 Capitoni
3717 2576 4036 2638 exponas,
4089 2555 4160 2620 id
4212 2556 4330 2622 tibi
4384 2557 4594 2623 videri

2658 2639 3011 2724 reliquum:
3072 2640 3329 2724 quando
3393 2640 3595 2724 priori
3655 2661 3768 2723 spe
3825 2641 4121 2706 frustrati
4177 2663 4293 2709 vos
4347 2664 4590 2709 sumus.

2657 2727 2964 2810 Ignosces
3025 2726 3197 2809 quod
3252 2726 3518 2792 liberius
3571 2725 3866 2792 scribam.
3968 2726 4305 2792 Ooniieere
4369 2738 4594 2795 tamen

2658 2820 2862 2895 potes,
2928 2821 3170 2894 quanto
3232 2832 3526 2877 moerore
3597 2813 3723 2877 sim
3788 2811 4066 2877 afflictus
4084 2864 4100 2891 ,
4170 2812 4327 2878 dum
4395 2814 4594 2879 talem

2659 2897 2939 2963 amicum
3015 2897 3177 2961 mihi
3241 2906 3534 2982 ereptum
3597 2917 3769 2976 esse,
3797 2900 3882 2976 ιο)
3945 2918 4247 2978 uxorem,
4321 2900 4593 2965 fratrem

2663 2981 2959 3049 Carolum
3016 3003 3207 3065 quem
3260 2982 3482 3048 fratris
3528 2982 3669 3049 loco
3728 2982 3938 3047 habeo
3993 2982 4226 3049 saltem
4291 2983 4589 3064 secundi,

2659 3076 2727 3132 et
2799 3075 3004 3134 totam
3079 3067 3391 3132 familiam
3406 3119 3423 3146 ,
3505 3068 3742 3151 quique
3808 3067 3892 3134 ad
3964 3088 4153 3151 opem
4231 3066 4421 3136 nobis
4495 3069 4593 3135 fe-

2657 3151 2928 3219 rendam
2995 3160 3418 3220 accurrerunt
3479 3153 3550 3217 in
3613 3153 3941 3235 praesenti
4009 3153 4239 3219 mortis
4306 3156 4593 3238 periculo

2658 3260 2816 3305 esse.
2939 3240 3157 3322 Atque
3220 3239 3477 3305 utinam
3541 3238 3650 3302 hic
3712 3259 3888 3304 esses
3948 3237 4033 3304 ad
4085 3238 4313 3305 horam
4370 3260 4589 3306 unam.

2658 3325 2829 3391 Novi
2903 3332 3083 3390 tuam
3158 3324 3657 3390 humanitatem.
3773 3323 3927 3390 Non
3991 3344 4218 3408 posses
4280 3346 4389 3391 me
4451 3326 4594 3392 sine

2657 3410 2914 3495 ingenti
2997 3409 3264 3476 tristitia
3337 3410 3676 3494 inspicere.
3819 3410 3965 3494 Ego
4056 3411 4234 3475 enim
4310 3409 4449 3476 dies
4527 3418 4595 3478 et

2659 3504 2881 3561 noctes
2914 3516 3063 3562 sum
3094 3496 3168 3560 in
3203 3495 3411 3561 luctu:
3455 3514 3578 3561 nec
3612 3494 3877 3580 elugere
3911 3514 4195 3579 possum.
4264 3494 4400 3563 Sed
4434 3497 4593 3581 quid

2659 3581 2780 3648 tibi
2822 3581 3133 3648 molestus
3176 3602 3323 3647 sum
3365 3601 3513 3646 mea
3556 3580 3836 3657 miseria,
3889 3601 4091 3664 quum
4132 3580 4340 3647 nihilo
4381 3584 4593 3666 magis

2657 3687 2765 3731 me
2807 3686 3173 3746 exonerem,
3217 3685 3411 3749 quam
3455 3667 3509 3730 si
3553 3685 3716 3745 eam,
3758 3671 3838 3731 ut
3878 3666 4072 3743 soleo,
4117 3666 4353 3733 tacitus
4396 3667 4593 3734 devo-

2659 3773 2891 3818 rarem.
2976 3751 3146 3817 Vale
3179 3752 3399 3836 igitur,
3444 3751 3536 3816 mi
3574 3750 3842 3817 Farelle.
3928 3750 4252 3818 Dominus
4294 3752 4414 3819 tibi
4458 3753 4591 3819 lae·

2660 3839 2843 3903 tiora.
2930 3835 3135 3903 Vides
3191 3858 3297 3902 me
3348 3836 3673 3920 prioribus
3730 3836 3936 3903 literis
3978 3858 4112 3903 non
4152 3838 4248 3902 ita
4288 3836 4592 3904 flebiliter

2659 3923 3094 3990 calamitatem
3138 3942 3353 3988 meam
3393 3921 3799 4004 deplorasse:
3860 3923 4011 4004 quia
4051 3922 4374 3988 malebam
4413 3924 4592 3990 solus

2659 4029 2803 4074 esse
2845 4009 3064 4088 miser,
3106 4029 3301 4091 quam
3343 4018 3594 4091 partem
3637 4008 3711 4071 in
3754 4008 3993 4074 amicos
4028 4007 4395 4074 devolvere.
4456 4006 4591 4076 Sed

2660 4092 2816 4159 dum
2851 4112 3161 4160 excusare
3203 4114 3309 4159 me
3353 4093 3471 4159 tibi
3514 4092 3663 4158 volo
3697 4093 3862 4159 facio
3896 4093 4066 4177 quod
4102 4094 4400 4160 homines
4424 4109 4597 4161 'con-

2660 4179 2934 4245 sternati
2980 4178 3207 4257 solent,
3261 4179 3374 4262 qui
3416 4199 3549 4243 non
3592 4179 3988 4263 respondent
4029 4178 4171 4245 sine
4212 4199 4450 4265 magno
4492 4186 4595 4246 tu-

2662 4263 2895 4344 multu,
2943 4264 3199 4330 etiamsi
3244 4262 3526 4330 blandiri
3568 4264 3791 4330 velint.

3555 4704 3675 4773 291
3688 4759 3701 4772 .

3187 4841 3655 4910 OALVINUS
3701 4842 4057 4910 VIRETO.

2837 5015 3024 5079 Totus
3067 5020 3160 5079 est
3188 5013 3258 5077 in
3289 5014 3675 5095 deploranda
3695 5015 4315 5099 Argentoratensium
4351 5025 4408 5083 et
4438 5039 4594 5088 suae

2661 5101 2880 5165 domas
2934 5100 3301 5165 calamitate.
3406 5098 3750 5166 Ratisbona
3812 5100 4025 5167 relicta
4084 5101 4394 5169 Genavam
4457 5127 4592 5173 ver·

2872 5304 2960 5368 16)
2995 5304 3142 5357 deest
3157 5303 3389 5358 verbum.
3447 5304 3725 5372 Loquiwr
3742 5305 3809 5360 de
3825 5305 4039 5359 Feraeo
4053 5311 4108 5393 ,⁶⁶
4125 5304 4184 5361 0.
4203 5304 4587 5379 Rieheburyio.
