5050 6167
685 435 820 499 643

683 640 1063 770 propensus
1107 639 1237 685 non
1280 624 1438 685 erat.
1508 616 1744 699 Itaque
1778 616 2074 682 nondum
2109 616 2372 684 incalui.
2444 613 2654 714 Vides

691 707 806 789 qui
895 706 1192 771 futurum
1227 704 1314 773 sit
1348 703 1476 769 nisi
1513 702 1728 769 subito
1762 702 2098 782 advenias,
2145 711 2216 768 ut
2251 712 2429 769 certo
2463 703 2652 767 initae

692 791 864 859 mihi
927 789 1321 874 persuadeas
1380 810 1515 855 non
1575 787 1748 861 male
1813 810 1918 854 me
1984 809 2252 871 operam
2316 786 2651 857 collocare.

693 876 911 943 Aiunt
952 897 1145 942 suum
1187 875 1420 958 cuique
1453 894 1597 941 esse
1628 873 2001 956 pulchrum.
2071 874 2321 939 Verum
2356 874 2487 939 nisi
2530 872 2653 938 tibi

691 961 908 1046 magis
965 960 1265 1045 placuero
1319 981 1516 1043 quam
1562 958 1726 1025 mihi
1781 959 1852 1025 in
1896 959 2019 1026 hoe
2063 980 2274 1043 opere,
2319 960 2654 1027 incumbet

691 1047 767 1115 in
824 1047 1187 1131 spongiam.
1275 1046 1454 1130 Ergo
1508 1046 1567 1110 si
1618 1045 1996 1127 promoveri
2039 1046 2243 1128 cupis,
2305 1045 2475 1124 veni,
2535 1051 2653 1111 aut

693 1133 928 1201 saltem
972 1140 1049 1197 ut
1089 1132 1566 1199 communicato
1618 1130 1794 1195 inter
1849 1151 1969 1196 nos
2025 1131 2295 1197 consilio
2351 1132 2424 1195 in
2477 1131 2653 1198 hanc

694 1227 816 1285 aut
856 1218 1039 1283 illam
1072 1224 1332 1302 partem
1366 1215 1813 1283 deliberemus.
1881 1214 1961 1282 Si
2005 1216 2129 1283 hac
2163 1239 2295 1283 non
2330 1216 2652 1297 succedet,

692 1304 812 1371 alii
853 1303 1143 1371 studium
1185 1323 1407 1369 meum
1451 1303 1854 1368 transferam.
1944 1299 2188 1368 Verum
2231 1310 2307 1367 tu
2350 1302 2434 1368 ad
2476 1302 2652 1369 ordi-

691 1409 849 1457 nem
895 1389 1226 1474 pertinere
1279 1387 1638 1462 existimas,
1699 1395 1764 1452 te
1819 1408 1953 1452 non
2008 1388 2139 1454 nisi
2193 1389 2653 1454 ministrorum

691 1476 985 1543 omnium
1063 1486 1131 1539 et
1212 1482 1479 1540 senatus
1564 1482 1800 1557 rogatu
1879 1476 2324 1557 accersituque
2399 1474 2648 1540 venire.

689 1558 1005 1645 Ignosces
1059 1559 1252 1625 mihi:
1319 1558 1442 1626 sed-
1489 1560 1561 1624 in
1624 1558 1821 1625 rebus
1873 1559 2019 1625 istis
2075 1560 2349 1627 minutis
2402 1559 2652 1627 videris

692 1666 1164 1729 nonnunquam
1209 1644 1374 1710 mihi
1415 1645 1612 1710 nimis
1654 1664 1972 1711 morosus.
2059 1645 2211 1711 Non
2253 1645 2376 1713 hoe
2430 1647 2654 1730 agitur

691 1752 876 1799 nunc
919 1741 995 1796 ut
1034 1729 1343 1797 derelicta
1377 1751 1513 1795 una
1554 1729 1826 1795 ecclesia
1868 1730 1953 1796 ad
1995 1730 2268 1797 alteram
2314 1731 2652 1810 concedas,

689 1816 812 1885 sed
855 1824 1116 1882 tantum
1173 1826 1251 1881 ut
1303 1817 1553 1881 invisas
1609 1815 1950 1881 ecelesiam
2012 1816 2181 1885 hanc
2224 1819 2393 1885 citra
2448 1817 2655 1882 ullam

691 1903 1283 1969 commutationem.
1351 1900 1549 1984 Apud
1585 1909 1732 1967 tuos
1772 1900 1975 1968 habes
2010 1901 2350 1969 honestam
2388 1922 2654 1969 causam

690 1986 1010 2072 petendae
1053 1987 1398 2053 missionis.

690 2074 821 2139 eris
878 2074 948 2138 in
992 2073 1209 2139 aliena
1252 2071 1542 2151 ecclesia,
1600 2071 1715 2138 sed
1770 2094 1938 2156 quae
1992 2079 2060 2138 te
2113 2075 2396 2158 primum
2455 2094 2655 2140 suum

688 2158 1100 2224 fundatorem
1139 2168 1206 2223 et
1238 2157 1686 2223 institutorem
1707 2179 1969 2243 semper
1990 2161 2302 2243 agnoscit.
2353 2161 2445 2224 At.
2476 2156 2654 2224 istud

690 2253 934 2325 tamen,
987 2245 1262 2327 inquies,
1322 2243 1655 2327 aliquanto
1698 2246 1912 2328 magis
1955 2243 2233 2325 deceret,
2291 2266 2521 2311 omnes
2565 2244 2654 2309 si·

688 2329 825 2394 mul
874 2330 1209 2395 ministros
1263 2329 1334 2394 id
1389 2337 1629 2413 petere.
1715 2329 1797 2394 Id
1853 2329 2117 2413 quidem
2162 2329 2345 2395 nullo
2388 2331 2654 2416 negotio

688 2415 1032 2499 expediam
1090 2417 1143 2482 si
1204 2414 1396 2479 aliter
1454 2415 1644 2482 nolis.
1733 2412 1868 2481 Sed
1912 2414 2232 2482 hactenus
2274 2426 2452 2482 certo
2496 2437 2652 2483 con·

687 2500 833 2566 silio
878 2501 1183 2566 abstinui.
1254 2501 1347 2566 Et
1390 2501 1449 2565 si
1491 2500 1658 2565 mihi
1701 2500 2046 2581 auscultes,
2090 2522 2223 2566 non
2269 2502 2535 2586 urgebis
2577 2510 2654 2566 ut

684 2587 820 2651 fiat.
911 2585 1231 2652 Gaudent
1315 2606 1478 2650 uum
1523 2593 1589 2650 te
1626 2594 1982 2651 venturum
2025 2586 2332 2652 audiunt:
2392 2587 2652 2654 venisse

684 2681 756 2737 te
799 2670 1193 2756 gaudebunt.
1322 2672 1344 2736 i
1388 2672 1612 2737 literas
1648 2670 1731 2737 ab
1773 2672 1934 2754 ipsis
1978 2672 2325 2755 postulem,
2370 2671 2653 2739 libenter

687 2756 957 2823 dabunt.
1048 2755 1186 2823 Sed
1226 2756 1381 2841 quid
1428 2755 1693 2839 prodest
1733 2757 2004 2825 iniicere
2048 2756 2376 2841 aliquibus
2418 2778 2650 2824 eorum

688 2842 1144 2926 suspicionem,
1201 2861 1366 2925 quae
1422 2844 1667 2907 frustra
1710 2863 1819 2908 eos
1864 2843 2093 2909 anxios
2137 2842 2421 2909 habeat?
2507 2845 2648 2910 Pu-

679 2927 856 2994 tabit
897 2928 1075 2993 enim
1120 2927 1346 3012 procul
1406 2926 1600 2994 dubio
1643 2927 1968 3011 quispiam
2024 2927 2285 3013 longius
2330 2929 2456 2996 hoc
2498 2951 2647 3013 per-

683 3014 914 3079 tinere.
1004 3013 1111 3080 De
1166 3021 1433 3093 senatu,
1489 3012 1670 3079 nullo
1713 3010 1905 3078 modo
1947 3012 2113 3079 mihi
2165 3013 2448 3081 videtur.
2537 3014 2648 3082 Ad

682 3108 753 3164 te
796 3099 976 3165 enim
1021 3099 1079 3165 si
1118 3100 1476 3183 scripserit,
1522 3120 1657 3164 non
1701 3099 1818 3164 fiet
1859 3098 2002 3165 sine
2038 3106 2406 3167 vestrorum
2440 3100 2649 3167 homi-

683 3206 849 3250 num
915 3185 1301 3264 offensione,
1369 3185 1426 3251 si
1491 3184 1827 3267 praeteriti
1891 3184 2155 3251 fuerint.
2242 3185 2321 3253 Si
2386 3185 2470 3251 ad
2535 3208 2647 3253 eos

685 3271 886 3336 etiam
930 3271 1129 3337 scribi
1170 3270 1368 3349 velis,
1429 3290 1591 3352 quos
1634 3290 1970 3336 sermones
2014 3272 2382 3338 exorituros
2426 3283 2645 3356 putas,

726 3357 870 3421 uasi
904 3357 986 3422 ob
1021 3355 1308 3440 aliquam
1341 3359 1586 3422 seriam
1619 3356 2072 3422 necessitatem
2090 3365 2364 3424 vocatus
2398 3357 2644 3424 fueris?

683 3377 1068 3525 {implicitis
1110 3442 1332 3526 igitur,
1396 3448 1464 3507 et
1516 3440 1646 3506 cito
1690 3440 1975 3524 quidem,
2032 3442 2091 3509 si
2146 3444 2269 3510 tibi
2321 3442 2502 3510 cordi
2546 3450 2649 3510 est

684 3525 934 3594 Bucero
975 3527 1301 3593 satisfieri.
1388 3526 1692 3611 Frigebit
1745 3528 1920 3592 enim
1963 3548 2127 3611 opus
2170 3528 2375 3597 donee
2419 3538 2493 3596 tu
2536 3551 2644 3596 me

682 3614 1017 3697 praesenti
1060 3611 1531 3695 approbatione
1575 3612 1968 3678 incitaveris.

855 3698 960 3764 De
1004 3698 1144 3764 loco
1187 3696 1402 3775 Pauli,
1429 3699 1487 3773 ²)
1530 3704 1610 3762 ut
1657 3705 1734 3763 tu
1789 3697 2000 3781 lepide
2042 3719 2151 3766 me
2194 3698 2470 3780 derides,
2526 3702 2644 3786 qui

683 3782 926 3851 iudicio
993 3783 1231 3849 tribuis
1292 3781 1464 3864 quod
1528 3782 1636 3849 vel
1702 3803 1922 3849 errore
1986 3786 2235 3851 scribae
2290 3787 2400 3853 vel
2457 3809 2644 3853 mera

682 3868 1194 3934 hallucinatione
1237 3868 1481 3933 factum
1524 3878 1642 3933 est.
1707 3867 1842 3934 Pro
1878 3871 2159 3937 secundo
2203 3872 2380 3937 enim
2425 3874 2640 3957 capite

683 3955 951 4018 tertium
1017 3960 1321 4018 notatum
1377 3960 1495 4018 est.
1584 3951 1662 4019 Si
1724 3974 1855 4037 qua
1910 3955 1990 4021 de
2038 3978 2119 4023 ea
2170 3978 2245 4023 re
2306 3959 2640 4024 calumnia

681 4047 992 4123 emerget,
1038 4038 1236 4104 nimis
1277 4039 1499 4104 ieiuna
1533 4039 1676 4119 erit,
1719 4039 1992 4125 ideoque
2026 4064 2150 4110 sua
2180 4043 2448 4111 levitate
2481 4065 2637 4110 eva-

680 4132 924 4190 nescet.
1014 4123 1300 4206 Nuptias
1353 4123 1528 4189 demi
1581 4134 1841 4193 vestrae
1892 4128 2024 4194 iam
2080 4150 2223 4196 esse
2275 4128 2639 4197 celebratas

680 4209 982 4275 intellexi
1027 4229 1112 4274 ex
1159 4208 1409 4274 Fatino.
1436 4213 1494 4287 ⁸)
1561 4210 1887 4281 Dominus
1930 4216 2232 4299 coniugio
2276 4213 2635 4293 benedicat,

679 4295 876 4360 sicuti
911 4294 1206 4359 futurum
1242 4315 1448 4378 spero.
1513 4294 1591 4362 Si
1624 4296 1788 4363 mihi
1822 4299 1895 4365 in
1929 4308 2224 4385 tempore
2259 4301 2635 4379 indicasses,

680 4387 750 4445 et
789 4380 1063 4445 fuissem
1109 4379 1191 4445 ab
1233 4382 1767 4465 occupationibus
1801 4385 1990 4465 liber,
2037 4408 2172 4453 non
2205 4386 2641 4471 impedissent

645 4485 789 4530 .me
832 4463 1305 4531 malevolorum
1348 4466 1631 4552 linguae.
1722 4471 1926 4539 Gave'
1957 4473 2167 4557 igitur
2209 4493 2296 4537 ne
2340 4483 2413 4538 tu
2458 4475 2639 4540 viam

679 4550 845 4616 alias
867 4548 1237 4633 expeditam
1274 4552 1396 4617 tibi
1431 4554 1569 4636 ipse
1604 4576 1773 4622 vano
1808 4558 2043 4625 timore
2066 4557 2391 4624 obstruas.
2459 4556 2642 4624 Sunt

676 4637 848 4702 aliae
906 4656 1144 4701 causae
1198 4656 1315 4702 eur
1366 4638 1547 4705 utilis
1599 4640 1864 4708 futurus
1921 4644 2010 4709 sit
2065 4652 2221 4709 tuus
2277 4644 2635 4710 adventus:

677 4740 845 4806 quas
896 4741 1099 4804 quum
1158 4724 1417 4790 veneris
1469 4725 1709 4796 audies.
1795 4728 1985 4808 Vale,
2047 4731 2140 4795 mi
2183 4729 2407 4795 frater.
2497 4731 2636 4797 Do-

675 4808 901 4872 minus
958 4814 1021 4872 te
1075 4806 1482 4894 collegasque
1535 4821 1681 4881 tuos
1724 4835 1949 4880 omnes
1995 4824 2065 4880 et
2118 4815 2436 4881 familiam
2480 4838 2635 4883 con-

886 5060 1465 5144 mmm-epistolam
1497 5069 1745 5139 aliquia„
1781 5070 1998 5126 Fac-elli
2043 5070 2392 5127 intercidisse
2435 5073 2637 5128 ubide

673 5130 2633 5207 boemorednoemepmmtdmest,oioutetitoromvonoem·

675 5207 2435 5278 mummium,niei⁸olemtimodovomefuerit.

671 5351 797 5390 m
888 5270 1843 5396 Slmwmmobdm
1895 5279 2636 5336 notamen-astion

2230 425 2763 499 EPIS'DOLAE
2808 428 3145 491 514—516

1489 1987 1643 2054 Huc
1686 1996 1908 2052 autem
1965 2008 2167 2071 quum
2215 1990 2474 2055 veneris
2517 2008 2653 2053 non
2758 2058 2767 2069 ,

4568 431 4680 497 644

2756 620 2977 680 servet
3010 634 3269 698 semper
3302 632 3379 680 ac
3411 613 3751 698 gubernet.
3820 611 4060 681 Saluta
4090 633 4319 681 omnes
4340 611 4684 699 diligenter.

2753 698 3011 769 Iterum
3054 709 3252 784 atque
3295 700 3532 767 iterum
3577 700 3727 768 vale
3770 708 3839 767 et
3882 698 4050 766 veni.
4070 700 4132 784 ⁴)

3670 836 3955 904 Ioannes
3997 834 4320 903 Calvinus
4362 843 4527 904 tuus.

2840 1025 3059 1091 Hodie
3080 1045 3122 1090 a
3146 1024 3434 1109 Myconio
3476 1025 3725 1104 literae,
3767 1025 4001 1108 quibus
4024 1048 4095 1093 se
4220 1102 4227 1107 ,

2755 1108 2999 1177 Buceri
3032 1109 3117 1176 ad
3157 1131 3264 1176 me
3297 1111 3522 1176 literas
3548 1110 3805 1177 Saleero
3837 1113 4094 1179 misisse

2754 1196 3018 1277 indicat,
3063 1217 3226 1281 quas
3270 1194 3566 1262 nondum
3608 1198 3843 1280 accepi.
3872 1196 3931 1284 ⁵)

3536 1491 3945 1501 ——-——

3668 1708 3816 1782 515.

3289 1847 3693 1916 VIRETUS
3737 1847 4174 1916 OALVINO.

2936 2017 3333 2085 Tmou-emittit
3373 2018 3434 2084 ei
3457 2018 3757 2087 Zebedaei
3790 2025 3845 2085 et
3871 2020 4121 2087 Sulaeeri
4165 2022 4407 2103 literas,
4450 2041 4707 2104 quorum

2756 2103 2865 2170 ille
2906 2123 3103 2187 aeque
3144 2104 3220 2170 de
3269 2106 3569 2172 mactando
3621 2105 3751 2172 loco
3806 2108 4046 2191 coyitat,
4098 2106 4201 2173 hic
4239 2128 4387 2173 vero
4428 2114 4703 2175 senatum

2758 2188 3141 2257 Bemeneem
3194 2190 3268 2255 in
3320 2191 3648 2259 ministros
3700 2212 3850 2259 euos
3892 2192 3966 2258 ob
4007 2198 4374 2259 conmuni
4420 2195 4706 2261 Neoeomi

2754 2274 3035 2342 habitum
3094 2275 3263 2342 male
3324 2279 3609 2360 affectum
3671 2279 3942 2345 nunciat
4029 2278 4415 2363 Exemplum
4470 2281 4708 2366 ineiym

2755 2362 3219 2444 superstitionis
3258 2362 3596 2429 mubiebris.

3043 2533 3156 2599 (Ex
3191 2532 3530 2603 autographo
3565 2533 3696 2591 Ood.
3734 2534 3937 2591 Gener.
3970 2535 4114 2589 111⁸,
4160 2537 4252 2593 fol.
4289 2537 4440 2605 131.)

2923 2720 3322 2788 Doctissimo
3366 2742 3444 2787 ae
3495 2721 3881 2791 fidelissimo
3923 2724 4158 2791 Ioanni
4198 2725 4485 2794 Calvino
4527 2725 4707 2796 verbi

2751 2808 3058 2874 ministro
3099 2827 3175 2873 ac
3219 2807 3411 2873 fratri
3450 2828 3647 2892 quam
3691 2809 4047 2878 carissimo.
4198 2898 4542 2967 Gonane·

2924 3027 2994 3096 S.
3064 3030 3169 3097 Ne
3226 3030 3456 3097 multis
3509 3030 3677 3097 mihi
3740 3038 3958 3098 tecum
4029 3034 4115 3100 sit
4180 3034 4520 3136 agendum
4574 3044 4707 3102 tam

2748 3113 3068 3201 gravibus
3132 3115 3368 3183 obruto
3432 3137 3519 3182 ne
3565 3117 3717 3184 otiis
3730 3169 3748 3198 ‚
3815 3139 4017 3202 quum
4079 3120 4248 3186 mih1
4314 3123 4521 3189 etiam
4583 3142 4711 3190 non

2748 3207 2941 3268 vacet
3002 3201 3324 3302 prolixius
3388 3203 3517 3268 scri
3563 3222 3707 3284 ere,
3771 3205 3964 3271 mitto
4017 3205 4103 3273 ad
4157 3210 4226 3273 te
4285 3207 4596 3276 Zebedaei
4648 3215 4714 3274 et

2752 3286 3021 3353 Sauum
3065 3286 3150 3353 ad
3192 3309 3300 3353 me
3341 3287 3588 3369 literas,
3648 3312 3733 3356 ex
3775 3290 4012 3375 quibus
4052 3292 4322 3376 plenius
4380 3295 4524 3361 inte
4578 3294 4593 3309 “

2746 3393 2917 3457 quae
2957 3393 3091 3439 non
3131 3371 3260 3439 nisi
3306 3375 3532 3441 multis
3576 3375 3795 3443 verbis
3839 3378 4153 3461 explicari
4194 3388 4498 3463 possent.

2745 3459 2935 3544 posui
2991 3459 3114 3525 tibi
3167 3479 3381 3543 nuper
3445 3481 3771 3528 summam
3827 3472 4088 3530 nostrae
4142 3487 4301 3550 pere
4393 3466 4709 3546 ‘nationis‚

2745 3565 2876 3628 qua
2916 3544 3179 3611 adiutus
3221 3547 3599 3611 narratione
3641 3548 3894 3632 reliqua
3934 3549 4125 3616 facile
4159 3555 4479 3620 conileies
4513 3560 4581 3619 et
4612 3552 4710 3619 in·

2746 3630 3023 3729 telliges.
3111 3631 3225 3697 Ex
3281 3631 3581 3699 Zebedaei
3635 3631 3848 3699 literis
3904 3634 4173 3787 ⁰⁰¹¹}OE
4237 3639 4409 3722 quid
4468 3635 4550 3704 de
4603 3660 4706 3704 me

2745 3723 3017 3797 sentiat,
3077 3736 3337 3800 quoque
3393 3717 3612 3783 animo
3666 3722 3997 3804 exceperit
4103 3722 4292 3790 arelli
4350 3727 4607 3793 monita
4643 3731 4708 3791 et

2743 3801 3032 3882 consilia,
3079 3822 3245 3885 quae
3288 3803 3507 3887 qualia
3548 3802 3795 3871 fuerint
3836 3827 3970 3872 non
4006 3809 4192 3892 potui
4225 3810 4366 3878 nisi
4402 3833 4491 3878 ex
4528 3811 4707 3878 Zebe-

2739 3888 2886 3954 daei
2940 3886 3153 3953 literis
3209 3889 3544 3956 coniicere.
3633 3890 3841 3957 Vides
3884 3893 3954 3957 in
3998 3915 4129 3977 qua
4183 3899 4509 3979 persistat
4564 3919 4706 3967 sen·

2743 3974 2952 4039 tentia
3030 3971 3111 4038 de
3187 3973 3508 4040 mutando
3589 3974 3745 4042 loco.
3864 3975 4166 4062 Optarim
4248 3990 4451 4050 tuum
4519 4005 4708 4068 super

2743 4058 2868 4125 hac
2909 4080 2982 4125 re
3025 4058 3393 4138 consilium,
3453 4081 3528 4127 ac
3572 4062 3688 4128 abs
3733 4068 3799 4127 te
3853 4062 4222 4150 intelligere
4268 4090 4443 4135 num
4489 4069 4710 4137 Ferro-

2741 4165 2866 4211 nus
2901 4148 2948 4222 ι)
3005 4153 3121 4209 aut
3175 4144 3342 4211 alius
3399 4146 3725 4230 quispiam
3780 4147 3844 4212 ei
3901 4150 4210 4217 ecclesiae
4271 4163 4479 4239 aptus
4522 4162 4705 4236 esset,

2743 4239 2810 4296 et
2851 4251 2939 4296 an
2981 4227 3322 4312 expediret
3376 4231 3579 4297 semel
3621 4232 3906 4316 aliquem
3951 4235 4261 4305 Zebedaeo
4307 4242 4576 4323 offerre,
4626 4262 4707 4307 ne

2739 4321 3056 4399 perpetuo
3121 4316 3289 4380 mihi
3367 4318 3621 4402 patriae
3686 4340 3909 4386 euram
3974 4322 4253 4390 obiiciat.
4376 4328 4487 4394 'Pu
4551 4326 4709 4394 mihi

2741 4408 2922 4467 tuam
2959 4402 3356 4467 sententiam
3392 4403 3779 4487 significato.
3851 4406 4162 4473 Arbitror
4186 4408 4635 4492 Philam-tum,
4651 4410 4707 4498 ἵ)

2738 4488 3045 4554 iuvenem
3099 4485 3289 4553 illum
3343 4496 3411 4553 et
3466 4488 3726 4556 doctum
3786 4490 3899 4575 qui
3953 4511 4108 4558 eum
4150 4494 4479 4566 Harlenei
4501 4500 4559 4588 ⁸)
4600 4498 4709 4565 ille

2947 4658 3844 4725 &mmmmm-sontes
3894 4662 4313 4724 chao-aderibue
4365 4669 4710 4743 adscriptum

2738 4727 2971 4797 ὡρίων.-
3008 4727 3087 4782 10.
3114 4728 3405 4784 Nov.1553.
3464 4731 3555 4785 De
3586 4738 3837 4787 meet
3869 4730 3959 4788 die
3991 4734 4136 4790 nulls·
4152 4735 4507 4809 dubitamus,
4543 4754 4708 4810 quum

2738 4796 3367 4854 hoencuotamFarello
3410 4799 4565 4869 ipsidobmeoemmdidimm.
4629 4809 4708 4864 In

2739 4884 2890 4923 amno
2926 4871 3109 4921 cutm·
3151 4882 3309 4923 error
3353 4873 3450 4937 eet,
3498 4874 3686 4923 utrum
3721 4870 3938 4926 Farelli
3967 4889 4049 4926 an
4088 4873 4215 4930 Viri
4246 4876 4331 4932 D.
4370 4894 4557 4950 supra
4586 4879 4704 4934 lau-

2739 4935 2877 5004 dati,
2913 4934 3145 4990 nonnisi
3177 4937 3419 5006 inspecto
3454 4939 3797 5008 aiaeoyrapho
3831 4939 4217 5009 definiendum.

2941 5004 3708 5075 5)Haecep.noneoestat:
3759 5008 3927 5064 etiam
3968 5014 4412 5082 qaaeprooee'ne
4458 5020 4707 5088 aequm

2740 5073 2817 5129 N.
2853 5073 2955 5129 519
2986 5090 3104 5129 non
3132 5075 3252 5129 nisi
3283 5075 3555 5144 impreem
3757 5084 3867 5134 me
3898 5085 3993 5134 eet.

2790 5144 2916 5204 515.
2950 5143 3010 5207 1)
3044 5143 3133 5199 10.
3169 5144 3393 5200 Ferrea
3433 5144 3498 5200 V.
3536 5145 3614 5200 D.
3724 5187 3739 5203 .
3775 5147 4112 5205 Gevteoenuis

2944 5211 3006 5278 2)
3042 5212 3133 5268 De
3164 5213 3269 5267 hoc
3300 5213 3427 5268 vide
3462 5214 3555 5283 N.
3578 5214 3701 5271 520.

2944 5282 3005 5345 3)
3049 5281 3221 5350 Quem
3253 5288 3357 5337 aat

2737 5350 2999 5421 temporis
3030 5350 3233 5407 nobilis
3263 5352 3328 5406 in

3417 5283 4383 5429 fffffiffwe.
4410 5291 4573 5430 {35⁶5
4590 5298 4707 5348 ''¹''
