5050 6167
394 446 507 507 169

382 629 780 784 gffisenda
820 632 962 698 eius
1002 630 1476 716 gubernacula,
1520 630 1843 715 siquidem
1886 632 1981 697 ita
2033 652 2141 697 res
2183 652 2332 714 pos-

561 718 627 783 't
697 715 813 785 Sic
847 725 1071 784 autem
1113 719 1289 784 inter
1320 739 1446 784 nos
1487 719 1797 785 convenit
1829 724 1906 783 ut
1940 718 2163 784 statim
2186 725 2335 800 post

382 804 665 869 reditum
733 824 855 888 ego
920 824 1070 869 cum
1135 803 1385 871 Buoero
1446 805 1620 871 istuc
1676 803 2059 883 concedam;
2118 824 2203 869 ex
2260 824 2333 869 re

381 890 711 973 praesenti
766 890 833 954 in
890 909 1239 955 commune
1292 890 1737 957 consultamus
1796 889 1952 974 quid
1995 887 2331 974 expediat-,3

382 996 433 1040 n
510 996 593 1041 ue
632 986 893 1041 tantum
937 975 1018 1040 de
1058 985 1321 1059 pastore
1365 974 1818 1043 constituendo
1854 976 1968 1041 sed
2005 975 2085 1040 de
2132 976 2333 1042 totius

516 1062 689 1127 esiae
731 1061 1204 1128 instauratione
1256 1063 1637 1147 cogitemus.
1724 1062 1831 1127 Ita
1882 1060 2029 1145 plus
2090 1061 2333 1127 autori-

378 1147 536 1212 tatis
590 1147 860 1214 habebit
912 1148 1239 1213 sententia
1290 1155 1361 1214 et
1415 1148 1653 1214 certior
1707 1148 1834 1212 erit
1890 1148 1959 1213 in
2014 1148 2331 1225 futurum,

377 1233 692 1317 quoniam
740 1233 1225 1299 adhibebuntur
1270 1235 1317 1298 ii
1362 1253 1403 1298 a
1436 1235 1668 1317 quibus
1708 1241 1935 1316 postea
1970 1233 2333 1298 timendum

377 1327 569 1385 esset.
636 1319 741 1385 Re
784 1318 988 1385 semel
1030 1320 1404 1401 constituta,
1448 1321 1579 1384 iam
1621 1339 1741 1386 suo
1774 1319 1901 1402 ipsi
1943 1317 2184 1384 iudicio
2219 1317 2332 1383 ob-

377 1405 593 1471 stricti
648 1413 873 1483 erunt,
934 1425 1019 1470 ne
1075 1405 1436 1471 reclament
1487 1405 1769 1490 amplius
1823 1413 1938 1470 aut
1979 1402 2333 1488 quidquam

376 1490 461 1556 ad
506 1489 807 1556 ordinem
846 1500 1146 1556 nostrum
1182 1490 1583 1557 turbandum
1616 1499 1943 1557 moveant.
2032 1490 2329 1569 Interim,

373 1577 471 1641 mi
515 1577 736 1655 frater,
781 1597 900 1661 per
941 1576 1284 1644 Christum
1325 1586 1392 1642 te
1436 1578 1719 1657 obsecre,
1765 1597 1849 1641 ne
1892 1578 2109 1642 animo
2152 1577 2334 1641 fran-

374 1662 577 1812 ffiris.
691 1661 841 1744 Quo
902 1665 1118 1749 magis
1180 1664 1509 1729 incertum
1575 1671 1676 1728 est
1743 1662 2057 1747 quamdiu
2124 1663 2331 1729 simus

429 1749 486 1815 ‘c
542 1748 780 1827 futuri,
839 1768 915 1814 eo
966 1752 1187 1815 minus
1245 1748 1635 1815 conturbare
1680 1757 1759 1814 te·
1789 1748 1980 1814 debet
2019 1749 2132 1815 lon
2182 1747 2333 1814 ’oris

374 1854 608 1899 morae
659 1834 987 1919 cogitatio.
1089 1834 1243 1902 Scio
1297 1856 1439 1901 esse
1491 1834 1820 1919 permulta
1868 1854 2035 1918 quae
2091 1835 2144 1899 ti
2187 1835 2212 1897 i
2266 1841 2336 1899 et

378 1920 787 1986 anxietatem
835 1930 903 1985 et
954 1919 1240 1987 taedium
1290 1922 1527 1988 afferre
1582 1930 1841 2004 queant.
1932 1918 2068 1988 Sed
2115 1920 2335 2004 cogita

376 2006 505 2072 tibi
544 2004 668 2071 has
710 2014 933 2090 partes
966 2029 1144 2074 nunc
1179 2029 1319 2074 esse
1354 2028 1393 2071 a
1428 2007 1714 2072 Domino
1750 2006 2098 2091 delegatas,
2136 2006 2334 2071 susti·

375 2090 638 2159 nendae
653 2092 712 2177 ⁹)
755 2113 960 2175 usque
1002 2094 1073 2158 in
1118 2092 1474 2160 adventum
1510 2100 1811 2158 nostrum
1846 2092 1988 2158 eius
2024 2091 2334 2159 ecclesiae

376 2178 488 2245 cui
543 2179 646 2244 vis
701 2178 1090 2244 consultum.
1177 2178 1403 2244 Pridie
1459 2200 1657 2262 quam
1700 2179 1926 2243 literas
1970 2185 2123 2243 tuas
2166 2177 2333 2244 reci-

372 2285 624 2348 perem,
671 2263 951 2330 Senatui
994 2273 1216 2332 vestro
1259 2285 1725 2331 excusaveram
1743 2317 1760 2343 ,
1817 2263 1988 2349 quod
2030 2266 2102 2329 in
2142 2285 2334 2347 prae-

372 2370 530 2417 sens
576 2372 711 2416 non
752 2372 1011 2434 possem
1053 2352 1219 2417 istuc
1263 2352 1505 2417 venire.
1571 2351 2082 2416 Excusationem
2116 2371 2335 2415 meam

372 2444 714 2519 meptam
758 2457 901 2502 esse
944 2436 1214 2504 confido.
1282 2436 1466 2503 Bene
1502 2436 1666 2515 vale,
1710 2436 1913 2501 frater
1947 2436 2334 2503 suavissime

373 2530 442 2585 et
486 2522 700 2588 amice
733 2524 1174 2607 integerrime.
1244 2522 1480 2589 Saluta
1501 2521 1851 2607 diligenter
1884 2543 2032 2588 meo
2066 2522 2334 2588 nomine

372 2608 521 2691 pios
589 2630 836 2674 omnes.
949 2607 1275 2675 Dominus
1346 2608 1586 2693 spiritu
1643 2628 1759 2674 suo
1814 2629 1936 2674 vos
1992 2609 2335 2675 confirmet

374 2692 458 2758 ad
480 2714 680 2760 omne
702 2715 870 2779 opus
892 2693 1155 2760 bonum.
1224 2694 1460 2761 Ulmae
1497 2693 1808 2759 Calendis
1842 2694 2105 2761 Martiis
2147 2698 2328 2758 1541.

1150 3002 1557 3012 Ἤ

1274 3241 1420 3310 286.

862 3377 1335 3447 CALVIN'US
1378 3376 1841 3446 PARELLO.

551 3550 846 3616 Nimium
876 3550 1340 3636 arqendonihil
1378 3550 1487 3616 ille
1529 3549 1752 3633 efficiet
1792 3549 1967 3631 apud
2006 3550 2221 3633 epm
2258 3551 2331 3617 in

359 3637 693 3719 praesenti
747 3658 961 3702 rerum
1018 3642 1204 3704 statu.
1320 3635 1526 3721 Royat
1589 3656 1733 3721 erqo
1790 3641 1864 3701 ut
1923 3635 2333 3704 vehementiae

368 3723 631 3790 modum
676 3722 983 3791 adhibeat.

370 3894 479 3963 (Ex
532 3894 870 4016 autographo
915 3894 1060 3949 Bibl.
1106 3895 1306 3949 Genev.
1354 3893 1485 3948 Ood.
1534 3892 1635 3948 106
1696 3893 1789 3948 fol.
1832 3834 1924 3946 34.
1999 3894 2049 3948 A
2091 3910 2123 3948 o
2219 3894 2331 3963 pha

368 3963 623 4018 invenies
704 3980 776 4017 uo
817 3964 875 4016 in
922 3964 1178 4045 Archiyis
1224 3964 1381 4017 Bern.
1432 3964 1479 4017 E
1558 4005 1571 4017 .
1620 3937 1719 4016 VI.
1764 3979 1818 4033 p.
1854 3961 1925 4016 50
1959 3968 2016 4017 et
2050 3910 2329 4017 ffflnde

954 4033 1147 4086 habuit
1181 4033 1441 4087 SImlerus
1534 4032 1603 4086 ol.
1638 4031 1747 4099 49.)

1078 4220 1342 4286 Farello
1380 4241 1545 4286 meo.
1576 4221 1626 4302 ¹)

548 4359 772 4442 Quum
817 4358 1054 4425 allatae
1098 4367 1257 4424 sunt
1300 4368 1449 4423 tuae
1491 4358 1720 4423 literae
1763 4358 1895 4422 iam
1939 4376 2200 4421 eramus
2245 4355 2329 4420 ad

371 4447 732 4514 abitionem
789 4445 1148 4528 comparati
1164 4466 1177 4509 ε
1195 4445 1255 4525 2)
1312 4455 1378 4509 et
1420 4452 1563 4508 erat
1604 4443 1916 4525 profectio
1960 4442 2171 4525 magis
2224 4450 2328 4506 tu-

368 4534 706 4598 multuosa
758 4552 957 4614 quam
1013 4530 1236 4595 verbis
1289 4528 1615 4613 explicare
1659 4529 1777 4594 tibi
1821 4546 2073 4610 queam.
2162 4526 2328 4591 Pro·

368 4618 527 4685 inde
561 4637 765 4702 quum
806 4617 949 4700 ipse
981 4613 1376 4700 respondere
1419 4614 1541 4680 tibi
1574 4636 1708 4680 non
1743 4633 2021 4698 possem,
2063 4610 2331 4679 Claudio

371 4715 439 4770 et
501 4703 697 4769 fratri
752 4723 899 4767 meo
918 4700 972 4781 ⁸)
1028 4702 1300 4783 exposui
1353 4700 1509 4785 quid
1564 4721 1709 4765 meo
1768 4698 2034 4766 nomine
2090 4697 2331 4764 vellem

371 4790 553 4875 ipsos
595 4788 899 4855 scribere.
988 4786 1069 4852 Id
1112 4788 1266 4870 quia
1306 4787 1537 4853 fecisse
1579 4785 1851 4866 confido,
1907 4784 2059 4850 nolo
2099 4804 2329 4867 super-

372 4878 602 4943 vacuis
667 4874 877 4939 literis
940 4882 1007 4939 te
1073 4893 1365 4938 onerare.
1477 4871 1657 4938 Sane
1721 4894 1826 4938 me
1904 4870 2331 4938 vehementer

587 5165 648 5232 9)
687 5164 835 5219 Edd.
873 5164 1221 5217 sustinendae
1261 5179 1327 5217 ex
1362 5168 1435 5217 te.

412 5235 551 5296 a.
592 5235 648 5297 1)
692 5233 946 5289 Farellus
979 5233 1068 5287 hic
1101 5248 1206 5287 sua
1240 5247 1409 5287 manu
1444 5231 1694 5287 addidit.-
1728 5231 1778 5289 1.
1818 5230 1998 5285 Martii
2037 5227 2188 5283 1541.

582 5302 642 5370 2)
682 5303 756 5357 N.
791 5302 893 5356 281
923 5308 1178 5372 post-ser.

583 5371 647 5440 3)
684 5372 897 5429 Feraeo
929 5379 979 5426 et
1013 5371 1271 5427 Antonio.

2143 448 2170 506 1
2182 446 2264 508 54
2276 449 2300 506 l
2350 442 2636 509 MART.

4263 422 4387 513 lvo

2436 631 2919 699 conturbarunt
2978 651 3055 697 ao
3118 640 3628 699 consternarunt
3683 640 3801 699 tua
3854 634 3970 699 illa
4024 635 4308 720 fulgura,
4326 637 4388 722 ⁴)

2435 717 2675 871 &uibus
2716 716 3106 783 mirabiliter
3146 718 3365 785 nescio
3408 740 3601 803 quam
3655 720 3737 786 ob
3793 740 4055 787 causam
4099 721 4387 788 detonas.

2492 803 2586 869 cis
2621 805 2797 869 enim
2834 825 2938 869 me
2974 803 3429 870 reformidasse
3464 804 3647 869 illam
3686 807 4089 872 vocationem
4111 814 4390 889 tantum,

2439 911 2576 955 non
2619 890 2818 955 etiam
2860 890 3192 974 refugisse.
3265 888 3444 971 Quid
3486 892 3689 976 igitur
3732 911 3996 958 necesse
4039 893 4166 958 fuit
4201 900 4389 963 tanto

2436 976 2692 1060 impetu
2748 975 2820 1040 in
2869 996 2976 1040 me
3029 976 3214 1055 ferri,
3275 984 3349 1041 ut
3384 977 3741 1044 amicitiam
3774 978 4242 1061 propemodum
4284 1000 4390 1045 re-

2437 1060 2835 1127 nunciares?
2938 1061 3145 1144 Atqui
3202 1083 3349 1145 spes
3407 1063 3541 1129 fere
3597 1064 3808 1128 omnis
3859 1074 4187 1147 postrema
4242 1085 4392 1129 mea

2437 1147 2715 1230 epistola
2756 1145 2875 1211 tibi
2919 1145 3342 1214 abscinditur.
3413 1148 3494 1213 Id
3521 1148 3580 1213 si
3612 1149 3754 1229 feci,
3801 1150 4081 1235 ignosce,
4126 1172 4386 1234 quaes0,

2436 1232 2921 1316 imprudentiae
2964 1253 3164 1298 meae.
3230 1233 3460 1318 Neque
3504 1235 3680 1300 enim
3725 1234 3904 1300 aliud
3948 1235 4145 1315 volui,
4192 1256 4388 1319 quam

2436 1319 2686 1385 obiecta
2741 1318 3129 1385 necessitate
3184 1318 3381 1385 huius
3423 1320 3857 1402 profectionis,
3914 1319 4032 1385 tibi
4077 1343 4392 1388 excusare

2438 1404 2612 1487 quod
2655 1426 2793 1470 non
2834 1405 3133 1488 protinus
3174 1405 3492 1472 venirem.
3582 1405 3807 1488 Quum
3850 1427 4007 1491 ergo
4057 1406 4223 1471 mihi
4266 1406 4389 1474 hoc

2436 1490 2710 1557 minime
2773 1490 2972 1555 fuerit
3032 1491 3470 1574 propositum,
3542 1491 3711 1574 quod
3777 1498 4003 1576 putas,
4075 1513 4265 1575 spero
4321 1501 4389 1558 te

2439 1576 2702 1642 veniam
2738 1574 3067 1656 daturum,
3112 1598 3183 1641 re
3226 1577 3460 1643 melius
3496 1598 3784 1661 expensa
3815 1585 3884 1642 et
3912 1576 4388 1644 animadversa.

2436 1662 2715 1741 Verum,
2759 1672 3078 1746 quantum
3120 1662 3435 1748 intellig0,
3481 1663 3827 1729 maluisses
3868 1684 3975 1728 me
4011 1663 4165 1730 illuc
4207 1664 4392 1747 prius

2438 1747 2807 1813 concedere.
2915 1745 3094 1828 Quid
3154 1748 3210 1814 si
3265 1771 3400 1814 non
3457 1748 3828 1833 potuerim?
3916 1749 4089 1815 Nam
4141 1748 4392 1832 sesqui-

2437 1854 2665 1900 mense
2717 1853 2880 1917 opus
2923 1833 3048 1898 fuit
3062 1835 3119 1917 ⁵)
3174 1834 3551 1900 minimum:
3599 1832 3918 1919 siquidem
3961 1854 4200 1919 paucos
4250 1834 4390 1901 dies

2440 1919 2796 1985 subsistere
2854 1918 2990 1985 illic
3053 1922 3460 2002 oportuisset.
3573 1918 3764 2002 Quod
3819 1922 4083 1985 omnino
4127 1941 4394 1988 necesse

2440 2013 2600 2084 erat,
2671 2005 2800 2070 nisi
2867 2004 3185 2071 vellemus
3252 2027 3375 2070 nos
3441 2027 3710 2090 prorsus
3785 2004 4093 2072 ridiculos
4157 2007 4389 2072 facere.

2437 2091 2630 2240 Rogo
2696 2092 2898 2175 igitur
2963 2099 3040 2156 ut
3098 2091 3252 2157 huic
3318 2098 3543 2157 tantae
3608 2092 4060 2157 vehementiae
4124 2091 4393 2157 modum

2439 2198 2546 2242 mo
2593 2174 3078 2259 eratidnemque
3120 2175 3447 2242 adhibeas.
3539 2174 3674 2242 Sed
3727 2179 3830 2244 fac
3883 2178 4190 2261 potuisse.
4280 2179 4394 2243 An

2440 2261 2602 2327 utile
2657 2262 2784 2327 fuit
2837 2263 3079 2345 absque
3133 2261 3433 2329 Bucero?
3520 2261 3823 2343 Videbis,
3883 2263 4012 2329 nisi
4056 2263 4265 2341 fallor,
4325 2271 4393 2329 et

2438 2348 2777 2427 fateberis,
2855 2357 2921 2413 te
2986 2347 3329 2414 immodico
3389 2347 3744 2415 festinandi
3809 2347 4128 2414 desiderio
4191 2348 4391 2414 fuisse

2440 2433 2746 2498 nonnihil
2769 2433 3131 2517 abreptum.
3197 2433 3474 2500 Utinam
3496 2456 3574 2500 ea
3616 2433 3914 2500 mercede
3956 2434 4122 2499 mihi
4166 2435 4393 2500 venire

2439 2540 2819 2586 concessum
2878 2529 3078 2600 esset,
3134 2529 3210 2584 ut
3263 2520 3619 2603 potuissem
3661 2540 3768 2585 me
3811 2519 4098 2585 eximere
4142 2518 4224 2585 ab
4267 2520 4392 2587 hac

2438 2605 2797 2690 provincia,
2843 2606 2948 2671 cui
2991 2627 3094 2670 me
3138 2606 3350 2671 sentio
3393 2627 3663 2690 prorsus
3705 2606 4023 2688 ineptum,
4069 2605 4175 2672 vel
4213 2612 4391 2673 certe

2438 2692 2774 2775 imparem.
2893 2688 2983 2756 Se
3062 2711 3146 2756 ne
3225 2699 3298 2757 tu
3378 2692 3636 2775 quidem
3717 2691 3885 2755 mihi
3960 2692 4389 2773 permisisses.

2436 2776 2699 2843 Deinde
2743 2777 2927 2843 nobis
2973 2774 3284 2842 defuisset
3326 2775 3688 2844 subsidium
3744 2775 3907 2841 illud
3964 2775 4038 2841 in
4074 2797 4201 2861 quo
4246 2776 4390 2860 plu-

2437 2865 2682 2928 rimum
2736 2862 3133 2946 reponimus.
3240 2863 3494 2945 Nempe
3549 2871 3624 2928 ut
3678 2860 3919 2927 Buceri
3987 2862 4391 2945 aliorumque

2438 2948 2789 3014 autoritate
2848 2957 3277 3030 componatur
3327 2948 3635 3014 ecclesiae
3693 2947 3850 3013 ordo
3900 2968 4093 3030 quem
4138 2955 4392 3013 certum

2437 3035 2832 3117 firmumque
2875 3033 3117 3099 habere
3161 3033 3480 3099 volumus.
3570 3031 3848 3098 Caetera
3890 3055 3972 3099 ex
4017 3032 4283 3099 Claudio
4325 3038 4393 3099 et

2436 3121 2659 3185 fratre.
2759 3120 3027 3185 Literae
3083 3119 3249 3184 mihi
3306 3140 3440 3184 una
3494 3139 3644 3185 cum
3688 3119 3824 3185 tuis
3873 3139 3912 3183 a
3953 3118 4191 3185 Iacobo
4232 3117 4394 3184 Ber-

2435 3207 2638 3272 nardo
2697 3212 3050 3285 venerunt,
3107 3225 3313 3288 usque
3370 3202 3452 3271 ad
3521 3224 3836 3270 nauseam
3893 3200 4311 3270 adulatoriae.
4332 3203 4391 3291 ⁶)

2437 3291 2773 3374 Quoniam
2816 3311 3048 3357 censeo
3091 3290 3259 3355 nihil
3303 3310 3447 3357 esse
3489 3290 3760 3370 melius,
3808 3311 4006 3374 quam
4052 3298 4126 3353 ut
4170 3289 4390 3355 omnia

2436 3377 2623 3443 nobis
2667 3398 3003 3443 servemus
3046 3377 3307 3460 integra
3347 3377 3420 3441 in
3463 3375 3818 3443 adventum
3854 3382 4171 3455 nostrum,
4216 3374 4391 3460 quod

2435 3463 2870 3529 humanitatis
2925 3469 3067 3527 erat
3107 3462 3432 3547 respondi.
3531 3460 3849 3529 Mandavi
3896 3460 4088 3526 fratri
4141 3466 4216 3527 ut
4269 3461 4391 3527 tibi

2436 3548 2776 3632 exemplar
2832 3547 3260 3630 describeret,
3328 3570 3453 3632 quo
3518 3547 3658 3631 ipse
3736 3548 4027 3632 signatas
4094 3546 4387 3631 accipiat.

2436 3633 2620 3716 Quas
2665 3633 2749 3700 ad
2807 3633 3087 3700 Viretum
3138 3635 3348 3700 scribo
3404 3634 3770 3718 resignatas
3827 3632 3946 3698 tibi
3989 3632 4164 3697 mitti
4207 3632 4386 3698 iussi.

2435 3721 2569 3786 Hic
2626 3719 2966 3785 dimidium
3028 3718 3200 3784 diem
3256 3721 3647 3800 restitimus,
3708 3719 3959 3803 capturi
4026 3717 4388 3795 consilium,

2435 3806 2699 3891 navigio
2718 3808 2775 3887 ⁷)
2820 3826 2908 3871 an
2953 3806 3142 3888 equis
3185 3805 3536 3872 debeamus
3580 3805 3904 3889 reliquum
3938 3804 4191 3869 itineris
4235 3824 4387 3869 con-

2437 3892 2646 3958 ficere.
2738 3889 3075 3974 Quidquid
3121 3892 3247 3957 erit
3288 3892 3455 3970 istic,
3501 3890 3674 3975 quod
3714 3912 3864 3955 mea
3919 3890 4084 3956 scire
4126 3888 4386 3969 referet,

2437 3976 2789 4063 diligenter
2851 3977 3180 4061 perscribe
3241 3984 3306 4043 et
3382 3984 3659 4042 mature.
3767 3974 3936 4042 Vale
4013 3975 4219 4040 frater
4293 3976 4387 4040 mi

2435 4085 2473 4129 o
2522 4065 2679 4129 time
2720 4063 3142 4146 integerrime
3187 4069 3254 4127 et
3293 4063 3645 4129 carissime.
3731 4060 3986 4129 Ulmae.
4078 4059 4387 4127 Calendis

2514 4150 2703 4215 artiis
2753 4152 2936 4213 1541.

3675 4232 3993 4299 Calvinus
4037 4239 4211 4297 tuus.

2641 4452 3806 4523 4)Quaeuimn·nu⁸bemcnssp.272
3856 4454 4388 4509 caderevideanaar

2435 4524 2682 4594 aliquam
2715 4526 3059 4579 recentiorem
3096 4524 3433 4593 deperditam
3465 4539 3646 4593 ponas
3677 4528 3902 4592 oportet.

2645 4594 2705 4659 5)
2754 4593 2917 4647 Vides
2951 4608 3069 4647 eum
3103 4609 3214 4648 aon
3249 4592 3317 4647 de
3358 4591 3541 4646 reditu
3589 4594 3649 4647 in
3684 4592 3980 4662 pristinam
4028 4590 4387 4647 conditionem

2437 4661 2602 4732 loqui,
2638 4661 2734 4716 sed
2767 4667 2978 4716 tunm
3012 4660 3080 4715 de
3095 4662 3406 4717 visitatione
3441 4662 3686 4716 breviore
3719 4676 3838 4717 cum
3857 4659 4073 4716 Bucen-o
4104 4659 4382 4726 facienda.

2640 4729 2702 4865 51⁵3
2742 4730 2828 4865 ἔκ.
2855 4728 3098 4854 ἳῖἒρεε.
