5050 6167
650 446 737 510 8⁷
2194 438 2720 507 EPISTOLAE
2772 442 2898 505 239
2912 477 2996 490 —
3008 444 3133 504 243
4577 443 4666 505 88

650 631 807 710 labi,
851 628 1274 694 durissimum
1296 647 1516 693 coram
1551 628 1695 693 Deo
1716 628 1974 694 subires
1995 626 2326 695 iudicium.
2402 628 2604 776 Ergo,

655 717 750 781 mi
818 714 1103 790 Calvino,
1168 713 1413 778 nedum
1478 712 1778 778 celeriter
1833 716 2090 792 venias,
2153 713 2269 779 sed
2341 712 2654 806 advoesff

654 802 983 876 citissime,
1028 821 1161 863 non
1204 809 1425 881 spreta
1470 807 1604 863 tam
1648 800 1980 882 insperata
2030 801 2382 866 occasione.
2470 800 2604 863 La·-

656 886 873 963 bores,
940 886 1177 960 fateor,
1256 883 1607 950 sustinebis
1671 894 1738 948 ct
1803 885 2104 964 sudores,
2172 906 2406 949 verum
2472 906 2604 949 non

654 971 916 1037 frustra.
1024 970 1297 1035 Videbis
1372 971 1542 1034 enim
1623 971 1906 1036 fructum
1988 971 2139 1036 hine
2218 990 2606 1053 promanare

536 1089 549 1096 ·
654 1057 1094 1122 uberrimum:
1150 1055 1676 1138 quandoquidem
1729 1077 1985 1135 omnes,
2049 1064 2369 1140 quotquot
2431 1066 2604 1134 sunt,

658 1149 723 1206 te
790 1141 1004 1207 velint
1067 1149 1136 1205 et
1213 1139 1601 1206 desiderent.
1710 1141 1848 1208 Nee
1912 1141 2254 1206 immerito.
2361 1140 2606 1207 Nullus

655 1228 835 1294 enim
891 1225 1271 1290 mortalium
1322 1233 1459 1289 tam
1516 1236 1846 1310 potenter,
1916 1235 2053 1292 tam
2117 1225 2478 1310 prudenter
2540 1237 2607 1290 et

653 1325 805 1396 apte
847 1323 1066 1395 posset
1105 1312 1257 1377 huie
1300 1312 1606 1378 ecclesiae
1661 1312 2000 1379 consulere
2056 1323 2252 1397 atque
2306 1321 2400 1377 tu.
2490 1311 2607 1377 Sic

654 1405 722 1464 te
786 1398 969 1463 Deus
1034 1398 1170 1463 suis
1233 1396 1470 1461 dit-avit
1525 1407 1593 1462 et
1655 1399 1916 1463 ornavit
1978 1398 2166 1465 donis
2218 1405 2287 1464 et
2352 1397 2603 1483 gratiis.

655 1483 936 1566 Appono
979 1482 1222 1548 ideirco
1245 1503 1513 1548 manum
1559 1484 1713 1549 huie
1754 1485 1951 1567 operi,
1996 1493 2192 1552 nacta
2217 1485 2263 1564 ¹)
2311 1492 2447 1549 tam
2492 1484 2606 1548 de-

653 1567 940 1635 siderata
992 1577 1062 1634 et
1112 1569 1258 1633 utili
1301 1568 1660 1646 occasione,
1717 1578 1788 1635 et
1843 1571 2171 1637 Dominus
2224 1570 2440 1646 Iesus,
2500 1571 2607 1636 cui

653 1654 826 1721 vivis
868 1664 935 1719 et
977 1654 1239 1733 militas,
1283 1653 1400 1717 tibi
1446 1654 1659 1719 aderit
1700 1663 1769 1720 et
1810 1656 1941 1720 tuis
1974 1656 2221 1722 sanctis
2244 1656 2604 1733 conatibus,

652 1739 907 1806 felicem
954 1760 1324 1805 successum
1382 1741 1815 1820 praebiturus.
1901 1740 1985 1807 In
2042 1762 2172 1825 quo
2228 1741 2395 1808 bens
2436 1741 2603 1808 vale.

650 1823 965 1892 Neocomi
1005 1824 1307 1892 kalendis
1350 1822 1653 1891 Octobris
1699 1830 1882 1890 1540.

1171 1961 1352 2026 'suus
1394 1959 1549 2025 dum
1596 1960 1797 2038 vivet,
1841 1961 2041 2045 idque
2083 1984 2168 2028 ex
2211 1965 2431 2030 animo

1372 2045 1750 2112 Anthonius
1790 2047 2212 2114 Marem-tius.

1424 2305 1649 2314 -————
1702 2307 1763 2312 --

1548 2485 1692 2556 24⁰.

1102 2623 1654 2692 ZEBEDAEUS
1698 2623 2134 2692 CALVINO.

822 2795 1132 2863 Eiusdem
1174 2796 1524 2878 aryumenti
1558 2795 1667 2860 sed
1707 2797 1922 2860 acrius
1963 2798 2245 2881 umentis
2286 2797 2530 2880 eloquii.

787 2961 903 3032 (Ex
938 2964 1277 3038 autographo
1310 2965 1445 3019 bibl.
1481 2963 1815 3019 Genevensis
1850 2964 1983 3019 Ood.
2019 2963 2137 3034 109,
2170 2967 2260 3021 fol.
2297 2966 2445 3035 204)

818 3155 1062 3220 Ioanni
1126 3151 1407 3220 Oalvino
1471 3153 1779 3219 ecclesiae
1843 3151 2203 3238 gallicanae
2270 3176 2441 3238 quae
2498 3166 2601 3223 est

646 3239 1082 3326 Argentorati
1125 3238 1367 3322 pastori
1410 3238 1919 3323 vigilantissimo
1962 3248 2032 3305 et
2072 3260 2408 3306 sacrarum
2450 3242 2597 3309 lite-

646 3347 876 3393 rarum
918 3323 1285 3409 professori.

1990 3412 2419 3495 Argentinae.

816 3546 898 3611 In
944 3552 1132 3611 tanta
1175 3552 1290 3608 tua
1331 3563 1490 3627 erga
1529 3542 1782 3610 Christi
1835 3545 2176 3612 ecelesiam
2232 3547 2594 3629 voluntate,

646 3651 1031 3715 summaque
1072 3629 1560 3696 Genevonsium
1605 3639 1863 3696 tuorum
1908 3633 2186 3711 miseria,
2234 3643 2302 3699 et
2352 3634 2598 3701 Farezli

643 3717 1010 3788 communis
1054 3725 1270 3781 tecum
1313 3715 1456 3781 eius
1499 3715 1808 3783 ecelesiae
1842 3720 2125 3800 pastoris
2166 3720 2285 3784 tali
2320 3721 2496 3803 apud
2529 3729 2597 3787 te

644 3805 861 3890 gratia
903 3813 971 3868 et
1013 3801 1380 3876 autoritate,
1421 3801 1699 3866 fratrum
1735 3802 2018 3886 denique
2051 3805 2365 3884 omnium,
2411 3818 2597 3887 quot-

687 3896 802 3954 uot
844 3888 949 3953 hie
1005 3886 1143 3952 ulla
1199 3885 1459 3969 pietatis
1514 3887 1914 3954 christianae
1968 3899 2039 3954 et
2095 3891 2345 3957 timoris
2389 3889 2595 3958 divini

642 3911 964 4041 {abemus
1005 3973 1274 4048 semina,
1320 3969 1684 4037 incredibili
1718 3972 1800 4038 de
1838 3984 1953 4038 tuo
1998 3973 2282 4041 adventu
2326 3998 2596 4059 exspec-

646 4061 924 4135 tatione,
982 4067 1059 4123 ut
1109 4055 1337 4122 multis
1391 4056 1499 4123 hic
1555 4066 1822 4123 utamur
1880 4063 2302 4144 argumentis,
2357 4064 2595 4146 quibus

643 4144 816 4231 quod
870 4151 1209 4226 tantopere
1264 4144 1701 4208 necessarium
1754 4152 1856 4210 est
1908 4159 1985 4210 ut
2041 4146 2159 4211 abs
2216 4144 2330 4235 [te]
2385 4148 2594 4231 impe·

644 4242 858 4297 tretur
920 4228 1039 4294 tibi
1104 4227 1647 4311 persuadeamus,
1721 4228 1885 4294 nihil
1952 4234 2387 4299 necessarium
2450 4254 2595 4300 esse

644 4337 873 4384 sumus
915 4314 1244 4393 arbitrati,
1299 4315 1685 4396 praesertim
1740 4336 1941 4398 quum
1990 4337 2073 4382 ex
2118 4316 2363 4384 Farelli
2402 4339 2593 4401 prae-

643 4401 858 4469 sentia
899 4411 969 4466 et
1008 4421 1126 4483 per
1170 4408 1235 4463 te
1278 4399 1641 4465 certissime
1682 4400 1821 4483 ipse
1874 4402 2209 4480 coniicies,
2265 4410 2334 4469 et
2384 4404 2592 4487 ipsius

642 4505 945 4553 sermone
988 4484 1366 4568 plenissime
1412 4493 1482 4550 et
1523 4486 1926 4567 penitissime
1968 4489 2338 4570 perspicies,
2431 4511 2591 4555 uum

642 4593 808 4655 quae
850 4580 1224 4654 quantaque
1268 4568 1348 4634 de
1392 4577 1457 4636 te
1500 4591 1854 4653 speremus,
1900 4580 2043 4638 tum
2080 4593 2236 4638 vero
2270 4575 2379 4658 qui
2470 4576 2591 4641 tibi

640 4657 713 4723 in
756 4659 883 4722 ista
937 4654 1291 4721 miserabili
1349 4658 1574 4739 populi
1625 4657 1757 4721 iam
1800 4657 1971 4721 serio
2011 4658 2275 4724 tandem
2327 4661 2589 4744 resipis·

640 4742 894 4813 centias
937 4741 1245 4824 angustia
1285 4741 1373 4805 sit
1416 4739 1800 4807 faciendum.
1889 4742 2101 4809 Video
2134 4744 2397 4827 quidem
2442 4746 2591 4812 istie

639 4839 907 4914 propter
960 4834 1171 4893 certas
1221 4836 1289 4891 et
1341 4846 1580 4910 graves
1631 4847 1858 4894 causas
1910 4850 2114 4912 quum
2159 4831 2401 4897 multas
2446 4842 2587 4898 tum

639 4934 917 4998 magnas
972 4911 1390 4978 difficultates
1443 4912 1680 4994 quibus
1735 4913 1830 4977 ita
1885 4914 2234 4981 distineare
2284 4926 2361 4982 ut
2407 4916 2590 4982 nulla

642 4999 724 5066 ad
768 5020 891 5064 nos
936 4997 1241 5065 veniendi
1278 4997 1552 5064 facultas
1595 5018 1785 5081 posse
1837 5000 1980 5066 fieri
2032 5001 2351 5067 videatur.
2452 5001 2590 5069 Sed

643 5093 865 5149 tamen
917 5083 1139 5149 nullae
1193 5103 1430 5148 causae
1481 5105 1692 5168 neque
1744 5096 2020 5168 possunt
2075 5107 2285 5169 neque
2349 5086 2591 5154 debent

642 5187 785 5234 esse
847 5177 1100 5249 tantae,
1176 5169 1337 5252 quin
1396 5178 1737 5254 perspecto
1800 5170 2211 5238 Genevensis
2274 5173 2589 5241 ecelesiae

668 5336 805 5399 m.
842 5339 899 5403 1)
937 5341 1051 5395 eie!

2708 633 2844 691 tam
2886 627 3265 709 perturbato
3307 634 3481 691 statu
3524 626 3663 692 sola
3704 628 4114 694 necessitatis
4146 627 4659 694 consideratione

2709 710 3026 796 quidquid
3066 713 3195 777 erit
3237 713 3644 778 difficultatis
3685 712 3922 778 debeas
3961 722 4030 778 et
4070 715 4279 795 possis
4331 735 4658 796 superare,

2709 795 2905 880 idque
2959 800 3081 864 hoe
3136 799 3346 882 magis
3399 798 3570 881 quod
3629 799 3922 863 nondum
3965 799 4184 864 omnia
4229 801 4367 864 sint
4409 801 4503 865 ita
4545 800 4658 865 de-

2709 883 2983 966 plorata,
3026 885 3184 965 quin
3220 904 3337 966 per
3371 892 3562 948 tuum
3586 885 4026 950 ministerium
4060 884 4287 962 multa,
4332 887 4465 951 imo
4506 908 4661 951 vero

2710 970 2948 1046 omnia,
2993 970 3129 1035 illie
3172 970 3429 1046 restitui
3465 990 3649 1052 posse
3693 972 3781 1034 sit
3815 971 4003 1035 nobis
4042 969 4654 1052 exploratissimum.

2710 1054 2875 1118 'Pam
2917 1056 3094 1119 enim
3137 1054 3403 1130 fuimus,
3448 1055 3729 1138 propitio
3773 1054 4069 1133 Christo,
4129 1055 4251 1122 hae
4305 1057 4375 1121 in
4421 1080 4494 1122 re
4539 1078 4656 1122 ex-

2707 1138 3070 1224 ploratores
3114 1138 3478 1224 diligentes,
3523 1150 3600 1204 ut
3642 1140 3829 1219 nihil,
3866 1141 4037 1224 quod
4061 1140 4144 1206 ad
4167 1144 4306 1207 eius
4329 1144 4421 1207 rei
4458 1141 4656 1209 fidem

2708 1233 2777 1290 et
2817 1224 2937 1288 tibi
2979 1237 3046 1290 et
3091 1224 3275 1291 nobis
3316 1224 3681 1292 faciendam
3723 1228 4110 1311 pertineret,
4169 1228 4374 1310 possit
4427 1231 4572 1311 quis
4616 1251 4660 1294 a

2711 1311 2897 1376 nobis
2940 1309 3293 1394 quidquam
3339 1311 3725 1377 desiderare.
3815 1313 4020 1378 Cuius
4053 1312 4316 1396 quidem
4355 1314 4655 1398 explora-

2708 1396 2905 1461 tionis
2961 1417 3223 1461 omnem
3276 1394 3543 1462 modum
3603 1407 3671 1461 et
3723 1397 4043 1462 rationem
4100 1397 4293 1464 Fara
4346 1400 4488 1482 ipse
4540 1420 4655 1464 ex-

2709 1490 2908 1565 ponet
2950 1482 3067 1546 tibi
3112 1491 3431 1547 accurate.
3512 1480 3728 1564 Quem
3774 1484 3931 1548 dum
3967 1483 4384 1565 cupidissime
4428 1486 4658 1551 audies

2708 1566 3082 1633 fidelissime
3124 1569 3346 1632 omnia
3386 1579 3853 1646 recensentem,
3899 1569 4071 1633 nihil
4114 1568 4341 1635 dubito
4378 1571 4532 1653 quin
4573 1571 4656 1636 ad

2710 1663 2964 1717 tantam
3007 1655 3246 1718 summi
3283 1654 3572 1718 numinis
3609 1654 4082 1738 benignitatem
4118 1664 4188 1720 ct
4220 1655 4655 1736 clementiam,

2708 1739 2778 1801 in
2822 1746 3007 1803 tanta
3059 1738 3313 1822 populi,
3369 1746 3446 1804 ut
3500 1738 3815 1805 hactenus
3857 1741 4012 1816 fuit,
4070 1740 4547 1825 ingratitudine
4589 1751 4657 1808 et

2705 1824 3051 1905 iniquitate
3093 1828 3363 1907 prorsus
3405 1823 3843 1908 obstupescas,
3890 1826 3983 1890 ita
4025 1835 4247 1891 tamen
4293 1836 4366 1891 ut
4408 1828 4652 1893 intelli·

2708 1930 2843 1992 gas,
2890 1909 2993 1973 his
3036 1910 3238 1976 tantis
3277 1910 3484 1975 initiis
3526 1921 3595 1975 te
3638 1909 3720 1975 ad
3755 1931 3947 1976 suum
3983 1919 4299 1995 tuumque
4334 1914 4652 1996 populum

2707 1993 2892 2059 velut
2931 1994 3139 2077 signis
3181 1996 3368 2061 elatis
3410 1996 3719 2073 revocari,
3762 2017 3888 2080 quo
3929 1995 4101 2079 quod
4145 2019 4184 2061 a
4238 2009 4306 2063 te
4347 2010 4413 2063 et
4460 1999 4658 2067 Far-el

2705 2080 2950 2145 iactum
2994 2089 3136 2144 erat
3178 2102 3421 2164 magna
3453 2081 3965 2163 felicitatetolici
4014 2103 4095 2147 ue
4129 2104 4250 2166 per
4282 2085 4472 2149 initia
4505 2106 4653 2153 suc-

2705 2185 2894 2231 cessu
2933 2163 3452 2244 fundamentum,
3498 2178 3567 2232 et
3606 2176 3753 2250 post
3796 2177 3943 2233 astu
4035 2176 4269 2233 atanae
4317 2191 4433 2252 por
4474 2181 4654 2238 certa

2707 2250 3043 2315 hominum
3100 2259 3394 2316 monstra
3447 2252 3684 2318 misere
3740 2251 4071 2318 divulsum
4128 2263 4198 2319 et
4238 2275 4445 2337 paene
4494 2257 4648 2322 sub-

2704 2357 2989 2414 versum,
3035 2335 3118 2400 ad
3162 2357 3348 2400 suam
3381 2337 3830 2422 integritatem
3870 2345 3938 2403 et
3971 2340 4495 2421 aequabilitatem
4531 2363 4651 2426 per

2706 2442 2821 2486 vos
2877 2430 3306 2503 componatur
3374 2432 3443 2487 et
3496 2423 3903 2489 restituatur.
4002 2424 4221 2504 Haec,
4277 2447 4316 2491 o
4376 2427 4647 2510 Calvina,

2705 2512 2802 2571 tot
2842 2507 3176 2589 tantisque
3219 2507 3424 2591 signis
3466 2507 3737 2573 Domini
3793 2509 4103 2574 voluntas
4155 2531 4297 2576 esse
4353 2532 4648 2598 compro·

2704 2591 2915 2657 batur.
3004 2591 3232 2675 Neque
3285 2594 3462 2657 enim
3519 2601 3766 2659 temere
3820 2596 3962 2659 fieri
4018 2596 4415 2680 putandum,
4473 2599 4649 2682 quod

2703 2678 2816 2761 qui
2859 2685 3121 2742 vestrae
3176 2678 3669 2762 proscriptionis
3722 2686 3988 2745 autores
4038 2681 4307 2747 fuerunt
4356 2683 4481 2766 ipsi
4535 2694 4652 2753 aut

2705 2762 2875 2827 hane
2920 2763 3125 2828 vitam
3166 2783 3316 2828 cum
3357 2772 3544 2829 tanta
3588 2764 3735 2830 talis
3777 2768 4007 2830 mortis
4049 2766 4318 2832 infamia
4361 2788 4652 2838 commu-

2703 2855 2946 2926 tarunt,
2991 2857 3109 2912 aut
3149 2848 3362 2913 solum
3408 2849 3624 2914 exsilii
3669 2871 3867 2916 causa
3908 2861 4267 2918 verterunt.
4338 2853 4423 2919 In
4468 2865 4654 2924 tanta

2702 2954 2860 2998 sane
2903 2933 3292 2999 iudiciorum
3337 2935 3611 2999 Domini
3653 2936 3797 3002 luce
3840 2936 4084 3019 aliquid
4126 2936 4308 3003 videt
4341 2950 4408 3005 et
4441 2944 4655 3010 multa

2701 3019 2905 3084 sentit
2952 3019 3343 3084 miserabilis
3395 3021 3688 3103 populus.
3790 3022 4026 3087 Palam
4083 3023 4257 3088 idem
4315 3039 4384 3090 et
4425 3039 4652 3111 aperte

2702 3104 2916 3182 sentit,
2961 3104 3199 3187 quibus
3243 3105 3494 3170 artibus
3526 3106 3810 3191 ingressi
3843 3117 4002 3172 sunt
4037 3107 4148 3193 qui
4196 3119 4329 3174 tam
4365 3115 4653 3196 turpiter

2701 3190 3020 3255 exierunt.
3087 3190 3260 3254 Nam
3302 3191 3523 3257 verbis
3568 3213 3771 3275 paene
3815 3204 3970 3258 sunt
4009 3195 4143 3258 iam
4178 3195 4437 3277 publice
4473 3201 4648 3282 fassi,

2700 3273 2873 3357 quod
2913 3274 3067 3339 olim
3112 3283 3265 3359 post
3304 3286 3603 3341 vest-rum
3648 3278 4002 3344 discessum
4053 3300 4172 3345 suo
4214 3282 4650 3370 qualicunque

2698 3361 3003 3444 ingressu
3082 3381 3156 3424 re
3219 3362 3363 3444 ipsa
3440 3364 3600 3428 satis
3664 3365 4107 3443 testabantur,
4173 3386 4244 3432 se
4309 3388 4442 3432 non
4512 3379 4648 3438 tam

2699 3453 2994 3529 pastores
3037 3466 3234 3529 quam
3281 3447 3559 3513 vicarios
3601 3449 3820 3515 fuisse.
3924 3449 4118 3531 Quod
4163 3452 4379 3534 ipsum
4424 3454 4568 3522 Μω.
4599 3455 4647 3542 ¹)

2698 3531 2781 3595 ad
2835 3530 3296 3598 Genevensem
3349 3531 3421 3599 S.
3473 3534 3550 3599 P.
3605 3534 3687 3615 Q.
3747 3535 4029 3601 scribere
4086 3535 4256 3601 nihil
4297 3537 4645 3607 dubitavit.

2697 3617 2939 3682 Merito
2991 3617 3209 3699 itaque
3264 3618 3545 3702 populus
3609 3640 3730 3688 vos
3792 3622 4113 3705 agnoscit,
4188 3644 4307 3689 vos
4369 3627 4650 3710 requirit

2697 3709 3021 3786 pastores:
3075 3703 3320 3769 fatetur
3373 3705 3664 3788 eulpam,
3728 3709 3928 3772 sentit
3988 3727 4308 3789 errorem,
4371 3714 4553 3795 eupit
4606 3735 4648 3780 a

2699 3788 2882 3854 vobis
2949 3808 3068 3869 per
3144 3787 3485 3855 Christum
3560 3791 3853 3875 agnosci,
3929 3794 4178 3877 ignosci
4257 3803 4325 3859 et
4399 3798 4642 3865 reduci.

2703 3873 3076 3958 Agnoscite,
3115 3874 3447 3958 ignoscite,
3492 3877 3707 3941 reditu
3732 3885 3970 3953 vestro,
4014 3889 4362 3963 conspectu
4393 3893 4644 3950 vestro:

2699 3959 2991 4025 reducite
3055 3960 3419 4025 ministerio
3494 3970 3733 4027 vestro.
3832 3963 4160 4047 Relinque
4225 3967 4372 4033 istie
4437 3989 4644 4034 nona—

2697 4047 2885 4129 ginta
2904 4066 3142 4110 novem
3165 4045 3483 4111 ecclesias.
3551 4047 3766 4112 Video
3800 4050 3974 4114 enim
4010 4050 4247 4133 quibus
4282 4074 4643 4138 exaggera·

2699 4130 2987 4195 tionibus
3029 4137 3305 4195 utentur
3325 4132 3440 4215 qui
3474 4139 3542 4197 te
3578 4133 3787 4198 velint
3823 4136 4121 4201 retinere.
4191 4135 4373 4202 Satis
4397 4139 4645 4205 habent

2697 4214 2977 4281 aliorum
3056 4226 3123 4280 et
3201 4215 3521 4282 bonorum
3599 4229 3953 4302 pastorum.
4077 4220 4265 4287 Offer
4341 4233 4408 4289 te
4489 4224 4643 4293 huie

2696 4301 2942 4366 erranti
2986 4300 3298 4380 oviculae,
3342 4324 3508 4386 quae
3551 4303 3708 4369 dum
3752 4305 3823 4369 in
3868 4307 4107 4372 erroris
4150 4307 4254 4372 sui
4296 4316 4430 4373 tam
4467 4313 4640 4393 peri-

2696 4386 2900 4451 culosi
2944 4395 3126 4451 tanto
3168 4408 3368 4453 sensu
3411 4389 3656 4473 talique
3698 4391 4067 4475 cognitione
4110 4400 4244 4456 tam
4290 4391 4641 4480 diligenter

2695 4480 2762 4536 te
2801 4471 3076 4555 quaerit,
3120 4482 3256 4537 tam
3300 4476 3496 4539 anxie
3540 4484 3605 4541 te
3648 4476 3918 4559 expetit,
3964 4477 4182 4543 minus
4218 4478 4342 4542 erit
4377 4480 4637 4562 laboris,

2693 4556 2864 4622 nihil
2906 4557 3272 4638 molestiae,
3332 4560 3403 4623 in
3456 4561 3603 4644 ipsa
3659 4562 3741 4626 ad
3799 4560 4055 4627 caulam
4098 4561 4489 4631 dominicam
4532 4589 4636 4633 re-

2693 4642 3001 4708 ducenda.
3090 4641 3226 4709 Sed
3268 4665 3392 4710 nae
3435 4667 3555 4730 ego
3598 4666 3807 4712 vanus
3849 4649 3960 4730 qui
4005 4658 4099 4726 te,
4154 4648 4280 4713 iam
4344 4650 4474 4717 hue
4519 4661 4637 4718 tua

2692 4737 2920 4811 sponte
2962 4750 3348 4813 summaque
3391 4731 3717 4796 celeritate
3762 4745 4230 4811 accurrentem,
4275 4733 4381 4800 his
4427 4737 4634 4804 calca-

2692 4813 2874 4879 ribus
2916 4814 3118 4879 velim
3161 4816 3617 4881 vehementius
3661 4837 3914 4902 urgere.
4017 4819 4341 4887 Dominus
4397 4829 4462 4886 te
4507 4845 4633 4907 quo

2691 4900 2903 4982 coepit
2965 4902 3198 4983 spiritu
3274 4901 3359 4966 ad
3423 4901 3880 4967 honestissima
3952 4924 4273 4988 quaeque,
4339 4927 4633 4992 quaeque

2688 4985 2977 5050 maxime
3045 4987 3128 5049 ad
3194 5007 3382 5052 suam
3435 4985 3708 5071 gloriam
3766 5009 4050 5073 suaeque
4114 4990 4421 5057 eeclesiae
4478 5015 4629 5078 pro·

2722 5207 2859 5268 240.
2895 5206 2953 5272 1)
2993 5204 3351 5261 Mon-andus?
3414 5207 3509 5272 (N.
3541 5206 3691 5275 232.)
3762 5208 4041 5264 caeter-mn
4073 5226 4184 5265 non
4218 5211 4308 5266 hic
4351 5215 4503 5270 solus
4534 5216 4632 5271 sed

2687 5282 2737 5331 et
2773 5275 3120 5330 Marem-tius
3155 5292 3221 5328 m.
3240 5276 3492 5344 Augusto
3523 5279 3743 5333 senatui
3773 5293 3831 5332 se
3862 5278 4078 5333 diutius
4111 5296 4630 5353 manerempom

2689 5344 2991 5400 declaravit
3023 5350 3073 5397 et
3112 5342 3412 5413 Septembre
3445 5345 3670 5402 abierat.
3745 5346 3936 5417 Roqet,
3972 5347 4020 5401 Ι.
4049 5364 4108 5416 p.
4143 5347 4243 5401 271
4283 5365 4392 5421 sqq.
