5050 6167
389 446 505 506 745

1275 630 1425 702 570.

867 767 1360 837 GESNERUS
1404 768 1830 837 GALVINO.

546 903 943 1008 Commendat
996 939 1638 1023 impetn-uelis
1692 939 1899 1022 filium
1952 940 2320 1023 9010000-

374 1027 1968 1126 vamutyallicamlinqaamedssqatapatre
2029 1026 2316 1092 mittitur.

377 1110 582 1177 Svmul
615 1114 812 1179 tradtt
841 1134 1001 1195 opus
1034 1134 1221 1179 sumn
1254 1117 1761 1191 recentem,
1804 1112 2080 1177 nondum
2111 1116 2318 1177 tamen

645 1370 758 1434 (Ex
793 1370 1129 1441 autographo
1163 1369 1292 1425 eod.
1328 1368 1568 1424 90111001
1600 1365 1722 1435 404,
1756 1369 1847 1423 101.
1883 1366 2031 1436 ⁷84.)

536 1556 919 1625 Clarissimo
962 1559 1103 1623 viro
1144 1559 1229 1623 D.
1277 1557 1511 1623 Ioanni
1552 1556 1834 1624 Calvino
1877 1555 2138 1622 domino
2196 1576 2316 1621 suo

365 1642 818 1710 colendissimo
860 1644 1166 1710 ecclesiae
1207 1643 1511 1709 ministro
1555 1642 1732 1709 fideli
1804 1727 2139 1795 Gemma·

532 1863 607 1932 S.
680 1866 1011 1933 Mercator
1067 1865 1332 1949 quidam
1393 1864 1803 1932 Genevensis
1844 1864 2055 1930 filium
2118 1884 2312 1930 suum

366 1950 493 2017 huc
536 1951 623 2017 ad
664 1972 785 2018 nos
834 1952 1157 2017 missurus
1213 1959 1314 2016 est
1366 1950 1630 2035 linguae
1686 1950 2031 2017 discendae
2075 1949 2311 2034 gratia,

362 2046 426 2102 et
480 2038 551 2101 in
612 2038 751 2103 eius
806 2037 1021 2103 locum
1078 2045 1462 2120 recepturus
1522 2036 1841 2120 patruelis
1894 2036 2025 2102 mei
2078 2034 2311 2100 itidem

358 2123 740 2189 mercatoris
781 2123 1010 2188 filium.
1100 2121 1237 2189 Sed
1279 2123 1587 2205 quoniam
1622 2133 1689 2186 et
1720 2122 2100 2187 mercatoris
2134 2120 2310 2186 illius

357 2227 606 2274 nomen
646 2209 910 2293 ignoro,
971 2216 1040 2273 et
1092 2208 1324 2292 gallice
1378 2207 1549 2272 nihil
1592 2215 1708 2272 aut
1748 2207 2031 2291 pessime
2075 2206 2307 2284 scribo,

356 2293 477 2359 tibi
518 2294 840 2361 molestus
881 2312 1025 2359 esse
1068 2313 1279 2378 cogor.
1368 2294 1559 2377 Rogo
1614 2301 1680 2358 te
1721 2292 1926 2376 igitur
1978 2300 2054 2358 ut
2094 2292 2309 2359 civem

354 2378 543 2444 illum
592 2390 909 2459 vestrum,
966 2380 1152 2445 cuius
1194 2399 1436 2445 nomen
1480 2400 1568 2445 ex
1609 2378 1721 2444 illo
1767 2378 1992 2443 audies
2033 2379 2145 2461 qui
2188 2376 2310 2442 has

356 2464 473 2530 tibi
517 2465 729 2531 tradit
770 2474 838 2531 et
880 2486 1154 2549 puerum
1200 2473 1501 2530 nostrum
1543 2484 1769 2531 secum
1811 2462 2102 2541 adducit,
2156 2482 2310 2528 nos-

355 2559 460 2615 tro
502 2552 780 2616 nomine
823 2552 1175 2616 convenias
1227 2559 1293 2615 et
1335 2550 1616 2616 horteris
1670 2559 1747 2615 ut
1787 2570 1983 2616 curae
2025 2546 2146 2614 sibi
2191 2548 2309 2613 ha-

351 2636 505 2702 beat
546 2636 763 2702 filium
805 2636 1120 2720 patruelis
1153 2638 1302 2714 mei,
1346 2657 1546 2719 quum
1581 2634 1764 2715 alias,
1808 2643 1950 2700 tum
1982 2634 2057 2699 in
2091 2632 2310 2699 addis-

352 2722 565 2788 cenda
607 2721 838 2806 lingua
879 2721 1132 2804 gallica.
1212 2721 1455 2787 Latina
1496 2721 1673 2786 enim
1718 2741 1881 2804 opus
1923 2741 2058 2786 non
2091 2719 2308 2785 habet.

351 2808 444 2875 Et
486 2809 545 2875 si
594 2816 670 2873 10
721 2809 893 2874 forte
948 2829 1064 2891 per
1120 2808 1525 2874 occasionem
1582 2806 1870 2890 aliquam
1921 2806 2310 2890 magistrum

351 2893 621 2961 scholae
664 2894 747 2960 ad
802 2914 1000 2977 quam
1055 2891 1415 2958 mittendus
1460 2903 1559 2958 est
1600 2892 1861 2959 noveris
1877 2942 1894 2969 ,
1953 2891 2014 2956 ei
2069 2910 2312 2973 quaeso

350 3001 637 3064 puerum
666 2977 1146 3045 commendato.
1236 2977 1568 3043 Patruelis
1601 2999 1804 3056 meus,
1851 2977 1959 3060 qui
1993 2976 2204 3042 bonus
2243 2983 2313 3041 et

350 3065 679 3133 honestus
722 3065 826 3131 vir
867 3072 986 3142 est,
1029 3063 1319 3130 vicissim
1377 3084 1511 3129 non
1565 3064 1853 3146 patietur
1904 3062 2064 3145 quin
2106 3060 2313 3128 vestri

350 3151 738 3218 mercatoris
780 3150 914 3215 filio
956 3148 1166 3215 modis
1207 3149 1510 3215 omnibus
1552 3149 2008 3232 prospiciatur.

521 3236 718 3303 Haec
761 3235 1096 3301 hactenus.
1162 3234 1458 3302 Ecclesia
1492 3242 1722 3299 nostra
1754 3232 1886 3298 Dei
1921 3233 2135 3316 gratia
2176 3252 2310 3297 non

352 3322 628 3406 quidem
670 3323 915 3406 optime
957 3319 1072 3387 sed
1113 3319 1528 3386 mediocriter
1578 3320 1746 3385 bene
1786 3318 2019 3397 habet,
2075 3317 2312 3383 saltem

350 3430 487 3475 non
533 3407 828 3474 deterius
872 3427 1068 3491 quam
1103 3406 1400 3485 antehac,
1445 3404 1616 3491 quod
1651 3405 1873 3471 sciam.
1939 3405 2044 3469 De
2086 3413 2312 3469 vestra

350 3495 719 3560 multorum
792 3493 966 3559 0000
1038 3491 1414 3558 testimonia
1475 3490 1756 3557 libenter
1832 3488 2166 3569 audimus,
2244 3496 2312 3554 et

350 3580 580 3647 Deum
636 3589 768 3663 opt.
827 3599 1002 3644 max.
1059 3598 1320 3643 oramus
1375 3584 1450 3642 ut
1507 3577 1818 3642 continuo
1873 3575 1947 3639 in
1995 3574 2310 3640 honorem

354 3687 549 3733 suum
593 3687 718 3732 vos
757 3673 1026 3732 tueatur
1066 3670 1134 3730 et
1171 3673 1569 3747 promoveat.
1641 3660 1827 3726 Vale.
1914 3660 2149 3743 Tiguri
2184 3662 2306 3723 28⁰

356 3751 461 3819 die
505 3752 801 3837 Augusti
848 3756 1030 3815 1544.

917 3887 1100 3951 Tuus
1144 3908 1229 3951 ex
1263 3886 1480 3953 animo
1524 3882 1865 3952 conradus
1910 3881 2267 3949 Gesnerus.

529 4094 730 4160 Mitto
773 4094 1103 4177 specimen
1157 4092 1400 4158 laboris
1445 4110 1596 4156 nos-

357 4181 447 4245 tri
472 4184 522 4257 ¹)
569 4181 759 4246 cuius
786 4180 918 4244 iam
963 4178 1136 4244 bona
1170 4198 1322 4263 pars
1358 4196 1599 4243 excusa

359 4274 492 4344 est,
553 4276 623 4332 et
666 4266 857 4350 cupio
899 4265 1014 4331 abs
1057 4274 1124 4329 te
1166 4264 1403 4329 rescire
1446 4272 1600 4328 tuas

354 4349 864 4429 lucubrationes,
910 4351 966 4415 si
1010 4370 1178 4432 quae
1215 4356 1387 4426 sunt,
1434 4367 1597 4431 quas

356 4438 742 4521 ignoremus
786 4436 1031 4513 adhuc,
1089 4443 1155 4500 et
1206 4454 1368 4518 quas
1411 4433 1599 4498 brevi

358 4522 663 4589 editurus
698 4523 808 4603 sis,
844 4529 924 4588 ut
954 4521 1101 4587 illas
1123 4541 1242 4587 suo
1264 4519 1405 4585 loco
1426 4538 1598 4584 com-

355 4628 819 4675 memoremus.

708 4767 773 4774 --

393 4866 528 4929 5'70.
568 4864 623 4933 1)
661 4864 999 4919 Bibliotheca
1044 4863 1363 4916 universalis
1399 4878 1443 4916 0.
1480 4860 1769 4928 Gatalogus
1814 4858 2051 4913 omnium
2086 4858 2314 4926 scripto-

362 4953 482 4989 rum
541 4934 997 5003 locupletissimus
1056 4931 1110 4984 10
1168 4932 1347 4985 tribus
1400 4930 1599 4999 linguis
1646 4929 1819 4982 latina
1868 4943 2063 4998 graeca
2112 4932 2169 5008 01
2220 4926 2314 4979 he·

360 5005 552 5058 braica
587 5003 916 5056 exstantium
954 5006 1010 5054 et
1045 5016 1152 5053 nou
1190 5000 1520 5054 exstantium
1555 5002 1798 5051 veterum
1847 5004 1904 5049 et
1938 5000 2312 5049 recentiorum.

362 5072 558 5142 Tiguri
593 5072 946 5126 Froschover.
1000 5066 1140 5123 1545
1173 5069 1268 5122 101.

2066 449 2227 510 1544
2275 440 2670 511 AUGUST.

4241 447 4367 512 746

3333 628 3478 701 571.

2875 763 3281 833 vfflETUS
3327 766 3924 835 GUAL'PHERO.

2599 937 2763 1018 Quos
2838 938 3206 1003 Turicenses
3273 941 3773 1005 commendarunt
3786 991 3802 1020 ,
3865 941 3920 1004 ii
3986 941 4370 1008 Lausannae

2421 1042 2547 1088 non
2586 1023 2854 1089 multum
2883 1025 3296 1106 profecerunt,
3339 1044 3532 1105 quam
3561 1028 3762 1109 pestis
3803 1031 3861 1092 et
3893 1047 4173 1093 annonae
4204 1028 4371 1092 cart-

2422 1113 2525 1173 tas
2565 1114 2811 1189 vexant,
2856 1108 2999 1174 belli
3038 1129 3321 1174 rumores
3359 1130 3729 1193 suspensam
3760 1117 3971 1177 tenent.
4060 1112 4169 1177 Ex
4216 1112 4370 1179 Gal-

2422 1194 2516 1258 lia
2557 1194 2820 1259 meliora
2853 1196 3249 1261 nunciantur.
3317 1194 3401 1259 In
3431 1197 3778 1262 Germania
3818 1198 4118 1278 inferiore
4151 1197 4369 1264 Liber-

2419 1279 2543 1343 tim·
2583 1300 2736 1363 quos
2777 1281 2993 1347 dicunt
3034 1283 3401 1346 exstiterunt
3440 1303 3666 1347 novam
3699 1288 3754 1347 et
3785 1282 4133 1348 detestabile
4175 1282 4369 1349 homi-

2419 1385 2572 1428 num
2610 1386 2823 1449 yenus,
2867 1372 3083 1432 contra
3120 1386 3278 1448 qnos
3324 1365 3628 1434 Calvinus
3665 1369 4013 1449 scripturus
4054 1373 4158 1434 est.

2423 1535 2534 1600 (Ex
2571 1537 2908 1606 autographo
2941 1535 3160 1589 Archiv.
3195 1535 3374 1590 Turic-
3410 1537 3554 1591 Plut.
3574 1538 3667 1592 vl.
3707 1539 3809 1592 vol.
3849 1536 3949 1590 166
3983 1539 4112 1592 01110
4146 1539 4288 1609 Epp.
4321 1544 4362 1592 t.

2881 1603 2967 1671 24,
3002 1605 3093 1658 101.
3126 1602 3246 1659 229.
3285 1633 3348 1645 -
3388 1606 3599 1660 Simler.
3636 1607 3760 1660 Vol.
3796 1604 3912 1674 55.)

2590 1791 2930 1876 Singulari
2973 1792 3340 1857 eruditione
3378 1814 3454 1858 ac
3517 1794 3760 1877 pietate
3818 1794 4235 1860 ornatissimo
4277 1792 4363 1859 D.

2416 1876 2764 1961 Rodolpho
2786 1877 3159 1944 Gualthero
3195 1878 3608 1945 ecclesiastae
3631 1880 3950 1965 Tigurino
3983 1879 4365 1946 fidelissimo

2412 1964 2605 2028 fratri
2648 1974 2715 2028 et
2758 1963 2966 2030 amico
3001 1963 3389 2029 suavissimo

3856 2050 4104 2135 Tiguri.

2586 2184 2656 2251 S.
2703 2185 2850 2251 Non
2887 2186 3215 2268 potuimus
3250 2184 3375 2269 piis
3414 2185 3723 2252 fratribus
3766 2207 3925 2269 quos
3963 2185 4151 2251 nobis
4186 2205 4363 2251 com-

2410 2270 2773 2336 mendastis
2816 2271 3100 2336 multum
3143 2272 3454 2336 conferre.
3541 2271 3999 2337 Praestitimus
4041 2270 4215 2354 quod
4255 2292 4367 2355 po-

2412 2356 2662 2422 tuimus
2676 2407 2693 2434 ,
2750 2355 2941 2440 plura
2981 2357 3360 2439 praestituri
3418 2358 3475 2422 si
3526 2356 3681 2441 quid
3727 2355 3903 2439 apud
3959 2378 4079 2424 nos
4134 2357 4366 2423 fuisset

2412 2442 2762 2593 50¹³?ssssss
2775 2451 3254 2594 Ἥῗιεὲξὲῗιῖ
3299 2443 3510 2612 ⁰1}ss
3533 2442 3715 2592 quil,
3759 2443 3864 2594 ’ἓξ
3916 2441 4329 2610 11ὲὲῑὲῗὲῗέ

2411 2612 2700 2677 inveniri
2753 2613 3058 2696 potuerit.
3146 2613 3285 2678 Vix
3342 2634 3616 2697 usquam
3669 2612 3894 2681 vidisti
3946 2614 4189 2680 nostris
4242 2613 4363 2679 110-

2412 2698 2703 2764 10101000
2765 2697 2936 2764 01100
3004 2697 3514 2783 negligentiores
3578 2706 3693 2765 aut
3755 2700 3964 2783 magis
4042 2700 4364 2765 bonarum

2412 2783 2657 2848 artium
2700 2791 3198 2866 contemptores.
3273 2783 3349 2850 Si
3392 2785 3758 2869 praefectus
3799 2786 3868 2849 in
3907 2783 4069 2851 urbe
4111 2785 4362 2863 fuisset,

2413 2869 2634 2935 forsan
2677 2868 2868 2952 plura
2908 2879 2977 2933 et
3019 2870 3302 2935 certiora
3343 2869 3617 2936 inventa
3655 2870 3952 2935 fuissent.

2589 2954 2684 3019 De
2726 2953 2921 3019 rebus
2965 2955 3206 3021 nostris
3253 2955 3421 3019 nihil
3472 2964 3572 3021 est
3630 2954 3798 3038 quod
3854 2954 4046 3022 valde
4089 2954 4362 3040 dignum

2414 3041 2666 3123 scriptu
2708 3060 3023 3106 censeam.
3111 3039 3217 3106 De
3260 3040 3447 3107 bellis
3487 3040 3686 3106 multi
3738 3040 4101 3106 audiuntur
4141 3062 4363 3108 rumo-

2414 3146 2522 3191 res
2567 3122 2682 3192 sed
2722 3146 2947 3192 omnes
3007 3126 3170 3192 varii
3214 3133 3282 3191 et
3322 3125 3574 3192 incerti.
3663 3123 3958 3209 Quisque
4000 3126 4122 3192 sibi
4166 3126 4363 3210 fingit

2414 3211 2586 3295 quod
2627 3213 2768 3295 ipse
2810 3218 3026 3294 optat,
3081 3219 3151 3276 et
3191 3209 3472 3276 libenter
3514 3210 3721 3277 credit
3756 3210 3929 3294 quod
3971 3212 4172 3295 cupit:
4234 3231 4362 3294 quo

2412 3299 2491 3363 fit
2532 3304 2611 3361 ut
2652 3296 2840 3380 pauci
2877 3297 3302 3361 inveniantur
3353 3296 3538 3381 digni
3581 3296 3818 3379 quibus
3859 3294 4022 3362 fides
4065 3295 4364 3363 habenda

2415 3384 2517 3449 sit.
2606 3382 2845 3461 Pestis,
2888 3401 3056 3464 quae
3099 3380 3286 3447 nobis
3329 3381 3626 3447 inducias
3668 3378 3938 3446 dederat
3952 3431 3968 3457 ,
4027 3382 4363 3447 recrudes-

2414 3468 2521 3534 cit.
2611 3467 2815 3533 Faxit
2855 3467 3180 3532 Dominus
3223 3474 3303 3532 ut
3346 3466 3611 3533 tandem
3653 3473 3751 3532 tot
3792 3465 4004 3550 plagis
4045 3465 4364 3532 admoniti

2412 3553 2887 3636 resipiscamus.
2973 3552 3189 3617 Valde
3230 3553 3438 3636 pressi
3493 3551 3741 3618 fuimus
3797 3551 3922 3617 1100
3975 3571 4148 3616 0000
4204 3553 4365 3618 cari-

2414 3647 2551 3704 tate
2594 3657 2915 3714 annonae,
2936 3637 2992 3721 ²)
3035 3658 3158 3703 000
3198 3637 3411 3704 multo
3444 3636 3926 3704 foecundiorem
3960 3657 4140 3721 spem
4176 3636 4362 3703 nobis

2412 3724 2757 3807 proximus
2798 3722 3159 3806 pollicetur.
3247 3722 3507 3807 Urgent
3547 3724 3823 3806 penuria
3864 3731 3934 3787 01
3972 3722 4194 3807 pestis,
4236 3722 4364 3786 im-

2413 3810 2672 3875 minent
2722 3807 3131 3874 atrocissima
3175 3807 3346 3874 bella
3399 3819 3468 3872 et
3525 3808 3638 3873 vix
3692 3815 3912 3872 tamen
3968 3807 4362 3890 expergisci-

2414 3915 2581 3959 mur.
2671 3892 2909 3960 Gallus
2959 3893 3133 3958 inter
3186 3893 3308 3960 hos
3356 3892 3626 3959 bellicos
3679 3900 3898 3959 motus
3952 3892 4159 3958 multa
4211 3911 4363 3957 oon-

2414 3980 2613 4045 cessit
2652 3977 2961 4044 fratribus
3002 3977 3544 4054 Provincialibus,
3565 3976 3621 4064 ³)
3675 3979 3853 4043 inter
3894 3998 4054 4060 quos
4096 3976 4367 4060 plurimi
4437 4028 4443 4034 .

2416 4072 2576 4131 sunt
2617 4084 2701 4128 ex
2742 4063 3071 4130 veteribus
3114 4063 3572 4130 Valdensibus.
3662 4063 3898 4129 Vetuit
3939 4063 4239 4145 persequi
4282 4063 4365 4129 ob

2416 4149 2801 4234 religionem
2846 4170 3256 4235 quemqm,
3298 4147 3415 4215 sed
3447 4149 3641 4216 iussit
3674 4148 3757 4215 ad
3799 4149 4132 4232 privatum
4167 4168 4367 4216 suum

2455 4389 2582 4448 571.
2619 4389 2678 4448 11
2717 4388 2771 4442 L
2894 4387 2905 4398 '
3033 4386 3200 4441 cho.
3421 4387 3497 4455 fio
3530 4385 3972 4452 Brachsaliense,
4010 4384 4108 4452 qui
4142 4402 4196 4439 a.
4230 4384 4368 4441 1500

2416 4462 2608 4523 natus,
2644 4456 2699 4510 L
2853 4456 3007 4523 viae,
3045 4455 3286 4509 Dur-laci
3299 4495 3316 4522 ,
3400 4457 3664 4510 olman‘ae
3697 4460 3750 4509 et
3781 4453 4144 4522 Aryentorati
4176 4455 4364 4509 vario-

2417 4542 2545 4580 rum
2578 4525 2790 4579 scholas
2825 4524 2971 4579 adiit
3004 4524 3256 4592 quamvis
3272 4539 3487 4579 summa
3516 4528 3848 4593 paupertate
3880 4537 4197 4603 oppressus,
4228 4538 4364 4592 pos-

2418 4601 2509 4651 tea
2557 4594 2953 4662 Heidelberqae
3003 4597 3053 4646 et
3107 4592 3382 4659 Frfburyi
3429 4593 3717 4647 altioribus
3780 4591 3981 4646 studiis
4032 4591 4252 4646 deditas
4314 4598 4367 4647 et

2418 4665 2656 4719 maxime
2689 4662 2987 4729 historici-⁴3,
3025 4660 3246 4715 tandem
3294 4661 3392 4715 via:
3431 4665 3817 4729 praetextatus
3854 4666 4054 4729 pastor
4085 4661 4270 4728 factus
4302 4661 4367 4714 in

2418 4733 2539 4788 vico
2583 4731 2840 4787 Rubicon
2877 4730 3022 4854 ngi
3074 4729 3419 4795 Tua—toeneio,
3476 4730 3621 4784 inter
3755 4730 3880 4809 'mos
3922 4728 4367 4796 reformationem

2417 4801 2704 4870 amplexus
2749 4806 2843 4855 est.
2997 4800 3227 4853 ronicon
3271 4797 3586 4852 helveticum
3636 4814 3664 4850 e
3703 4797 3811 4851 idat
3855 4815 3909 4852 a.
3961 4797 4097 4851 1548
4100 4837 4124 4877 3
4166 4803 4366 4866 postea

2419 4871 2490 4924 ab
2533 4871 2716 4938 ipsius
2759 4870 2875 4938 filio
2921 4874 2974 4923 et
3015 4866 3241 4923 Wasero
3294 4865 3672 4921 continuatum
3717 4872 3768 4919 et
3816 4881 3845 4919 0
3952 4867 4043 4920 ius
4086 4872 4363 4921 aeratam.

2428 4938 2577 4994 Obiit
2612 4957 2666 4992 a.
2709 4938 2856 4992 1566.
2933 4938 3015 5003 Cf.
3051 4935 3350 5004 Hottinqer
3382 4934 3513 4988 KG.
3550 4933 3668 4988 III
3714 4934 3798 4989 83.
3940 4936 4108 4990 uehat
4152 4935 4205 4989 Ι.
4245 4935 4361 4988 100.

2625 5008 2685 5070 2)
2719 5005 3012 5061 thoiroc
3045 5005 3112 5059 de
3148 5005 3483 5074 Rev-reficior
3509 5021 3571 5071 p.
3606 5002 3728 5057 225.

2417 5143 2488 5198 ..2
2519 5074 3336 5199 ...arram
3229 5073 3752 5197 mmmm
3785 5076 3922 5194 0.
3948 5070 4361 5205 aa...

2419 5212 2690 5282 siquidem
2739 5230 2778 5267 a
2814 5217 3181 5282 procuratore
3229 5212 3380 5280 reyio
3435 5226 3618 5265 mse
3663 5209 3941 5265 Ianuario
3990 5207 4125 5261 1545
4176 5179 4366 5262 litera}

2420 5285 2620 5337 missae
2651 5281 2883 5348 ficorum
2911 5282 3110 5350 priora
3141 5285 3192 5335 et
3225 5281 3504 5336 ccccv-tora
3537 5279 3717 5334 edicta
3750 5277 4152 5346 continuantes,
4202 5292 4364 5331 omas

2417 5352 2502 5407 rei
2529 5367 2675 5421 prae
2708 5350 2936 5406 metonis
2969 5355 3247 5419 promotor
3278 5349 3390 5417 fuit
3425 5347 3751 5405 Car-dinam
3783 5346 3851 5401 de
3890 5345 4167 5401 Temnon.
