5050 6167
368 463 483 525 497

303 715 315 721 ,
365 647 508 715 belli
550 645 921 729 sumptibus
964 665 1095 711 non
1140 666 1348 711 unum
1390 647 1460 711 in
1506 667 1754 712 annum
1797 646 1913 714 sed
1957 646 2311 713 admodum

364 733 581 819 plures
621 731 1027 815 supputatis:
1075 729 1248 815 quod
1284 733 1339 798 si
1375 753 1506 797 non
1540 734 1637 810 fit,
1681 755 1811 799 non
1847 741 1948 799 est
1982 742 2059 798 ut
2101 733 2310 799 ullam

365 819 547 885 nobis
591 817 939 901 gloriosam
998 817 1342 882 victoriam
1386 818 1830 901 polliceamur.
1918 819 2309 902 sapientum

363 903 618 989 quidem
663 902 904 970 iudicio
922 954 936 981 ,
995 905 1121 969 nisi
1164 903 1555 969 miraculose
1598 926 1718 971 ceu
1763 926 1804 970 a
1845 904 2152 971 machina
2195 904 2310 969 ad·

363 991 606 1075 fulgeat
648 989 926 1056 eoeleste
969 988 1382 1072 praesidium.
1474 987 1608 1054 Sed
1655 989 1735 1054 de
1779 991 1859 1055 iis
1904 992 2081 1056 satis.

533 1075 807 1141 Certum
854 1087 954 1139 est
994 1075 1366 1157 pontificem
1399 1074 1678 1139 Paulum
1721 1076 2071 1142 concilium
2113 1097 2309 1141 suum

365 1173 578 1245 11111101*
612 1181 916 1226 exorsum
963 1183 1104 1226 esse
1123 1163 1176 1238 8)
1224 1160 1540 1230 Τ111101111.
1589 1161 1820 1226 duobis
1854 1160 2310 1227 Cardinalibus

362 1249 469 1313 illo
507 1247 840 1331 ablegatis,
877 1267 1153 1328 quorum
1189 1245 1354 1310 alter
1376 1246 1655 1311 Calaber
1690 1256 1806 1325 081,
1843 1248 2010 1312 alter
2031 1247 2305 1332 Anglus.

361 1335 527 1400 Erat
569 1347 637 1398 et
684 1333 1066 1397 Coma-enus
1109 1353 1185 1396 eo
1229 1338 1550 1396 venturus
1593 1352 1800 1416 papae
1844 1333 2133 1410 decret0‚
2195 1331 2311 1397 sed

363 1440 633 1490 veneno,
671 1427 747 1482 ut
790 1418 1088 1494 fertur‚⁴)
1136 1414 1216 1480 de
1260 1417 1477 1482 medio
1537 1419 1834 1484 sublatus
1878 1427 1995 1484 est.
2087 1417 2308 1484 Advo-

361 1505 584 1570 larunt
600 1507 659 1587 ⁵)
704 1505 985 1586 episcopi
1032 1503 1229 1568 italici
1292 1502 1545 1580 decem,
1607 1517 1672 1568 et
1716 1526 1752 1569 e
1795 1505 2156 1571 Germania
2198 1505 2310 1570 ab·

363 1589 545 1657 bates
604 1589 868 1673 quidam
922 1590 1143 1655 nescio
1201 1589 1331 1671 qui.
1431 1590 1742 1656 Pontifex
1786 1591 1928 1674 ipse
1972 1590 2312 1656 Bononiae

360 1688 484 1751 est,
547 1698 630 1741 ex
672 1675 1011 1741 Caesareis
1055 1677 1185 1740 Dn.
1240 1676 1581 1740 Granvella
1641 1677 1756 1741 tibi
1812 1683 2034 1752 notus,
2094 1677 2312 1742 nescio

361 1762 516 1845 quid
574 1763 654 1828 110
707 1783 865 1845 pace
912 1761 1199 1827 'acturus
1257 1762 1430 1826 inter
1487 1762 1836 1828 Caesarem
1895 1775 1962 1827 et
2019 1761 2309 1828 Gallum.

360 1847 542 1916 Sunt
596 1849 708 1930 qui
827 1857 1016 1914 utent
1071 1858 1137 1911 et
1206 1848 1425 1930 ipsum
1485 1849 1837 1913 Caesarem
1902 1848 1985 1913 ad
2051 1848 2315 1914 comitia

360 1946 716 2002 venturum
860 1935 1091 2014 rolum,
1149 1934 1263 1998 sed
1319 1933 1458 1997 falli
1515 1933 1842 1999 videntur.
1950 1934 2084 1999 Aut
2136 1934 2313 1998 enim

359 2042 490 2086 11011
540 2021 819 2105 attinget
865 2020 976 2084 ille
1020 2040 1309 2102 unquam
1355 2019 1782 2085 Germaniam
1828 2029 2155 2085 mortuus:
2202 2029 2316 2085 aut

361 2108 414 2171 si
457 2115 792 2189 superest,
852 2115 918 2169 et
973 2126 1134 2170 aura
1190 2105 1454 2169 mortali
1495 2106 1850 2171 etiamnum
1896 2106 2190 2172 vescitur
2232 2104 2314 2170 ad

359 2214 658 2258 mensem
719 2192 1013 2275 Aprilem
1034 2190 1088 2274 ⁶)
1159 2191 1443 2275 primum
1517 2201 1633 2257 aut
1687 2192 1953 2256 Iunium
2011 2191 2313 2257 Genuam

360 2278 648 2363 adpellet
692 2277 942 2342 hostem
990 2278 1270 2341 Turcam
1325 2276 1625 2343 alicunde
1646 2279 1699 2358 ⁷)
1746 2279 2113 2343 invasurus.
2202 2278 2317 2342 In-

361 2366 556 2430 terim
601 2364 823 2428 omnia
879 2362 1218 2428 classicum
1279 2372 1537 2429 sonant.
1626 2363 1870 2428 Rhaeti
1929 2364 2318 2429 immontani

359 2449 440 2515 ad
510 2449 792 2514 duorum
855 2448 1132 2513 millium
1199 2471 1548 2514 numerum
1627 2449 1881 2528 selecti,
1961 2449 2319 2514 militatum

359 2536 580 2601 abiere
627 2534 709 2599 ad
749 2535 1206 2599 Marehionem
1266 2533 1346 2599 de
1390 2536 1454 2600 Ia
1505 2536 1762 2617 Quaem,
1823 2534 2319 2621 gubernatoris)

359 2620 536 2704 apud
581 2620 894 2685 Insubres
953 2620 1351 2684 Caesareum
1409 2621 1521 2704 qui
1581 2630 1647 2686 et
1700 2621 1870 2705 apud
1919 2620 2191 2686 Gallum
2252 2622 2318 2685 in

608 2704 1098 2770 Pedemontano
1177 2704 1479 2771 cohortes
1555 2706 1894 2772 hominum
1977 2708 2320 2771 minimum

360 2792 546 2857 duas.
572 2793 629 2868 ⁹)
744 2791 914 2855 Eam
964 2811 1102 2855 rem
1160 2794 1519 2875 aegerrime
1584 2792 1805 2857 ferunt
1869 2792 2105 2876 reliqui
2168 2792 2320 2877 pagi

361 2877 758 2943 immontani
803 2876 1317 2958 Helvetieorum‚
1363 2878 1487 2942 hoc
1523 2878 1736 2960 ipsum
1773 2878 1947 2961 quod
1983 2901 2089 2943 res
2123 2879 2324 2944 habet

359 2963 872 3048 praesagientem,
941 2971 1015 3028 ut
1092 2961 1248 3027 dum
1308 2963 1653 3028 contrariis
1732 2961 2013 3028 dominis
2090 2964 2323 3029 militia

361 3050 819 3126 summittitur,
842 3051 899 3127 ⁹)
935 3048 1130 3113 simul
1168 3058 1235 3112 et
1277 3048 1438 3114 fides
1481 3057 1708 3114 nostra
1751 3047 2163 3135 dignitasque
2192 3050 2322 3115 col-

360 3135 793 3201 labefactetur
836 3145 902 3198 et
946 3135 1376 3217 nosmetipsos
1431 3135 1505 3200 in
1547 3144 1780 3200 mutua
1823 3136 2074 3201 viscera
2117 3136 2319 3201 hosti-

359 3220 540 3287 libus
600 3221 888 3286 consiliis
945 3242 1188 3304 magna
1243 3219 1620 3286 concordiae
1674 3223 1870 3288 etiam
1930 3220 2322 3287 domesticae

360 3306 551 3373 clade
594 3306 862 3371 venales
897 3306 1053 3372 facti
1096 3309 1515 3372 concitemus:
1563 3307 1832 3389 proinde
1877 3316 1945 3371 et
1989 3310 2068 3372 ab
2112 3309 2194 3374 iis
2239 3307 2322 3374 ad

361 3393 508 3458 illos
566 3393 862 3477 graviter
905 3393 1257 3475 seriptum,
1316 3390 1557 3457 habitis
1615 3413 1693 3457 08
1737 3392 1818 3457 110
1860 3415 1933 3459 10
1977 3396 2322 3460 Lucernae

362 3478 653 3545 comitiis
697 3486 766 3543 et
803 3477 988 3557 alibi,
1044 3477 1465 3560 adhibitaque
1510 3479 1791 3557 ratione,
1848 3500 1975 3562 qua
2019 3500 2172 3545 suos
2218 3501 2319 3544 re-

362 3586 603 3632 vocare
639 3573 705 3629 et
746 3564 817 3629 in
856 3565 1056 3629 tantis
1099 3586 1322 3628 rerum
1359 3564 1568 3629 turbis
1603 3572 1668 3628 et
1710 3564 1993 3630 motibus
2037 3566 2322 3631 retinere

362 3651 639 3734 possint.
709 3652 799 3715 At
841 3671 1149 3714 veremur
1192 3671 1278 3714 ne
1323 3650 1394 3713 in
1439 3650 1773 3715 diversum
1817 3651 2030 3731 rapiat
2069 3650 2319 3717 violen-

363 3743 464 3802 ter
509 3743 778 3820 pectora
820 3736 962 3800 auri
1008 3755 1193 3800 sacra
1237 3735 1457 3799 fames.

543 3819 896 3886 Caeterum
960 3820 1041 3885 de
1100 3819 1620 3904 expostulatione
1687 3823 1962 3885 fratrum
2023 3821 2319 3886 Lausan-

364 3907 677 3973 nensium
722 3927 882 3992 erga
923 3927 1040 3971 nos
1068 3905 1150 3991 ¹⁰)
1196 3907 1582 3988 scripseram
1641 3928 1851 3989 nuper
1905 3906 2124 3970 animo
2183 3906 2319 3990 pla-

364 3992 512 4058 cido
574 3999 905 4075 acceptam
962 4014 1001 4057 a
1059 3991 1275 4070 nobis,
1344 4013 1553 4075 neque
1616 4001 1912 4057 moverat
1968 3992 2323 4076 quamlibet

578 4285 639 4348 3)
678 4283 801 4339 Hoc
834 4298 1042 4353 quoque
1058 4251 1171 4336 non
1189 4290 1326 4338 recte
1344 4284 1559 4339 dictum.
1621 4282 1923 4338 Concilium
1950 4280 2325 4336 Tridentium

366 4368 549 4408 mense
604 4352 812 4406 demum
868 4350 1162 4406 Decembre
1221 4349 1360 4406 1545
1411 4368 1533 4407 vere
1579 4352 1674 4405 ina
1753 4356 1972 4405 uratum
2017 4354 2109 4416 est,
2161 4365 2326 4420 quum

366 4421 521 4476 bulla
569 4420 890 4475 indictionis
936 4421 1136 4474 emissa
1178 4421 1352 4487 licerit
1396 4437 1447 4474 a.
1485 4420 1536 4475 d.
1573 4420 1640 4488 xj
1722 4421 1792 4474 al.
1835 4419 1961 4472 Iun.
2003 4416 2150 4472 1542.
2223 4419 2326 4473 Le·

363 4492 491 4559 pati
522 4491 795 4545 commissi
826 4505 894 4541 m.
950 4488 1177 4571 octobre
1228 4489 1555 4544 Cardinales
1605 4489 1885 4553 Pari-eius,
1937 4487 2232 4542 Maroneus
2277 4493 2329 4541 et

369 4557 549 4614 Polus
600 4558 653 4612 d.
702 4556 788 4611 22.
841 4557 983 4611 Nov.
1050 4556 1367 4612 Mantum
1425 4564 1710 4624 venerant,
1771 4556 2047 4612 Mendosa
2099 4572 2227 4611 vero
2279 4563 2330 4610 ct

374 4627 679 4683 Gramma
714 4627 879 4707 loy-ati
912 4628 1158 4681 caesarei
1191 4626 1282 4682 die
1316 4627 1531 4681 demum
1564 4624 1615 4678 8.
1656 4625 1783 4680 Ian.

578 4694 642 4831 ἐξ
676 4693 1514 4828 ἕᾱεῗάαῑσῒιιεὲίἒιῖιῒεείίηαπεεε,
1563 4763 1642 4816 sic
1686 4762 1899 4817 iubente
1937 4761 2197 4830 pontifice
2228 4761 2330 4831 qui

370 4833 438 4886 de
470 4832 937 4915 procrastinando
971 4833 1199 4886 concilio
1234 4831 1394 4886 unico
1427 4831 1714 4899 coyitabat.
1785 4831 1898 4897 (Le
1947 4831 2226 4901 Gourayer
2275 4831 2324 4884 Ι.

375 4899 497 4971 ¹⁸⁵²
537 4899 1177 5053 ⁸35²⁹p11410²⁶3³fmm
1211 4969 1387 5036 suase
1421 4967 1589 5034 refert
1626 4965 1793 5023 saeta.
1828 4985 1885 5038 p.
1920 4966 2040 5022 313.

580 5037 642 5173 ἐξ
675 5038 1086 5163 xadfssga'hoc
1135 5107 1256 5162 viro
1312 5105 1573 5178 Mar-quis
1626 5105 1712 5161 dol
1760 5104 1975 5161 Gonnoi
2021 5108 2190 5175 plura
2233 5104 2331 5162 dat

371 5175 693 5242 Bronton,
730 5177 816 5230 vie
848 5176 944 5231 des
975 5176 1188 5246 oranda
1222 5177 1544 5244 capitainea
1580 5179 1692 5230 111111
1729 5174 1920 5231 Ionius
1954 5180 2046 5230 etc.

548 5245 640 5380 133
678 5262 1077 5382 Jec'dioeiplina
1110 5321 1158 5369 et
1194 5269 1354 5370 bouis
1388 5313 1766 5370 mantici·
1817 5312 2070 5379 (Reuehat
2115 5311 2174 5367 V.
2209 5308 2329 5377 220,

375 5382 667 5438 Hmdesh.
699 5401 754 5451 p.
792 5381 940 5481 175.)
1103 5468 1225 5526 Vol,
1258 5467 1358 5526 Π

2166 463 2326 524 1543
2371 458 2559 525 IAN.

4239 466 4365 529 498

2413 648 2582 713 acris
2625 646 2963 734 παῤῥησία,
3023 667 3099 712 80
3145 647 3418 730 proinde
3472 667 3859 730 responsum
3905 658 4208 731 paratum
4251 672 4370 735 per

2412 756 2519 799 me
2562 734 2791 812 fuerat,
2849 754 2979 816 quo
3024 740 3091 798 et
3145 734 3354 798 nostri
3397 733 3467 798 in
3512 756 3582 799 se
3627 735 3827 799 animi
3872 735 4137 818 plenam
4181 738 4366 802 testi·

2412 821 2800 897 ficationem,
2857 830 2925 883 et
2965 819 3376 884 innocentiae
3417 820 3541 885 hac
3582 819 3844 901 quidem
3885 822 3957 884 in
3997 829 4183 904 parte
4224 823 4369 888 fue-

2413 913 2567 970 rant
2630 906 2938 989 agnituri.
3050 904 3300 970 Verum
3368 927 3453 969 ne
3529 904 3910 987 procederet
3971 906 4364 987 institutum,

2413 992 2568 1056 feeit
2601 992 3080 1056 communicata
3101 989 3455 1055 eorundem
3489 991 3764 1055 fratrum
3802 992 3884 1056 811
3908 991 4256 1058 Erasmum
4282 992 4365 1079 ¹¹)

2413 1076 2718 1160 epistola,
2777 1098 2909 1159 qua
2951 1087 3125 1143 certe
3183 1087 3441 1159 praeter
3485 1084 3775 1141 nostram
3815 1080 4364 1160 exspectationem

2413 1164 2505 1228 sie
2562 1162 2825 1240 leniter,
2894 1161 3181 1244 adeoque
3239 1161 3474 1227 blande
3532 1162 3733 1226 etiam
3790 1184 3939 1228 cum
3978 1186 4058 1235 eo
4103 1164 4368 1229 homine

2412 1261 2639 1331 agunt,
2676 1259 2903 1313 utnon
2938 1248 3211 1312 obscure
3248 1245 3888 1329 deprehenderimus,
3925 1248 4104 1313 haud
4139 1250 4365 1316 00110111

2413 1333 2650 1398 iudicio
2695 1333 2864 1398 hanc
2908 1353 3172 1398 causam
3216 1334 3296 1399 ab
3340 1334 3498 1415 ipsis
3555 1354 3909 1416 expensam
3955 1347 4151 1418 atque
4193 1344 4364 1402 trae-

2413 1429 2619 1483 tatam
2682 1440 2840 1484 esse.
2930 1418 3104 1484 Nam
3147 1440 3351 1501 quum
3395 1418 3602 1483 obiter
3655 1429 3911 1484 tantum
3978 1430 4046 1484 et
4087 1421 4368 1487 civiliter

2413 1521 2749 1582 accusent,
2817 1503 3151 1588 neglectae
3194 1504 3798 1570 communicationis
3862 1527 4014 1570 cum
4055 1508 4364 1573 fratribus

2416 1603 2640 1673 aperte
2682 1612 2800 1675 per
2845 1611 2960 1654 1108
3019 1593 3375 1655 excitatum
3420 1589 3594 1654 istud
3636 1591 4012 1655 incendium
4054 1593 4363 1670 fatentur,

2416 1679 2519 1741 cui
2565 1674 3026 1761 restinguendo
3071 1677 3180 1740 ille
3236 1675 3504 1740 modum
3564 1696 3691 1740 non
3737 1677 3895 1741 satis
3956 1677 4366 1743 commodum

2417 1763 2796 1839 observarit,
2841 1761 2996 1827 licet
3038 1760 3119 1826 de
3165 1761 3496 1844 proposito
3539 1761 3812 1826 minime
3856 1761 4159 1829 seditioso
4202 1764 4367 1828 nihil

2418 1848 2771 1932 ambigant.
2861 1849 3128 1930 Itaque,
3190 1860 3261 1911 ut
3304 1869 3533 1913 verum
3576 1848 3817 1924 fatear,
3876 1848 3967 1912 mi
4009 1849 4231 1927 frater,
4285 1849 4368 1914 ad

2417 1955 2561 1998 rem
2604 1935 3117 2017 inexspectatam
3153 1932 3449 1997 nonnihil
3484 1934 3807 2015 obstupui,
3854 1943 4165 2015 metuque
4207 1956 4367 2001 non-

2417 2019 2600 2085 nullo
2643 2020 2979 2103 perculsus
3023 2040 3203 2098 sum,
3262 2040 3393 2083 11011
3436 2029 3569 2082 18111
3616 2017 3786 2102 quod
3837 2018 3941 2082 his
3983 2018 4245 2084 videam
4289 2021 4367 2086 il-

2418 2105 2561 2170 lum
2618 2115 2918 2170 nostrum
2982 2107 3339 2170 animatum
3396 2124 3538 2169 esse
3594 2105 3811 2186 potius
3870 2103 3952 2168 ad
4011 2107 4373 2170 certamina

2417 2191 2691 2256 minime
2734 2192 3050 2277 frugifera
3083 2192 3318 2275 quibus
3352 2203 3548 2255 natus
3592 2199 3708 2268 est,
3752 2190 3908 2271 quin
3952 2188 4156 2255 latere
4196 2190 4372 2259 hunc

2418 2287 2558 2342 tam
2614 2277 2845 2342 acerba
2896 2278 2969 2341 in
3034 2299 3153 2343 nos
3209 2278 3485 2341 fratrum
3541 2277 3820 2340 invectio
3877 2283 4182 2358 nequeat,
4241 2299 4371 2344 non

2419 2364 2632 2446 magis
2692 2382 2885 2446 quam
2926 2383 3043 2427 nos
3087 2383 3255 2446 quae
3299 2360 3383 2425 ad
3426 2360 3608 2426 illum
3656 2362 3900 2444 scripta
3951 2369 4126 2440 sunt,
4173 2383 4370 2447 quam

2421 2448 2595 2531 quod
2639 2450 3012 2513 animorum
3055 2447 3557 2515 disiunctionem
3602 2448 4011 2531 prospiciam,
4058 2449 4187 2513 nisi
4234 2450 4372 2514 Do-

2421 2535 2646 2599 minus
2705 2534 2897 2617 plene
2961 2535 3317 2618 abnegatos
3380 2532 3634 2598 animos
3700 2535 4157 2607 concesserit„
4224 2533 4372 2600 Scis

2422 2622 2443 2685 i
2494 2640 2566 2685 80
2608 2641 2735 2702 quo
2777 2628 3081 2702 erumpat
3113 2621 3186 2684 in
3239 2625 3428 2685 tanta
3484 2618 3926 2684 teneritudine
3973 2620 4171 2684 semel
4217 2620 4373 2685 insi-

2468 2727 2588 2771 ens
2631 2706 2868 2771 animis
2912 2705 3219 2789 suspicio,
3264 2724 3431 2787 quae
3467 2712 3642 2770 certe
3685 2706 3871 2770 nasci
3906 2705 4117 2787 eoepit
4171 2726 4370 2787 quum

2424 2798 2653 2874 aperta
2708 2792 3182 2875 significatione
3251 2790 3613 2868 declarent,
3684 2811 3754 2855 se
3813 2790 3881 2855 in
3934 2811 4055 2855 nos
4115 2798 4372 2855 tantum

2425 2875 2762 2942 effundere
2785 2876 3192 2942 stomachum
3216 2887 3285 2942 01
3319 2897 3459 2941 0880
3484 2875 3708 2941 diserti
3736 2875 4049 2941 voluisse:
4088 2877 4374 2941 maxime

2424 2964 2536 3046 qui
2580 2984 2715 3028 non
2758 2961 3060 3028 dubitent
3100 2982 3259 3046 erga
3315 2961 3797 3044 antagonistam
3854 2983 3972 3027 nos
4039 2982 4181 3027 reos
4272 2982 4375 3026 ro-

2425 3049 2736 3113 nunciare
2754 3099 2769 3126 ,
2831 3055 3218 3131 autoresque
3271 3047 3469 3112 huius
3524 3054 3659 3111 tam
3703 3048 3941 3113 atrocis
3984 2983 4373 3132 tragoediae.

2426 3133 2617 3200 Adde
2672 3133 2842 3216 quod
2901 3134 3163 3200 audiam
3216 3132 3303 3197 D.
3361 3131 3733 3198 Gontzenum
3791 3154 3830 3196 a
3894 3132 4100 3198 Vireto
4156 3154 4379 3199 coram

2425 3221 2738 3285 fratribus
2791 3219 3169 3286 traductum
3224 3240 3342 3301 per
3384 3219 3901 3297 contentionem,
3960 3240 4171 3301 neque
4213 3218 4379 3283 mihi

2425 3307 2625 3372 etiam
2670 3327 2955 3389 parsum.
3047 3304 3465 3389 Quapropter
3511 3324 3590 3368 ea
3646 3305 3717 3368 in
3775 3323 3848 3367 re
3892 3313 4033 3369 teta
4074 3304 4380 3369 nonnihil

2422 3392 2811 3476 prudentiae
2865 3400 2932 3456 et
2989 3390 3513 3474 aequanimitatis
3557 3390 3629 3453 in
3688 3388 3895 3454 Virdo
3938 3399 4164 3454 nostro
4210 3388 4380 3455 desi-

2426 3478 2613 3557 dero,
2672 3493 2746 3543 ut
2804 3500 2937 3543 non
2997 3478 3210 3543 dicam
3268 3475 3574 3543 candoris
3632 3474 3860 3539 etiam:
3930 3495 4125 3557 quem
4179 3477 4383 3541 miror

2424 3565 2516 3629 sie
2561 3565 2751 3629 vanis
2796 3562 3228 3629 delationibus
3260 3560 3634 3646 permoveri
3668 3559 3977 3643 potuisse,
4022 3568 4099 3625 ut
4140 3561 4383 3627 amieos

2424 3648 2507 3714 110
2548 3669 2617 3714 80
2661 3649 2996 3733 1118001810
3049 3657 3116 3714 01
3170 3647 3512 3730 loquentes
3569 3654 3638 3712 et
3690 3645 4047 3711 sentientes
4089 3648 4383 3729 proscin-

2427 3734 2581 3799 dere
2621 3735 2938 3808 instituat,
2981 3735 3095 3816 qui
3130 3735 3187 3798 si
3227 3732 3576 3797 calumniis
3613 3730 3795 3814 digni
3833 3740 4060 3797 essent
4093 3733 4382 3797 maxime

2424 3820 2738 3902 indignus
2781 3831 2996 3883 tamen
3040 3819 3151 3883 1110
3195 3827 3337 3883 0181
3379 3820 3491 3899 qui
3535 3817 3750 3881 locum
3794 3818 3874 3881 iis
3917 3818 4176 3883 faceret.
4244 3818 4383 3882 Ita-

2425 3927 2552 3988 que
2598 3902 2769 3986 quod
2814 3925 3020 3968 unum
3076 3905 3146 3968 in
3204 3902 3721 3987 praesentiarum
3776 3923 3898 3986 ego
3941 3923 4204 3985 possum
4251 3904 4386 3968 effi-

2424 4011 2572 4057 cere
2617 3989 2865 4067 studeo,
2920 4011 3006 4055 110
3049 4010 3244 4073 quam
3285 3989 3744 4053 alienationem
3792 3988 4035 4053 mentis
4081 3986 4389 4054 admittat

2425 4076 2769 4159 quisquam
2814 4083 3141 4154 nostrum,
3200 4074 3360 4139 dum
3414 4094 3633 4140 eoram
3679 4071 4001 4138 audiatur.
4091 4074 4172 4139 Id
4213 4075 4384 4157 quod

2425 4162 2532 4227 his
2589 4161 2819 4226 diebus
2887 4161 3186 4227 futurum
3256 4158 3556 4224 arbitror.
3661 4157 4140 4226 Scandalorum
4205 4162 4383 4225 enim

2426 4255 2623 4331 atque
2680 4248 3102 4313 conflictuum
3157 4246 3306 4329 plus
3361 4245 3521 4310 satis
3579 4253 3684 4311 081
3742 4244 3953 4311 1101110.
4056 4245 4386 4328 Equidem

2426 4332 2603 4416 quod
2647 4354 2752 4398 me
2796 4333 3033 4398 attinet
3076 4353 3207 4398 non
3264 4330 3665 4396 committam
3722 4331 4032 4411 arbitror,
4093 4339 4171 4395 ut
4227 4331 4385 4397 alie-

2429 4441 2591 4484 num
2636 4419 2717 4484 ab
2761 4420 2901 4501 ipso
2959 4419 3255 4483 animum
3297 4416 3642 4515 quisquam
3697 4417 4053 4501 intelligat,
4109 4416 4222 4501 qui
4268 4418 4385 4483 ho·

2428 4506 2676 4569 minem
2721 4513 2987 4587 propter
3039 4502 3412 4588 praeclaras
3466 4503 3720 4586 ingenii
3764 4501 3948 4568 110108
3993 4513 4061 4567 01
4102 4502 4386 4569 indefes-

2432 4610 2581 4654 sum
2638 4588 3041 4672 provehendi
3088 4589 3335 4655 Christi
3393 4609 3465 4653 re
3558 4590 3580 4652 i
3637 4586 3925 4652 studium
3982 4588 4197 4654 odisse
4251 4610 4386 4655 non

2429 4697 2731 4759 possum,
2798 4675 3057 4742 etiamsi
3121 4675 3414 4759 graviter
3507 4672 3713 4738 aedat.
3828 4672 3959 4739 Sed
4019 4683 4085 4738 et
4143 4674 4222 4739 de
4282 4674 4387 4739 his

2430 4763 2730 4844 proxime
2773 4760 2983 4844 plura,
3028 4780 3229 4843 quum
3285 4779 3505 4825 eoram
3548 4758 3714 4824 forte
3773 4761 4170 4843 auspicatius
4214 4761 4387 4825 inter

2431 4868 2552 4912 nos
2605 4846 2950 4931 egerimus.
3053 4847 3238 4912 Bene
3296 4845 3476 4923 vale,
3536 4846 3629 4909 mi
3684 4846 3907 4911 frater.
4007 4846 4267 4911 Bernae
4322 4851 4382 4910 8.

2430 4932 2696 4999 Ianuar.
2743 4934 2941 4997 Anno
2985 4935 3085 4997 43.

2605 5016 2869 5084 Salutat
2913 5025 2980 5083 te
3022 5018 3154 5084 Dn.
3218 5015 3582 5097 Camena-3,
3647 5038 3839 5100 quem
3887 5016 4032 5082 volo
4076 5014 4388 5080 coniunc-

2432 5103 2764 5170 tissimum
2829 5103 3225 5187 persuadeas
3289 5102 3443 5181 tibi,
3509 5102 3669 5169 item
3726 5102 3968 5169 Beatus
3994 5102 4073 5180 ¹²)
4141 5107 4387 5167 noster.

2608 5309 2700 5378 11)
2739 5308 3023 5365 Ritterum.

2608 5378 2700 5447 12)
2745 5378 2984 5448 Gerana.
