5050 6167
385 458 499 521 241
2209 459 2367 521 1541
2416 457 2604 527 IUN.
4280 465 4410 529 242

382 641 597 709 biliter
651 642 1058 726 postulantes
1076 695 1090 721 ,
1147 644 1220 709 in
1281 644 1404 712 hoc
1460 646 1667 711 simus
1726 652 1801 711 ut
1856 668 1975 730 per
2018 646 2336 730 Argenti-

380 749 617 795 nenses
659 729 851 794 liceat
887 728 1103 795 redire
1149 728 1500 811 Calvinum,
1545 739 1614 796 et
1654 753 1773 816 per
1814 733 2137 799 Bernates
2181 754 2223 798 a
2265 752 2337 798 se

380 815 598 899 recipi.
666 813 864 896 Quod
907 813 1167 899 quidem
1212 825 1288 881 ut
1326 838 1367 881 a
1388 816 1644 884 Senatu
1686 828 1913 884 nostro
1957 825 2337 902 susceptum

380 908 509 978 est,
582 902 678 966 ita
734 922 854 966 nos
912 922 996 984 qu
1081 924 1165 967 ue
1221 924 1485 988 operam
1542 914 1838 970 nostram
1894 905 2334 988 promisimus.

380 987 544 1052 'I'am
586 989 997 1053 continenter
1082 991 1391 1071 eprecari‚
1431 990 1651 1057 nescio
1694 992 1752 1056 si
1786 999 1984 1074 queat
2017 1011 2152 1055 non
2194 1011 2337 1056 esse

382 1092 424 1137 a
461 1070 626 1137 Deo.
693 1072 941 1139 Videat
978 1074 1202 1158 itaque
1242 1074 1545 1142 Calvinus
1585 1076 1866 1159 qualiter
1908 1084 2049 1142 tam
2093 1075 2332 1141 anxiae

377 1160 703 1224 vocationi
744 1160 832 1225 sit
873 1179 1327 1244 responsurus.
1416 1161 1586 1227 Vale
1627 1162 1698 1227 in
1743 1161 2029 1228 Christo.
2100 1161 2336 1231 Gratia

378 1244 649 1329 spiritus
703 1248 914 1313 sancti
970 1248 1060 1313 sit
1112 1270 1262 1314 cum
1320 1249 1626 1315 omnibus
1694 1250 1897 1316 vobis.
2003 1247 2336 1314 Calvinum

376 1331 644 1399 nomine
689 1353 834 1398 meo
877 1331 1210 1399 salutabis.
1305 1334 1763 1400 Melanehthoni
1823 1336 1916 1401 sic
1971 1333 2141 1400 bene
2184 1334 2334 1400 volo

378 1424 446 1482 et
486 1425 641 1503 opto
695 1425 770 1483 ut
829 1440 962 1484 non
1019 1421 1263 1503 possim
1321 1420 1557 1486 melius
1614 1421 1939 1504 cuiquam.
2030 1419 2332 1487 Basileae

375 1506 511 1588 xvj.
555 1505 737 1569 Iunii
776 1526 950 1571 anno
988 1507 1083 1571 M.
1125 1504 1210 1571 D.
1258 1506 1447 1573 XLI.

1442 1642 1555 1711 Os.
1600 1646 1952 1729 Myconius
1990 1654 2162 1712 tuus.

1289 2124 1439 2195 327.

804 2261 1392 2333 LIBERTETUS
1436 2263 1902 2330 FARELLO.

567 2437 848 2503 Virmn*
901 2435 975 2499 in
1031 2435 1297 2501 alterum
1352 2440 1637 2502 sennestre
1684 2435 2143 2503 Geneveraeibus
2193 2455 2331 2502 eon·

369 2544 645 2605 ees-sunt,
689 2528 746 2590 et
792 2520 1130 2590 Calvinum
1164 2522 1529 2603 propediem
1567 2522 1773 2588 eodem
1814 2527 2143 2588 venturum
2186 2541 2332 2601 esse,

372 2630 613 2696 mayna
652 2630 795 2677 oum
833 2607 1144 2691 voluptate
1185 2609 1435 2690 accepit.

370 2783 493 2853 (Ex
529 2781 865 2853 autographo
914 2781 1040 2834 bibl.
1089 2787 1403 2902 pag-tqfumN
1415 2779 1885 2915 Nggqcmensium.
1973 2780 2174 2834 Fascio.
2210 2796 2333 2850 epp.

1193 2867 1227 2903 a
1264 2866 1314 2901 n
1405 2888 1419 2905 .
1528 2891 1538 2902 .

553 3055 689 3123 Suo
748 3057 1105 3124 Guilielmo
1160 3055 1422 3121 Farello
1480 3056 1663 3120 fratri
1732 3063 1799 3121 et
1862 3055 2069 3122 amico
2135 3076 2331 3139 quam

367 3144 719 3212 carissimo
762 3143 1088 3229 evangelii
1130 3139 1381 3208 Ohristi
1424 3141 1730 3208 ministro
1774 3140 2087 3207 fidissimo

1829 3245 1894 3310 Ν
1895 3246 2159 3312 eocomi.

553 3383 623 3451 S.
688 3384 837 3450 Non
896 3403 1245 3468 possumus
1303 3405 1435 3449 non
1477 3383 1801 3450 maximas
1845 3403 2040 3467 agere
2084 3384 2332 3469 gratias

369 3470 633 3556 optimo
675 3472 847 3554 patri
904 3477 1133 3534 nostro
1190 3491 1311 3555 pro
1370 3469 1730 3536 novissima
1784 3469 1909 3534 hac
1952 3472 2333 3555 peregrina-

367 3558 560 3623 tione
616 3562 768 3633 tua,
796 3561 848 3631 ¹)
912 3554 1221 3621 Guliezone
1288 3577 1488 3639 quam
1557 3555 1919 3634 carissime,
1995 3577 2189 3639 quam
2249 3578 2331 3622 ex

381 3642 607 3709 Virdo
663 3648 729 3706 et
775 3641 1011 3707 Fatone
1063 3641 1272 3707 mirae
1322 3642 1531 3727 frugis
1587 3642 1880 3707 futuram
1937 3642 2331 3723 audivimus,

365 3737 437 3795 et
484 3729 585 3794 ita
627 3749 710 3793 ex
769 3726 998 3793 divina
1052 3727 1469 3811 providentia
1507 3747 1865 3811 speramus.
1955 3727 2143 3809 Quae
2185 3730 2333 3796 istic

362 3835 592 3899 nuper
630 3814 794 3879 mihi
849 3815 1197 3879 commissa
1248 3814 1539 3893 fuerant,
1594 3822 1869 3879 conatus
1926 3836 2075 3879 sum
2133 3836 2330 3899 expe-

365 3900 539 3979 dire,
583 3901 883 3983 quamvis
920 3899 1334 3980 tardiuscule,
1377 3901 1457 3967 ob
1502 3900 1685 3964 varia
1717 3899 1950 3983 quibus
1994 3898 2332 3966 detinebar

367 3988 665 4073 negotia.
756 3987 892 4052 Res
933 3992 1153 4050 tamen
1196 3986 1366 4051 bene
1424 3985 1627 4063 cedit,
1682 3982 1852 4069 quod
1904 3987 2174 4052 Domini
2226 3986 2330 4052 Vi-

364 4079 578 4141 rebum
612 4073 833 4138 sinant
854 4072 1168 4138 Genevae
1210 4072 1547 4137 semianno
1584 4070 1798 4138 adhuc
1841 4091 2050 4153 agere.
2125 4071 2329 4139 Calvi-

366 4179 537 4226 num
597 4179 723 4241 quo
769 4180 850 4224 ue
927 4157 1225 4241 proximo
1293 4179 1518 4223 mense
1582 4167 1933 4223 venturum
2012 4159 2250 4242 accepi.
2272 4161 2327 4241 ²)

368 4246 672 4311 Tantum
758 4245 1173 4309 csiderantur
1214 4242 1340 4307 viri
1396 4244 1488 4328 pii
1530 4251 1599 4309 et
1641 4243 1808 4309 docti
1855 4243 1938 4309 ad
1984 4246 2329 4310 restituen-

371 4331 540 4398 dum
582 4329 949 4414 collegium.
967 4331 1021 4412 ⁸)
1068 4366 1152 4377 —
1196 4368 1280 4380 --
1326 4365 1397 4376 -
1445 4368 1531 4377 -

555 4469 836 4533 Tononii
878 4468 1121 4550 raptim
1167 4473 1262 4532 17.
1307 4466 1486 4532 Iunii
1537 4472 1715 4532 1541.

1207 4588 1389 4653 Tuus
1431 4586 1740 4653 Christof.
1785 4586 2182 4653 Libertinus.

374 4734 487 4745 -——

422 4798 561 4858 827.
600 4797 659 4860 1)
707 4795 973 4851 Fortasse
1016 4796 1239 4850 Rornae
1280 4792 1471 4861 fuerat
1513 4799 1577 4848 ut
1627 4793 1874 4849 Vir-etum
1923 4792 2333 4850 oenacensem

376 4865 827 4999 mw3)(381e}l)s
855 4934 926 4987 ab
960 4933 1146 5002 aliquo
1179 4931 1367 4986 mimo
1400 4937 1542 4986 recte
1576 4930 1912 4987 concidente.

591 5004 649 5072 3)
685 5002 890 5058 Βᾶωιι
920 5020 973 5071 p.
1012 5002 1092 5056 1⁴2.
1636 5038 1641 5045 -

599 5482 819 5540 Calvio-2·
846 5498 1030 5553 opera.
1112 5482 1224 5537 vot.
1274 5478 1383 5534 x1.

3341 646 3497 719 328.

2607 798 3029 868 SENATUS
3074 801 3632 871 TURIOENSIS
3678 805 4240 874 GENBVENSI.

2437 971 2789 1124 Magoni?
2843 992 2986 1038 cum
3029 972 3661 1058 Arymtoratensibus
3717 977 3795 1042 de
3855 974 4114 1046 Calvino
4166 981 4404 1064 ερον-ὀπί

2441 1228 2687 1290 (Archiv.
2711 1228 2911 1283 Genev.
2938 1228 3127 1284 Pisces
3163 1229 3521 1370 histprisqgiqlso
3534 1232 3603 1368 151.
3626 1231 3778 1287 1262.
3830 1234 4129 1304 Exemplar
4152 1234 4398 1291 authent.

2390 1514 2397 1526 '
2438 1502 2939 1570 Praestantibus
2994 1505 3153 1571 viris
3193 1503 3506 1589 Syndicis
3562 1526 3636 1571 ac
3696 1505 3977 1572 Senatui
4033 1507 4218 1574 urbis
4262 1507 4398 1574 Ge-

2711 1590 3017 1656 nevensis
3060 1591 3289 1658 amicis
3332 1592 3469 1657 suis
3512 1592 3708 1676 longe
3751 1593 4125 1660 carissimis.

2616 1722 2919 1791 Salutem
2978 1736 3048 1791 et
3102 1727 3392 1794 officium
3434 1736 3751 1808 nostrum,
3799 1730 3924 1794 viri
3969 1738 4397 1813 praestantes,

2442 1812 2634 1877 amici
2679 1811 2932 1895 singula
2941 1834 3064 1879 res.
3174 1813 3612 1899 Magistratus
3679 1817 4262 1900 Argentoratensis
4313 1815 4399 1883 ad

2438 1906 2668 1962 nostra
2710 1899 2953 1981 scripta
2995 1920 3114 1982 pro
3160 1900 3544 1965 remissione
3587 1899 3858 1966 Domini
3908 1900 4159 1968 Calvini
4202 1901 4399 1968 hodie

2436 2003 2559 2065 per
2599 1982 2825 2050 literas
2863 1984 3177 2067 speciales
3231 1984 3601 2069 respondit,
3665 1986 3995 2052 Calvinum
4049 1988 4269 2072 ipsum
4327 1990 4401 2056 in

2438 2069 2719 2153 negotiis
2763 2069 3163 2135 christianae
3219 2071 3559 2155 religionis
3617 2070 3699 2137 ad
3745 2071 4030 2138 Comitia
4087 2074 4399 2158 Ratispo-

2438 2156 2670 2220 nensia
2698 2176 2834 2220 una
2857 2177 3006 2222 cum
3033 2157 3169 2222 suis
3195 2155 3401 2222 doctis
3441 2158 3737 2237 missum,
3783 2159 4196 2243 negotiisque
4235 2160 4400 2244 ipsis

2439 2260 2522 2304 ex
2566 2239 2974 2307 ordinatione
3028 2242 3324 2325 ipsorum
3367 2243 3981 2327 impraesentiarum
4023 2245 4402 2312 involutum

2438 2346 2614 2404 esse,
2674 2347 2869 2409 quem
2926 2348 3128 2410 quam
3171 2329 3456 2410 primum
3499 2328 3787 2409 redierit,
3845 2351 4043 2413 super
4085 2332 4401 2415 petitione

2439 2422 2665 2476 vestra
2722 2413 3076 2478 convenire
3142 2422 3211 2478 et
3282 2415 3469 2480 vobis
3526 2422 3814 2479 mentem
3884 2438 4073 2481 suam
4130 2417 4401 2484 uberius

2438 2499 2921 2564 communicare
2962 2498 3192 2565 velint.
3281 2498 3476 2580 Quod
3532 2521 3647 2565 vos
3704 2499 3829 2567 hac
3883 2503 4140 2567 ratione
4183 2503 4400 2569 celare

2436 2583 2802 2660 noluimus,
2875 2591 2952 2649 ut
3005 2583 3267 2649 meliori
3323 2606 3437 2668 spe
3494 2586 3793 2669 quietiori
3846 2607 4118 2653 manere
4174 2610 4401 2673 posse-

2437 2669 2523 2733 tis
2601 2669 2837 2734 anim0.
2967 2670 3075 2735 Ex
3155 2669 3404 2755 Tiguro
3495 2672 3813 2738 vicesima
3901 2674 4136 2756 quinta
4214 2674 4401 2741 Iunii

2437 2754 2531 2819 M.
2578 2754 2664 2821 D.
2710 2753 2897 2820 XLI.

3507 2842 3831 2926 Magister
3875 2841 4141 2910 Oivium

3385 2934 3453 2993 et
3495 2926 3783 2995 Senatus
3827 2930 4206 3013 'rigui-inus.

3199 3204 3606 3211 ———-----———.--..-.

3342 3422 3495 3493 329.

2906 3576 3404 3645 BEDROTUS
3452 3577 3929 3645 GRYNAEO.

2611 3749 2838 3814 Νόστοι
2893 3749 3460 3816 Ratisbonensium.
3546 3749 3724 3816 Dum
3776 3750 3984 3815 Turca
4034 3751 4202 3832 fores
4245 3752 4398 3833 puz-

2436 3842 2557 3916 sat,
2600 3837 2948 3903 Germania
2982 3837 3210 3901 misere
3241 3836 3560 3916 dissipata
3594 3835 3668 3901 de
3703 3836 4397 3905 transsubstamiacione

2435 3924 2663 4007 litiyat.
2757 3923 2966 3988 Pestis
3024 3941 3218 4004 usque
3274 3922 3487 3987 saevit.
3593 3920 3898 3987 Calvinus
3942 3943 4068 4004 pro
4123 3929 4397 4008 tempore

2436 4009 2845 4094 Aryemtorabi
2875 4008 3198 4074 detinetur.

2438 4181 2551 4248 (Ex
2588 4180 2927 4251 autographo
2948 4179 3089 4234 Bibl.
3124 4178 3279 4233 civic.
3320 4178 3499 4231 Turic.
3526 4176 3680 4231 MSS.
3719 4178 3778 4231 F.
3796 4177 3867 4232 80
3900 4180 4032 4233 olim
4064 4178 4228 4234 XLV.
4266 4197 4392 4252 pag.

3043 4246 3130 4303 29.
3168 4277 3232 4287 —
3268 4246 3478 4301 Simler.
3515 4247 3637 4301 Vol.
3672 4244 3789 4311 50.)

2997 4454 3311 4539 Grynaeo
3355 4474 3472 4519 suo
3514 4453 3831 4518 Basileae.

2610 4590 2681 4657 S.
2728 4589 2910 4672 Quid
2930 4590 3329 4656 Ratisbonae
3363 4598 3601 4674 agatur
3633 4612 3715 4655 ex
3753 4589 4026 4672 epistola
4062 4589 4187 4656 ista
4223 4592 4395 4659 bene

2435 4678 2637 4763 longa
2672 4677 2915 4743 Bucari
2956 4677 3040 4742 ad
3083 4683 3149 4741 te
3191 4676 3380 4741 facile
3435 4675 3782 4760 intelliges.
3871 4677 4041 4741 Eam
4090 4674 4395 4745 Gabvim

2436 4763 2753 4847 postridie
2794 4763 3064 4828 Ioannis
3094 4764 3143 4847 ¹)
3189 4761 3426 4828 attulit.
3515 4761 3898 4846 Rogaverat
3948 4783 4054 4826 me
4097 4761 4394 4829 Bucems

2436 4856 2514 4914 ut
2552 4850 2625 4914 in
2664 4856 2850 4914 tuam
2903 4849 3188 4934 gratiam
3246 4845 3676 4914 describerem
3723 4870 3844 4914 sua
3885 4848 4228 4931 κακόγραφα
4265 4850 4392 4925 (ita

2437 4935 2615 5001 enim
2659 4934 2900 5017 vocat),
2945 4954 3176 5001 verum
3219 4955 3354 4999 nou
3399 4934 3685 4999 vacavit:
3746 4944 3812 4998 et
3854 4935 4012 4998 satis
4054 4933 4393 5001 commode

2436 5020 2642 5087 semel
2684 5022 3020 5103 scripsisse
3059 5019 3221 5084 mihi
3259 5017 3539 5086 videtur.
3605 5017 3739 5085 Sed
3784 5029 3852 5086 et
3885 5019 4166 5084 nuncius
4199 5040 4394 5102 prae-

2436 5114 2540 5173 ter
2583 5107 2951 5190 opinionem
3010 5106 3139 5171 iter
3181 5104 3587 5171 acceleravit.
3676 5105 3882 5171 Putat
3926 5103 4232 5171 Calvinus
4275 5127 4391 5189 pa-

2379 5358 2386 5461 Ι
2481 5395 2616 5457 ³20.
2654 5399 2706 5465 1)
2747 5395 2799 5451 a.
2839 5394 2923 5451 25.
2958 5394 3133 5450 Iunii.
3917 5476 3984 5532 16
