5050 6167
527 432 543 450 ‘
621 449 800 517 756·

430 1772 440 1782 .
551 1737 555 1742 ·
619 1710 1134 1779 commendabat.

620 632 1042 704 Fidelissimo
1110 630 1268 697 Iesu
1318 627 1575 695 Christi
1645 646 1842 694 servo
1896 623 2257 694 Gnillelmo
2313 623 2582 691 Farello

792 719 983 814 tratri
1024 716 1192 783 mihi
1234 714 1572 783 carissimo
1616 722 1685 780 et
1729 714 1940 780 amico
1982 711 2325 796 singulari.
2357 715 2407 789 ¹)

688 899 727 922 .·
794 855 867 923 S.
935 852 1135 938 Quod
1184 874 1399 937 nuper
1416 853 1475 932 ²)
1530 849 1916 918 consulebas
1969 856 2047 915 ut
2089 849 2415 934 Tigurum
2472 869 2581 914 me

621 943 989 1012 conferrem
1033 939 1115 1006 ad
1160 939 1399 1005 fratres
1451 935 1897 1003 admonendos
1912 987 1929 1014 ‚
1983 955 2117 1000 non
2175 933 2366 1000 video
2422 932 2581 1018 quid

621 1030 746 1095 hoc
789 1029 879 1094 sit
917 1027 1355 1111 profuturum.
1444 1024 1746 1090 Primum
1801 1020 2021 1086 nescio
2064 1018 2226 1104 quid
2266 1040 2581 1104 peccave-

618 1116 756 1181 rint
795 1114 914 1193 illi,
960 1134 1164 1197 quum
1207 1132 1328 1176 nec
1362 1110 1564 1175 libros
1605 1129 1831 1173 eorum
1865 1128 1988 1173 nec
2021 1106 2249 1171 literas
2291 1126 2581 1190 unquam

618 1200 913 1286 legerim,
959 1197 1193 1282 quibus
1235 1197 1683 1262 inflammatus
1725 1201 1826 1259 est
1869 1192 2203 1258 Lutherus,
2290 1191 2438 1257 Iam
2480 1198 2581 1257 te-

620 1307 743 1352 neo
762 1288 819 1362 ⁸)
863 1283 1023 1369 quid
1064 1281 1231 1348 mihi
1285 1279 1666 1365 responsuri
1710 1280 1861 1344 sint.
1946 1277 2301 1344 Iactabunt
2342 1277 2582 1342 miram

665 1371 1006 1438 atientiam
1051 1390 1182 1452 qua
1230 1366 1597 1434 demulcere
1629 1365 1951 1432 hactenus
1985 1363 2322 1428 hominem
2364 1363 2582 1429 conati

521 1493 527 1501 ·
694 1458 884 1522 erint.
983 1454 1159 1520 Nam
1212 1462 1279 1520 et
1320 1452 1731 1579 Byllinyesus
1784 1459 1940 1516 ante
1995 1449 2246 1533 aliquot
2297 1469 2579 1549 menses,

615 1535 2159 1705 {ssfflssss‘lfflffiahgsstffi02uffiffit‘ffi
2188 1534 2580 1686 iiim

1234 1710 1495 1776 Deinde
1552 1717 1629 1774 nt
1679 1706 1839 1774 illuc
1891 1708 2158 1794 veniam
2213 1707 2579 1773 instructus

618 1798 925 1864 omnibns
961 1817 1126 1882 quae
1161 1794 1247 1862 ad
1279 1816 1543 1862 causam
1578 1792 2020 1877 pertinebunt,
2056 1800 2135 1857 ut
2168 1792 2369 1857 etiam
2403 1795 2578 1875 ipsos

618 1885 1009 1962 contineam,
1053 1903 1138 1947 ne
1183 1882 1339 1965 quid
1381 1889 1693 1948 moveant
1706 1882 1763 1960 ὅ)
1804 1880 1873 1944 10
1919 1887 2285 1963 postorum,
2339 1898 2576 1960 parum

619 1970 746 2036 hac
784 1970 1038 2036 ratione
1085 1967 1436 2053 profecero,
1535 1967 1685 2031 Non
1740 1966 1918 2031 enim
1970 1965 2101 2030 iam
2147 1965 2228 2030 ab
2271 1964 2432 2046 ipsis
2476 1971 2578 2029 est

616 2055 1008 2140 periculum„
1067 2052 1181 2120 sed
1227 2074 1268 2118 a
1311 2052 1679 2134 Luthero.⁶)
1764 2049 2177 2135 Mitigandus
2220 2049 2331 2115 ille
2386 2050 2574 2114 foret.

614 2142 729 2208 An
793 2141 917 2207 hoc
981 2139 1480 2223 extorquebitur
1548 2158 1589 2203 a
1647 2136 1989 2221 Tigurinis
2056 2143 2129 2200 ut
2194 2134 2578 2219 suppliciter

615 2225 960 2292 Luthemm
1004 2223 1481 2308 deprecentur?
1505 2223 1561 2308 ⁷)
1648 2221 1889 2290 Caveri
1932 2221 2141 2286 multo
2185 2228 2339 2287 ante
2383 2240 2577 2304 opor-1

612 2312 745 2378 tuit
787 2332 872 2377 ne
913 2312 1316 2377 camarinam
1360 2316 1718 2375 moverent.
1808 2306 1946 2374 Sed
1983 2307 2130 2391 quis
2173 2315 2472 2374 nostrum
2504 2304 2576 2371 id

609 2397 829 2482 potuit
881 2394 1307 2481 praevidere?
1407 2396 1591 2480 Ergo
1652 2394 2017 2461 Dominum
2072 2391 2573 2476 interpellemus

609 2485 723 2570 qui
759 2504 931 2549 unus
966 2481 1215 2547 mederi
1250 2481 1405 2547 hnic
1441 2480 1617 2546 malo
1661 2487 1893 2563 potest.
1961 2479 2115 2543 Erit
2148 2486 2322 2544 certe
2365 2496 2574 2563 grave

610 2581 678 2636 et
720 2567 989 2635 exitiale
1030 2566 1427 2633 incendium.
1516 2565 1654 2633 Sed
1697 2574 2149 2647 exspectemus
2197 2563 2352 2647 quis
2394 2563 2572 2628 futu-

585 2677 724 2733 rus
783 2655 870 2721 sit
924 2654 1092 2719 finis.
1182 2653 1400 2739 Leges
1455 2672 1620 2736 quae
1678 2651 1759 2717 ad
1810 2650 1963 2717 Sene
2005 2650 2184 2715 hium
2198 2651 2261 2734 ⁸)
2318 2648 2570 2733 scripsi,

610 2748 679 2806 et
726 2740 1006 2806 Tossano
1048 2738 1291 2806 scribes
1344 2760 1547 2822 quum
1565 2739 1620 2815 ⁹)
1667 2737 1926 2802 mittere
1954 2673 2194 2801 literas
2240 2744 2352 2800 tuo
2394 2733 2569 2800 iudi-

609 2826 709 2892 cio
753 2848 839 2892 ex
884 2825 1078 2891 ediat.
1167 2824 1337 2891 Vale
1380 2824 1472 2889 mi
1514 2823 1741 2889 frater.
1823 2820 2154 2888 Dominus
2196 2827 2263 2888 te
2305 2840 2568 2887 conser-

883 2911 1067 2977 aluta
1109 2929 1338 2977 omnes
1381 2910 1642 2976 amicos.

1534 3045 1820 3113 Ioannes
1862 3043 2181 3112 Calvinus
2212 3047 2396 3110 tuus.

606 2919 737 2980 vet.

1523 3539 1672 3611 57¹7.

1096 3673 1597 3743 POLLANUS
1641 3675 2076 3745 CALVINO.

796 3849 1002 3917 Varia
1043 3846 1620 3933 Argentoratemia.

899 4017 1014 4083 (Ex
1048 4017 1385 4089 autographo
1420 4017 1553 4074 Cod.
1589 4017 1791 4074 Gener.
1829 4015 1947 4086 112,
1983 4017 2075 4073 fol.
2110 4016 2259 4087 219.)

635 4187 763 4251 576.
812 4190 872 4249 1)
910 4186 1172 4243 Fanum
1204 4185 1536 4258 adscripsit.-
1570 4187 1656 4242 10.
1694 4188 1811 4243 Oct.
1847 4187 2000 4242 1544.

808 4255 984 4325 DN.
1030 4257 1133 4312 574
1179 4261 1289 4312 not.
1337 4257 1389 4312 3.
1473 4255 1953 4313 Damnavit„
2003 4254 2562 4313 Mmshouffli

599 4326 798 4449 mmo-221
821 4342 873 4381 v.
909 4325 989 4381 N.
1025 4326 1128 4381 536
1163 4335 1282 4392 ste„
1317 4325 1626 4395 ammos,
1661 4326 1955 4394 Ballistam·
1988 4325 2042 4380 1.
2077 4324 2196 4380 432.
2251 4324 2562 4382 Pestaloui

593 4410 642 4465 P
805 4464 868 4529 3)
904 4463 1088 4528 timeo,
1123 4462 1470 4534 Apoyrapha
1501 4468 1555 4518 et
1586 4462 1826 4530 Anulus.

807 4530 1518 4601 ”deperditaffiquarum
1562 4537 1746 4587 mmm
1792 4535 2293 4600 araus-mmm
2337 4530 2561 4589 Mser»

599 4604 654 4657 et
684 4600 790 4656 559
823 4600 1089 4669 rufinam
1118 4602 1343 4669 poteris.

806 4668 868 4728 5)
905 4687 1152 4723 moveam
1192 4671 1357 4724 Tum.
1394 4675 1650 4723 moneant
1682 4668 1756 4722 B.
1793 4667 1854 4724 S.
1890 4667 1970 4722 H.

806 4738 863 4804 6)
900 4737 999 4807 qai
1030 4736 1257 4793 Meua
1285 4736 1420 4806 feeit
1442 4737 1847 4792 controversiae
1860 4735 2287 4792 recrudescentis
2301 4742 2355 4792 et
2370 4753 2559 4820 πωροι·

595 4806 662 4862 in
719 4805 923 4862 Comm.
974 4807 1040 4860 in
1094 4806 1338 4862 Genesin
1369 4806 1703 4875 Zwt'offlium
1749 4807 2020 4861 Mmero
2074 4810 2127 4861 et
2157 4806 2558 4877 Anabaptwtis

807 4945 862 5012 ⁷)
906 4915 1227 4999 meam
1244 4944 1491 5000 macro
1525 4959 1642 4998 m
1661 4942 2085 5012 responderunt,
2121 4944 2263 4999 satia
2293 4943 2556 4999 natm

595 5011 1092 5151 mamm
1129 5028 1277 5152 {³503
1307 5017 1393 5138 „31
1423 5012 1610 5152 w
1625 5010 2555 5152 Bmmfflfflffss

591 5150 735 5208 ,πη
761 5151 1045 5289 Ρῶἳῗεῧρἐε
1078 5221 1439 5289 Schuopfium.
1506 5219 1726 5289 Anqlus
1756 5219 1954 5274 habet:
1988 5219 2243 5274 Scriffius.

805 5288 862 5356 9)
897 5290 981 5345 sic
1031 5295 1248 5358 autom.
1329 5287 1547 5343 Oudon-i
1588 5288 1774 5344 nescio
1814 5303 1922 5358 quo
1967 5291 2192 5344 auctore:
2237 5289 2294 5343 ni
2345 5290 2554 5355 (unless

600 5374 710 5427 you
737 5358 953 5429 judge).
1019 5357 1101 5412 H.
1137 5357 1266 5413 add.
1302 5375 1469 5412 meas.

2174 436 2703 505 EPIS'FOLAE
2749 438 3085 502 576-—579

4513 429 4640 492 756

2857 725 3437 794 Praestantissimo
3511 724 3658 792 viro
3727 722 3815 790 D.
3879 723 3974 790 M.
4053 722 4290 790 Ioanni
4367 720 4648 789 Calvino

2687 813 3012 899 evangelii
3054 812 3302 879 Christi
3346 811 3650 896 praeconi
3695 832 3770 877 ac
3814 808 4062 877 vindici
4101 809 4452 892 praecipuo
4499 827 4643 875 ma-
4719 867 4728 874 ,

2687 900 2893 985 gistro
2937 919 3014 965 ac
3054 900 3228 983 patri
3272 899 3346 963 in
3390 897 3662 963 Christo
3706 894 4510 1049 ⁰⁰lendi⁸⁸im⁰⁶Genevae

2842 1115 2928 1189 ’8.
2977 1122 3052 1187 Ρ.
3121 1120 3348 1204 Quum
3376 1140 3544 1204 puer
3579 1120 3687 1186 hic
3720 1120 4010 1186 venisset
4044 1117 4129 1184 ad
4163 1139 4283 1185 nos
4316 1127 4435 1185 tua
4462 1140 4640 1186 com-

2683 1207 3127 1275 mendatione.
3170 1208 3536 1273 instructus
3551 1257 3567 1285 ,
3631 1205 3800 1272 nihil
3863 1205 4052 1271 nobis
4115 1206 4239 1272 fuit
4302 1205 4642 1290 antiquius

2684 1315 2883 1378 quam
2939 1294 3035 1359 illi
3090 1295 3163 1358 in
3227 1302 3415 1358 tuam
3467 1292 3753 1378 gratiam
3820 1291 4040 1375 aliqua
4091 1290 4343 1357 ratione
4384 1291 4639 1374 prospi·
4711 1309 4715 1312 ·

2684 1401 2849 1447 cere.
2936 1380 3170 1464 Itaque
3219 1380 3729 1462 impetraveram
3785 1398 3826 1442 a
3867 1378 3953 1443 D.
4015 1376 4219 1442 Vel-sio
4241 1375 4290 1462 ¹)
4334 1384 4410 1442 ut
4449 1375 4641 1443 illum

2683 1466 2768 1531 ad
2821 1486 2894 1532 se
2962 1467 3300 1549 reciperet.
3388 1465 3563 1529 Nam
3619 1474 3815 1529 antea
3877 1463 3976 1528 illi
4032 1464 4234 1529 etiam
4297 1462 4641 1529 servulum

2681 1551 3008 1632 dederam,
3053 1572 3245 1635 quem
3290 1551 3416 1616 etsi
3457 1570 3639 1616 eram
3680 1549 4096 1633 repetiturus,
4120 1558 4363 1614 ‘tamen
4403 1548 4477 1614 id
4513 1548 4639 1614 hu·

2681 1638 2785 1704 ius
2824 1638 3022 1704 causa
3062 1638 3184 1704 feci
3240 1636 3436 1720 paulo
3487 1636 3698 1702 citius.
3789 1632 3925 1701 Sed
3981 1635 4202 1700 nescio
4254 1634 4413 1717 quid
4470 1634 4635 1701 acci-

2682 1723 2868 1790 derit.
2960 1723 3151 1801 Nam,
3193 1724 3293 1787 nti
3339 1744 3424 1788 ex
3466 1722 3608 1805 ipso
3650 1741 4018 1805 cognosces,
4063 1729 4202 1785 tam
4246 1721 4476 1786 multis
4519 1719 4635 1786 ob-

2680 1830 2841 1874 ruor
2897 1809 3180 1893 negotiis
3238 1815 3314 1873 ut
3367 1829 3502 1873 non
3555 1808 3816 1874 licuerit
3871 1805 4202 1872 doctorem
4260 1806 4634 1874 convenire.

2683 1895 2850 1960 Heri
2893 1891 3163 1961 dimissa
3206 1895 3513 1959 concione
3569 1914 3735 1976 puer
3788 1891 3873 1958 ad
3929 1913 4037 1957 me
4092 1892 4276 1958 venit
4332 1899 4637 1975 questum

2682 1979 2764 2046 de
2807 1979 3179 2047 studiorum
3222 1980 3487 2046 iactura.
3554 1978 3752 2044 Certe
3796 1999 3931 2043 non
3974 1978 4158 2062 potui
4202 1978 4299 2044 sic
4340 1999 4493 2043 cum
4525 1976 4637 2043 illo

2680 2086 2874 2151 agere
2918 2077 2994 2131 ut
3034 2066 3303 2131 omnino
3345 2064 3713 2130 literarium
3761 2066 3966 2129 otium
4012 2063 4276 2148 aliquod
4318 2064 4444 2147 ipsi
4486 2083 4637 2148 pro-

2679 2172 2995 2218 curarem.
3085 2154 3180 2217 At
3222 2149 3399 2235 apud
3441 2150 3772 2217 doctorem
3819 2150 4162 2233 sperabam
4202 2151 4471 2215 omnino
4518 2148 4637 2215 ali·

2680 2236 2837 2321 qnid
2888 2238 2987 2302 illi
3039 2256 3232 2319 posse
3287 2238 3663 2320 impetrare.
3731 2234 3901 2302 sod
3954 2235 4170 2302 victus
4224 2234 4638 2319 impatientis

2680 2344 2812 2389 non
2869 2323 3201 2390 sustinuit.
3307 2322 3484 2403 Quid
3536 2319 3862 2388 facerem?
3953 2318 4148 2387 Certe
4199 2321 4384 2387 illius
4437 2340 4638 2389 causa

2680 2408 2884 2475 doleo.
2959 2409 3022 2474 N
3025 2427 3100 2473 00
3142 2410 3361 2475 minus
3404 2428 3599 2493 aegre
3642 2407 3782 2473 fero
3821 2406 3995 2490 quod
4038 2405 4154 2472 abs
4198 2415 4263 2472 te
4305 2425 4637 2473 commen-

2679 2493 2830 2560 dato
2894 2515 3029 2559 non
3089 2494 3280 2560 aliter
3341 2494 3641 2559 iuverim.
3750 2492 3905 2577 Ipse
3982 2490 4208 2559 doctor
4281 2492 4420 2558 iam
4495 2493 4637 2560 sine

2677 2599 2872 2646 servo
2913 2593 3031 2646 est.
4595 2615 4607 2624 -

2848 2665 3115 2732 Literas
3157 2674 3305 2731 tuas
3348 2662 3637 2731 reddidit
3680 2669 3717 2729 9
3741 2662 4049 2731 Octobris
4091 2664 4458 2749 Hungarus
4492 2663 4635 2747 qui-

2676 2749 2829 2816 dam
2872 2752 2981 2817 vir
3143 2751 3267 2830 vis,
3311 2771 3508 2834 quem
3550 2760 3777 2816 tamen
3820 2748 4038 2816 adhuc
4081 2772 4213 2816 non
4254 2750 4447 2817 licuit
4478 2770 4633 2815 con-

2674 2837 2920 2904 venire.
3077 2857 3233 2902 uum
3276 2838 3452 2903 enim
3498 2836 3740 2902 vellem
3783 2857 3938 2902 eum
3978 2834 4060 2901 ad
4105 2835 4460 2920 prandium
4496 2856 4632 2901 me-

2674 2943 2829 2990 cum
2871 2921 3128 3001 ducere,
3172 2923 3519 3001 recusavit,
3561 2941 3641 2988 eo
3684 2921 3856 3006 quod
3890 2922 3975 2987 D.
4012 2920 4260 2989 Bucero
4301 2920 4632 2988 condixis-

2673 3015 2792 3075 set.
2850 3006 3049 3090 Quod
3082 3007 3401 3075 adversus
3422 3007 3870 3089 Qnintinistas
3884 3006 3941 3093 ²)
3964 3008 4325 3092 accingeris
4358 3005 4632 3093 gaudeo,

2673 3101 2741 3160 et
2781 3094 2903 3160 tibi
2943 3094 3263 3177 plurimas
3306 3093 3616 3161 ecclesiae
3650 3093 3919 3159 nomine
3961 3094 4211 3178 gratias
4245 3115 4386 3179 ago.

2669 3180 2932 3247 mondus
2973 3181 3178 3246 stater
3222 3200 3408 3246 meus
3422 3179 3482 3263 ³)
3525 3179 3789 3263 scripsit
3829 3178 4161 3245 horrenda
4195 3202 4372 3247 nunc
4406 3200 4439 3244 s
4487 3177 4632 3263 argi

2669 3266 2743 3330 in
2785 3265 3097 3332 inferiore
3141 3264 3504 3332 Germania
3557 3286 3599 3331 a
3650 3264 3932 3349 quodam
3973 3264 4228 3332 Davide
4282 3273 4351 3333 et
4460 3264 4628 3349 li9io.

2671 3350 3019 3418 Summam
3062 3371 3291 3417 eorum
3337 3349 3675 3417 doctrinae
3717 3351 4018 3416 nondum
4058 3351 4272 3432 misit,
4336 3352 4439 3418 uti
4482 3355 4628 3416 erat

2667 3437 3017 3521 pollicitus.
3105 3436 3239 3503 Ubi
3281 3435 3537 3502 miserit
3594 3434 3679 3501 ad
3722 3445 3787 3502 te
3830 3439 4290 3504 transmittam.
4378 3436 4631 3503 Videor

2668 3543 2753 3589 ex
2795 3522 2939 3590 eius
2980 3521 3191 3588 literis
3234 3521 3518 3605 aliquem
3559 3529 4010 3605 contemptum
4061 3524 4267 3606 ipsius
4307 3523 4626 3602 olfecisse,

2669 3607 2963 3675 fortassis
3004 3606 3151 3673 ideo
3208 3606 3388 3691 quod
3436 3609 3647 3675 nostri
3702 3607 3898 3675 hodie
3948 3609 4342 3694 sapientiam
4393 3606 4630 3675 mundi

2669 3695 2881 3844 {suffe
2944 3703 3271 3776 quaerunt
3332 3714 3535 3776 quam
3588 3694 3909 3761 virtutem
3964 3694 4296 3780 evangelii
4351 3694 4624 3763 Christi.

2849 3778 3023 3845 malo
3076 3787 3145 3844 te
3197 3800 3282 3845 ex
3321 3780 3478 3846 cius
3532 3779 3618 3845 ad
3669 3801 3778 3846 me
3829 3779 4039 3847 literis
4092 3802 4173 3847 ea
4212 3800 4625 3867 cognoscere,

2668 3871 2746 3964 ut
2788 3883 2919 4013 ,ξιξ-0
2973 3871 3090 3953 tna
3142 3864 3497 3948 prudentia
3549 3863 3874 3933 medearis
3890 3917 3906 3945 ,
3965 3866 4108 3933 sine
4165 3876 4391 3935 tamen
4444 3868 4627 3934 illius

2665 3970 2806 4016 mvi
2853 3970 2934 4015 ia.

2836 4035 3081 4100 Frater
3149 4045 3376 4102 noster
3443 4036 3828 4103 Emmanuel
3841 4041 3900 4116 ⁴)
3968 4038 4150 4104 ducit
4210 4039 4284 4104 in
4347 4060 4625 4107 uxorem

2666 4118 3101 4187 Elisabetham
3141 4120 3326 4187 illam
3374 4121 3790 4205 repudiatam
3846 4124 3941 4190 M.
3984 4123 4326 4205 Dominici,
4384 4125 4620 4210 quibus

2664 4207 2965 4289 proxima
3006 4206 3172 4272 feria
3215 4214 3258 4271 4
3302 4208 3764 4275 benedicemus
3805 4209 3877 4274 in
3918 4207 4225 4277 Domino.

2836 4292 2976 4358 Vix
3019 4291 3249 4359 credas
3289 4314 3452 4376 quas
3497 4294 3603 4360 hic
3656 4294 3847 4361 nobis
3890 4293 4103 4362 Satan
4158 4296 4389 4364 turbas
4444 4298 4617 4364 exci-

2664 4378 2842 4458 tarit,
2896 4379 3142 4462 partim
3184 4398 3226 4443 a
3265 4379 3513 4445 nostris
3566 4401 3731 4463 quos
3789 4382 4013 4447 statim
4064 4389 4286 4472 tamen
4327 4403 4619 4468 compes·

2694 4668 2818 4730 577.
2869 4668 2925 4736 1)
2962 4667 3222 4724 Medocina
3253 4667 3540 4750 ῌαραηιιε
3570 4670 3685 4739 ficit
3716 4672 3915 4727 Imm
3955 4672 4174 4728 Volesus
4191 4672 4612 4744 (Volcanoqun'

2659 4752 2690 4791 e
2722 4737 2981 4792 manebus
3011 4742 3396 4819 mquqettwnae
3411 4739 3786 4795 Lovaommzs
3817 4756 3981 4810 asyro
4012 4742 4237 4812 alapam
4267 4744 4610 4813 Argentom-

2657 4811 2778 4860 Μ
2811 4811 2963 4886 ponet
3003 4806 3293 4863 ubam
3336 4808 3456 4863 alta
3498 4808 3672 4863 edidit
3704 4809 3905 4866 Novae
4060 4812 4072 4824 '
4133 4811 4145 4824 ⁶
4426 4812 4610 4884 phao-

2657 4873 4032 5008 zz’eawmfflffzmmmmmmwmmffl
3999 4880 4612 5020 stimma

2657 5012 3026 5080 Framotwrti
3069 5028 3115 5069 c.
3162 5007 3395 5070 Galm'no
3430 5021 3630 5084 postea
3676 5016 3744 5071 de
3784 5017 3953 5074 libero
3998 5019 4230 5075 arbitrio
4280 5020 4610 5090 disceptavit

2655 5082 2923 5232 (Bwkg)
2967 5149 3106 5221 Opp.
3147 5152 3209 5206 T.
3235 5151 3378 5208 VII.
3411 5167 3557 5207 max.
3588 5169 3648 5222 p.
3691 5154 3792 5209 160
3822 5159 3875 5210 et
3899 5154 4149 5225 Prolem.
4184 5161 4237 5213 et
4266 5158 4429 5225 infra
4458 5157 4606 5215 Cale.

2658 5218 2737 5274 ad
2768 5217 3042 5289 Romnum
3074 5220 3381 5277 Navoa-ae
3411 5220 3498 5276 28.
3534 5224 3666 5292 Apr.
3706 5224 3856 5280 1545.

2859 5290 2919 5426 ³4⁵3
2958 5289 3662 5430 W‘zfi‘poum
3693 5350 3781 5430 φ’.
3817 5363 3896 5417 14
3925 5364 4054 5433 ῥα..
4093 5363 4240 5420 154&
