5050 6167
582 427 705 490 371
2243 408 2772 478 EPISTOLAE
2818 414 2942 477 388
4470 414 4593 476 3⁷2

577 610 763 678 mino
795 608 950 673 Iesu
996 603 1280 673 Christo.
1367 602 1663 669 Tandem
1708 600 2079 686 aliquando,
2136 601 2372 666 fratres
2415 599 2540 664 hu-

582 693 949 762 manissimi
1006 700 1074 756 et
1129 691 1199 755 in
1255 689 1543 755 Domino
1599 688 1755 754 Iesu
1797 687 2084 752 maxime
2126 685 2536 764 observandi,

581 783 804 849 visum
867 786 968 844 est
1025 776 1313 842 Domino
1378 781 1446 841 et
1506 774 1680 857 patri
1727 782 1950 838 nostro
2008 771 2536 848 clementissime,

579 867 989 932 laborantem
1041 861 1381 928 ecclesiam
1434 880 1622 926 suam
1679 879 1817 925 non
1856 857 2051 924 modo
2094 855 2413 925 consolari
2466 865 2539 921 et

581 970 908 1029 revocare,
954 948 1069 1015 sed
1112 948 1330 1026 etiam,
1374 954 1452 1010 ut
1493 943 1898 1023 confidimus,
1943 943 2208 1009 omnino
2257 941 2537 1007 liberare

582 1036 976 1122 gravissimo
1040 1033 1152 1098 illo
1257 1030 1500 1098 ericulo
1563 1032 1635 1096 in
1700 1051 1826 1113 quo
1843 1081 1858 1107 ,
1922 1051 2058 1094 non
2125 1030 2267 1094 sine
2337 1048 2537 1093 sensu

579 1130 808 1188 nostro
866 1119 1138 1184 maximi
1239 1117 1463 1194 oloris,
1519 1125 1659 1181 tam
1715 1116 1911 1199 longo
1966 1115 2281 1199 temporis
2326 1113 2536 1196 spatio

579 1216 846 1273 versata
887 1213 1004 1271 est.
1093 1202 1246 1285 Qua
1285 1203 1357 1268 in
1399 1223 1473 1266 re
1515 1202 1660 1285 quis
1717 1201 1842 1266 erit
1894 1209 2034 1265 tam
2077 1198 2379 1283 stupidus
2421 1199 2535 1281 qui

580 1313 716 1358 non
756 1291 1200 1372 maximopere
1242 1288 1602 1354 admiretur
1641 1287 1848 1370 ipsius
1890 1286 2020 1351 Dei
2063 1286 2272 1351 nostri
2307 1296 2535 1367 poten-

579 1380 743 1444 tiam
787 1376 1145 1443 bonitatem
1190 1393 1266 1439 ac
1307 1372 1820 1456 providentiam,
1877 1379 1952 1436 ut
1994 1373 2106 1454 qui
2147 1373 2220 1436 in
2277 1389 2535 1435 summa

581 1485 802 1529 rerum
850 1459 1305 1544 desperatione
1348 1467 1485 1524 tam
1530 1465 1910 1541 opportune,
1965 1466 2101 1521 tam
2142 1454 2535 1521 mirabiliter

580 1549 719 1614 suis
768 1547 994 1613 adesse
1049 1543 1354 1610 noverit?
1452 1544 1625 1610 Nam
1683 1545 1754 1607 in
1811 1542 1934 1608 hoc
1980 1542 2243 1620 Farezzi,
2300 1540 2534 1624 optimi

578 1634 822 1711 fratris,
866 1631 1146 1715 negoti0,
1193 1650 1321 1713 quo
1363 1628 1855 1713 periclitabatur
1895 1628 2293 1694 sacrosancti
2334 1626 2531 1691 huius

578 1718 932 1784 ministerii
976 1717 1313 1794 autoritas,
1359 1735 1497 1780 rem
1542 1736 1618 1780 eo
1650 1713 1982 1780 redactam
2015 1734 2156 1779 esse
2178 1711 2530 1795 aliquando

579 1802 866 1869 vidimus
910 1809 984 1867 ut
1010 1803 1210 1867 etiam
1252 1801 1486 1883 optimi
1530 1801 1799 1883 quique,
1857 1805 2116 1882 praeter
2158 1819 2367 1862 unum
2415 1805 2531 1861 aut

579 1889 858 1955 alterum
881 1939 896 1966 ‚
952 1894 1298 1952 censerent
1356 1886 1685 1970 expedire,
1745 1892 1821 1949 ut
1862 1886 1919 1950 is
1961 1904 2109 1949 cum
2152 1883 2326 1950 bona
2366 1903 2528 1965 pace

575 1995 651 2040 ac
705 1974 1079 2038 testimonio
1129 1972 1446 2050 civitatis,
1508 1971 1740 2036 relicta
1793 1969 1989 2035 huius
2045 1969 2357 2035 ecclesiae
2409 1967 2526 2033 ad-

573 2060 1074 2135 ministratione,
1120 2056 1248 2122 alio
1285 2077 1482 2139 quam
1517 2056 1801 2140 primum
1841 2055 2254 2139 demigraret.
2345 2052 2525 2135 Quin

576 2145 774 2210 etiam
805 2142 1136 2208 interdum
1161 2143 1548 2208 verebamur
1568 2163 1654 2206 ne
1687 2161 1814 2224 quo
1848 2140 2068 2206 furore
2113 2162 2188 2206 ac
2232 2139 2524 2204 tumultu

620 2229 912 2312 raecipiti
955 2248 1061 2294 res
1100 2228 1182 2292 ad
1227 2247 1413 2293 arma
1455 2236 1521 2291 et
1556 2226 1797 2293 bellum
1834 2226 2026 2293 civile
2060 2232 2447 2292 verteretur.
2466 2227 2521 2302 2)

572 2252 724 2396 auo
783 2324 1074 2397 tempore
1130 2313 1442 2396 quisquis·
1482 2320 1741 2377 tantum
1795 2319 2119 2395 spectaret
2183 2311 2522 2376 hominum

573 2402 747 2466 vires
805 2409 872 2464 et
926 2399 1196 2465 consilia
1251 2398 1418 2463 nihil
1464 2397 1639 2462 aliud
1685 2398 2102 2479 exspectabat
2143 2418 2337 2479 quam
2383 2417 2523 2460 om-

570 2484 766 2549 nibus
810 2485 989 2551 horis
1032 2485 1220 2567 quasi
1255 2484 1712 2548 imminentem
1763 2483 1985 2548 fratris
2043 2483 2250 2547 nostri
2293 2481 2522 2565 expul-

571 2572 839 2636 sionem.
942 2569 1133 2651 Quae
1187 2591 1293 2635 res
1352 2570 1474 2634 etsi
1529 2589 1709 2634 more
1765 2568 2056 2633 humano
2096 2568 2196 2632 illi
2239 2565 2523 2651 optanda

570 2676 713 2721 esse
756 2655 1101 2722 videbatur
1145 2653 1486 2738 (afferebat
1530 2656 1704 2719 enim
1745 2674 2052 2737 magnam
2098 2663 2165 2718 et
2207 2652 2414 2718 animi
2454 2658 2523 2717 et

568 2741 855 2824 corporis
898 2742 1202 2824 quietem,
1248 2741 1381 2804 imo
1425 2748 1493 2804 et
1533 2740 1721 2804 iuxta
1763 2740 2040 2805 verbum
2084 2738 2335 2805 Christi
2377 2737 2520 2802 feli-

567 2827 834 2893 citatem
893 2836 1090 2908 atque
1146 2824 1471 2909 gloriam),
1537 2824 1704 2889 nihil
1765 2832 1988 2890 tamen
2054 2844 2267 2906 neque
2331 2823 2521 2889 nobis

565 2933 776 2995 neque
835 2912 1077 2977 nostris
1133 2910 1422 2976 ecclesiis
1485 2910 1779 2975 futurum
1822 2909 2178 2993 apparebat
2217 2910 2520 2973 miserius

567 3005 683 3062 aut
735 2998 947 3081 magis
1004 2996 1391 3062 luctuosum.
1496 2994 1675 3077 Quid
1727 2997 1922 3074 enim,
1972 3015 2092 3078 per
2135 2996 2353 3060 Deum
2391 2996 2516 3058 im-

564 3082 927 3161 mortalem,
971 3082 1265 3147 futurum
1309 3089 1452 3147 erat
1495 3081 1576 3147 de
1618 3079 1805 3146 nobis
1840 3080 2253 3148 homunculis
2286 3081 2341 3146 si
2373 3080 2514 3145 loco

563 3168 622 3233 is
665 3175 881 3232 motus
926 3177 1100 3232 esset
1141 3188 1268 3250 quo
1324 3188 1487 3246 uno,
1557 3163 1914 3233 secundum
1978 3165 2228 3245 Deum,
2286 3185 2515 3231 omnes

565 3253 876 3319 ecclesiae
933 3252 1129 3317 huius
1181 3252 1447 3336 linguae
1503 3252 1817 3318 nostratis
1862 3258 2170 3335 tanquam
2213 3250 2517 3317 columna

562 3336 968 3403 validissima
1028 3337 1376 3402 nituntur?
1492 3335 1646 3418 Qua
1706 3336 1971 3402 tandem
2032 3338 2319 3415 ratione,
2385 3356 2514 3419 quo

564 3422 783 3487 animo
829 3421 942 3487 diu
986 3423 1422 3506 potuissemus
1463 3422 1534 3487 in
1578 3422 1702 3489 hoc
1743 3423 2106 3489 ministerio
2163 3422 2513 3488 consistere

561 3506 969 3572 incolumes?
1072 3508 1327 3573 Verum
1380 3508 1709 3573 Dominus
1774 3509 1988 3587 Deus,
2067 3508 2179 3592 qui
2248 3529 2512 3574 servum

561 3611 757 3658 suum
800 3600 1111 3676 posuerat
1153 3592 1341 3676 quasi
1381 3614 1645 3658 murum
1688 3612 1983 3672 aeneum,
2041 3601 2219 3659 tanto
2261 3593 2510 3671 robore,

561 3687 747 3743 tanta
800 3678 1168 3743 constantia
1220 3677 1412 3743 illum
1468 3688 1853 3756 armaverat,
1910 3688 1986 3745 ut
2023 3700 2225 3761 usque
2268 3677 2350 3743 ad
2396 3700 2510 3745 ex-

561 3773 840 3827 tremam
885 3764 1224 3846 sanguinis
1268 3764 1369 3828 sui
1415 3764 1744 3849 guttulam
1786 3785 1904 3848 pro
1951 3763 2196 3830 tuenda
2237 3765 2511 3831 ecclesia

560 3857 628 3913 et
683 3868 866 3914 sacro
922 3849 1288 3914 ministerio
1346 3848 1797 3916 conservando
1853 3849 2137 3915 viriliter
2178 3858 2350 3915 stare
2394 3871 2508 3933 pa-

562 3940 745 3999 ratus
786 3942 974 3999 esset.
1041 3935 1132 3999 Et
1173 3949 1543 4018 quanquam
1577 3935 1904 4018 plerisque
1936 3956 2067 4000 non
2100 3934 2260 4000 adeo
2281 3935 2511 4019 magni

559 4020 876 4084 momenti
921 4018 1275 4098 videretur,
1321 4021 1379 4084 si
1421 4021 1688 4104 pacifice
1709 4028 1777 4085 et
1811 4041 1961 4087 cum
1982 4021 2271 4087 omnium
2297 4023 2510 4105 gratia

562 4102 931 4183 decederet,
998 4103 1121 4170 hoc
1184 4121 1408 4170 tamen
1460 4106 1560 4170 illi
1615 4126 1873 4189 semper
1926 4115 2069 4171 erat
2122 4107 2193 4170 in
2247 4127 2388 4185 ore,
2433 4118 2509 4171 ut

556 4188 740 4254 mille
804 4197 1078 4268 mortes,
1136 4190 1194 4255 si
1255 4200 1477 4273 posset
1538 4191 1710 4271 fieri,
1776 4190 1957 4256 obire
2021 4190 2244 4257 mallet
2307 4213 2506 4275 quam

557 4285 789 4354 sponte
832 4275 1201 4341 consentire
1245 4289 1321 4341 ut
1362 4277 1505 4361 ipso
1545 4277 1732 4359 quasi
1788 4277 2177 4343 connivente
2234 4277 2509 4343 ecclesia

556 4359 688 4425 Dei
767 4360 1011 4442 aliquid
1089 4360 1464 4426 detrimenti
1548 4372 1841 4445 caperet,
1928 4362 2314 4446 praesertim
2391 4363 2506 4428 ubi

558 4446 1044 4511 sanctissimum
1081 4447 1184 4512 ius
1220 4457 1411 4529 atque
1446 4447 1654 4513 honos
1690 4445 1900 4512 divini
1923 4449 2268 4514 ministerii
2290 4447 2506 4531 aliqua

558 4549 642 4594 ex
685 4538 870 4612 parte
914 4532 1288 4598 violaretur.
1378 4533 1558 4617 Ergo
1600 4531 1913 4617 quidquid
1954 4534 2294 4614 acciderit,
2336 4554 2504 4598 nun-

559 4636 757 4698 quam
817 4614 899 4681 ab
956 4616 1066 4681 illo
1125 4618 1328 4681 animi
1383 4627 1697 4702 perpetuo
1753 4631 1976 4685 tenore
2033 4620 2319 4685 deiectus
2374 4627 2502 4685 est:

558 4699 673 4766 sed
728 4722 855 4784 quo
909 4702 1119 4785 magis
1176 4722 1371 4768 causa
1417 4704 1759 4786 desperata
1817 4702 2174 4784 videbatur,
2232 4726 2307 4770 eo
2351 4725 2504 4770 con-

557 4788 839 4851 stantius
882 4788 1270 4869 persistebat
1312 4789 1384 4853 in
1429 4791 1774 4873 proposito,

728 4870 862 4937 Sed
907 4894 1217 4955 quorsum
1265 4885 1400 4939 tam
1445 4875 1671 4953 multa,
1721 4876 2174 4943 humanissimi
2222 4875 2500 4941 fratres?

555 4957 809 5040 Nempe
860 4971 935 5022 ut
994 4969 1246 5025 tantam
1302 4961 1428 5025 Dei
1486 4963 1765 5044 gratiam
1821 4973 2164 5045 tantasque
2219 4963 2502 5028 virtutes

554 5043 627 5107 in
671 5044 880 5109 servis
926 5045 1065 5111 eius
1109 5058 1423 5130 perpetuo
1467 5067 1926 5132 agnoscamus,
1983 5048 2341 5128 laudemus,
2386 5047 2502 5112 ad-

757 5315 819 5382 2)
859 5317 940 5384 Cf.
977 5320 1055 5374 N.
1093 5318 1208 5373 376.

2640 601 2974 666 miremur.
3053 598 3249 667 Unde
3291 598 3469 664 enim
3512 618 3755 682 quaeso
3794 598 3921 664 hae
3963 605 4185 665 tantae
4229 598 4410 666 dotes
4443 620 4594 684 pro,-

2641 687 2844 752 fectae
2888 693 3045 751 sunt
3086 685 3219 750 nisi
3261 684 3343 749 ab
3384 684 3497 749 illo
3540 692 3809 750 aeterno
3850 687 4032 750 fonte
4074 684 4393 750 bonorum
4453 707 4592 751 om-

2640 771 2869 836 nium?
2969 769 3534 854 Quotusquisque,
3611 772 3739 836 nisi
3820 772 3912 837 sic
3991 772 4285 837 munitus
4364 771 4590 838 divino

2641 858 2896 941 spiritu,
2941 876 3072 921 non
3118 855 3200 920 ad
3244 878 3452 921 unum
3485 864 3600 921 aut
3643 855 3922 921 alterum
3944 855 4262 940 impetum
4284 858 4592 924 continuo

2641 951 2828 1027 terga
2872 941 3216 1007 vertisset?
3306 940 3367 1007 Ο
3412 963 3567 1008 vere
3622 943 4046 1025 magnificum
4103 953 4168 1006 et
4226 943 4592 1008 mirabilem

2639 1029 3002 1093 Dominum
3066 1028 3137 1092 in
3202 1028 3503 1093 omnibus
3567 1028 3872 1110 operibus
3933 1029 4096 1092 suis!
4221 1026 4282 1093 Ο
4346 1037 4591 1111 quanto

2640 1113 2906 1179 oonsilio
2963 1112 3072 1179 hic
3127 1112 3414 1196 providit
3483 1121 3752 1179 aeterna
3814 1113 3928 1177 illa
3989 1114 4341 1197 sapientia!
4453 1114 4591 1180 Nec

2639 1200 2818 1265 enim
2883 1198 3091 1264 voluit
3149 1198 3489 1264 ecelesiam
3553 1219 3738 1264 suam
3815 1208 3951 1263 tam
4029 1199 4260 1264 acerbo
4315 1199 4590 1266 vulnere

2639 1285 2963 1369 quassari,
3026 1284 3150 1349 hoc
3204 1285 3620 1367 potissimum
3673 1293 3994 1368 tempore,
4061 1306 4265 1368 quum
4330 1293 4588 1351 tantam

2637 1392 2817 1454 spem
2861 1371 3044 1435 nobis
3088 1369 3446 1435 ostentavit
3490 1370 3569 1435 de
3622 1390 3824 1453 regno
3878 1370 4201 1454 evangelii
4244 1371 4348 1436 sui
4389 1370 4588 1437 latius

2636 1455 3075 1540 propagando,
3185 1453 3337 1535 Qua
3397 1455 3470 1519 in
3534 1475 3607 1519 re
3666 1476 3799 1521 non
3867 1455 4240 1522 dubitamus
4305 1457 4465 1539 quin
4518 1465 4587 1522 et

2634 1553 2895 1608 vestrae
2983 1553 3049 1605 et
3137 1540 3415 1605 aliorum
3504 1541 3899 1623 optimorum
3989 1543 4269 1607 fratrum
4358 1563 4586 1625 preces

2635 1648 3030 1711 magnopere
3070 1626 3457 1709 profuerint.
3523 1625 3698 1691 Nam
3720 1626 3874 1709 quid
3911 1625 4201 1694 dicemus
4237 1625 4318 1694 de
4347 1629 4584 1695 vestris

2634 1712 2843 1779 literis
2887 1734 3049 1796 quos
3089 1710 3170 1777 ad
3214 1733 3333 1776 nos
3376 1722 3805 1796 senatumque
3849 1720 3916 1777 et
3948 1713 4263 1795 populum
4283 1723 4585 1780 nostrum

2633 1807 2820 1863 tanta
2862 1798 3212 1880 scripsistis
3256 1797 3638 1881 diligentia?
3706 1796 3924 1878 Quam
3959 1806 4341 1881 opportune,
4385 1820 4582 1883 quam

2631 1885 2703 1949 in
2746 1885 2888 1966 ipso
2934 1895 3221 1965 tempore
3263 1883 3449 1948 nobis
3491 1881 3784 1948 redditae
3829 1883 4029 1948 sunt?
4110 1882 4290 1965 Quid
4331 1884 4579 1965 utilius,

2631 1969 2786 2053 quid
2829 1968 3176 2035 iucundius
3233 1969 3420 2034 nobis
3476 1971 3858 2053 contingere
3915 1970 4127 2051 potuit
4196 1971 4277 2035 ab
4334 1972 4578 2054 optimo

2630 2058 2919 2119 maximo
2966 2055 3125 2132 Deo,
3161 2055 3545 2137 praesertim
3589 2054 3974 2119 miserrimis
4028 2055 4159 2120 illis
4219 2075 4294 2120 ac
4348 2057 4577 2122 turbu-

2628 2139 3007 2206 lentissimis
3072 2139 3515 2223 temporibus?
3639 2140 3778 2206 Nec
3851 2151 4027 2206 certe
4105 2139 4373 2206 dubium
4457 2149 4574 2220 est,

2627 2226 2942 2292 instinctu
2987 2227 3337 2307 afflatuque
3379 2226 3649 2309 spiritus
3688 2227 3896 2291 sancti
3942 2225 4258 2291 divinitus
4301 2228 4577 2311 scriptas

2627 2333 2801 2377 esse:
2870 2311 3028 2376 adeo
3093 2311 3265 2375 nihil
3329 2332 3460 2375 non
3524 2311 3866 2394 spirituale
3930 2321 3996 2376 et
4062 2311 4359 2377 divinum
4423 2334 4575 2379 con-

2626 2397 2947 2462 tinebant:
2992 2397 3153 2461 adeo
3196 2406 3385 2461 erant
3428 2397 3592 2479 piae,
3638 2396 3952 2477 eruditae,
4011 2396 4245 2479 plenae
4287 2399 4574 2465 fraterno

2627 2503 2873 2559 amore,
2942 2482 3311 2565 eloquentia
3369 2482 3638 2547 minime
3695 2483 3943 2558 fucata,
3999 2481 4221 2549 divino
4285 2485 4573 2560 consilio,

2626 2569 2883 2634 sincera
2926 2568 3239 2645 doctrina,
3287 2569 3563 2649 denique
3605 2569 3785 2633 omni
3828 2568 4292 2647 consolatione,
4348 2581 4415 2635 et
4458 2570 4574 2636 ad-

2624 2654 3090 2719 monitionibus
3130 2654 3577 2718 sanctissimis.
3675 2653 3760 2717 In
3817 2675 4097 2732 summa,
4147 2676 4351 2720 unum
4404 2654 4572 2720 illud

2623 2759 2840 2806 coram
2886 2740 3028 2805 Deo
3073 2745 3139 2804 et
3173 2739 3458 2804 Domino
3482 2738 3634 2804 Iesu
3670 2739 3852 2804 vobis
3886 2741 4214 2805 affirmare
4238 2739 4572 2817 audemus,

2624 2824 2842 2890 nullas
2917 2845 3212 2908 unquam
3279 2823 3502 2890 literas
3579 2846 3786 2907 neque
3862 2823 4213 2891 iucundius
4279 2847 4321 2891 a
4384 2826 4572 2893 nobis

2622 2917 2937 2992 acceptas,
2981 2930 3194 2993 neque
3235 2909 3544 2975 libentius
3580 2909 3839 2975 auditas
3872 2909 4093 2989 fuisse,
4131 2932 4340 2994 neque
4361 2913 4572 2997 magis

2621 2996 2940 3079 profuisse
2983 2995 3067 3060 ad
3111 3005 3368 3061 nostros
3411 2995 3705 3059 omnium
3751 2997 4007 3061 animos
4066 2996 4170 3061 vel
4229 2995 4569 3078 docendos,

2620 3081 2729 3147 vel
2774 3080 3216 3159 consolandos,
3260 3081 3372 3146 vel
3415 3080 3910 3147 confirmandos.
3999 3082 4147 3147 Etsi
4190 3085 4365 3148 enim
4415 3093 4569 3149 ante

2619 3187 2726 3232 res
2767 3166 2930 3249 ipsa,
2967 3188 3170 3249 quum
3225 3186 3266 3230 a
3320 3185 3595 3249 persona
3649 3174 3792 3231 tum
3849 3188 3889 3232 a
3944 3187 4142 3233 causa
4158 3218 4174 3246 ,
4233 3169 4395 3235 satis
4447 3190 4568 3236 nos

2619 3252 3006 3317 hortabatur
3059 3264 3134 3317 ut
3206 3273 3533 3334 nusquam
3601 3250 3974 3318 deessemus
4039 3253 4280 3333 officio,
4343 3265 4568 3320 tamen

2616 3338 2797 3421 ipsae
2839 3346 3095 3404 vestrae
3129 3337 3360 3403 literae
3407 3338 3626 3404 nescio
3660 3336 3980 3420 quomodo
4015 3345 4229 3406 tantos
4263 3339 4566 3406 stimulos

2617 3423 2806 3489 nobis
2849 3421 3262 3501 addiderunt,
3308 3430 3382 3488 ut
3422 3422 3733 3506 quidquid
3769 3432 3963 3489 antea
4007 3424 4087 3488 de
4128 3447 4202 3490 re
4247 3424 4362 3489 illa
4394 3426 4566 3509 egis-

2618 3530 2839 3574 semus
2903 3507 3070 3573 nihil
3135 3529 3304 3587 esse,
3381 3515 3498 3574 aut
3571 3517 3748 3574 certe
3821 3508 4132 3592 pusillum
4212 3507 4563 3592 videretur,

2616 3593 2903 3677 adeoque
2979 3603 3357 3677 putaremus
3430 3601 3802 3660 nostrarum
3876 3615 4016 3660 esse
4082 3596 4403 3678 partium,
4468 3604 4583 3676 ut„

2615 3678 3163 3763 quemadmodum
3204 3700 3322 3762 per
3364 3679 3590 3745 literas
3648 3679 3795 3744 illas
3858 3689 4113 3746 vestras
4158 3682 4566 3748 sanctissime

2615 3787 2735 3830 nos
2780 3763 3244 3844 admonebatis,
3289 3764 3500 3829 multo
3538 3766 3784 3830 maiore
3828 3785 3984 3830 cura
4040 3765 4255 3832 studio
4304 3776 4371 3833 et
4417 3767 4563 3833 dili-

2614 3851 2837 3934 gentia
2877 3851 2950 3914 in
2993 3851 3204 3934 ipsam
3246 3871 3509 3917 causam
3552 3850 4098 3917 incumberemus.

2786 3937 2884 4002 Ac
2941 3957 3061 4001 nos
3115 3935 3376 4019 quidem
3433 3935 3766 4019 superiore
3811 3945 4119 4019 tempore,
4223 3959 4383 4003 uum
4424 3937 4562 4021 pri-

2612 4022 2819 4086 vatim
2857 4029 2996 4086 tum
3033 4020 3292 4104 publice
3324 4020 3393 4085 in
3430 4022 3629 4086 sacris
3668 4021 4103 4101 concionibus,
4150 4044 4189 4088 a
4305 4024 4560 4089 onendo

2612 4116 2806 4189 atque
2848 4106 3171 4172 hortando
3211 4106 3542 4190 populum,
3589 4108 3721 4171 iam
3765 4106 4148 4173 dederamus
4181 4129 4443 4192 operam
4487 4117 4562 4175 ut

2611 4191 2903 4275 plerique
2966 4212 3194 4256 omnes
3257 4192 3599 4258 studerent
3663 4194 3951 4258 converti
4016 4191 4100 4257 ad
4172 4192 4555 4274 Dominum,

2611 4297 2738 4359 quo
2782 4285 2970 4360 pater
3006 4278 3146 4360 ipse
3189 4277 3694 4363 benignissimus
3737 4278 4030 4343 fidelium
4072 4277 4366 4362 placatus
4407 4301 4558 4363 pre-

2610 4363 2791 4430 cibus
2827 4363 3139 4447 populum
3174 4384 3368 4428 suum
3405 4372 3744 4445 percutere
3778 4364 4120 4443 desineret,
4166 4365 4577 4449 tandemque.

2610 4448 2914 4514 omnibus
2957 4458 3024 4515 et
3066 4449 3352 4514 maxime
3396 4449 3552 4514 huic
3594 4448 3903 4514 ecclesiae
3955 4471 4112 4514 suae
4168 4452 4356 4516 fieret
4406 4472 4575 4536 pro-.

2609 4534 2825 4618 pitius.
2897 4534 3049 4600 Huc
3093 4543 3311 4601 autem
3357 4534 3781 4601 vehementer
3824 4555 3945 4599 nos
3987 4536 4340 4619 impulerat
4380 4559 4557 4604 com-

2609 4620 2829 4685 munis
2887 4621 3234 4685 universae
3284 4620 3589 4686 ecclesiae
3641 4622 4008 4686 necessitas.
4096 4622 4363 4687 Etenim
4408 4644 4554 4706 per-

2608 4706 3036 4789 spiciebamus
3072 4714 3229 4788 quot
3264 4715 3330 4771 et
3352 4706 3613 4789 quantis
3634 4705 4109 4771 calamitatibus
4129 4707 4246 4772 illa
4272 4708 4554 4791 undique

2606 4799 3026 4874 premeretur.
3113 4790 3199 4855 In
3240 4792 3471 4873 primis
3519 4790 3940 4857 audiebamus
3975 4801 4329 4878 tyrannum
4364 4793 4554 4859 illum

2607 4876 3078 4956 saevissimum,
3124 4897 3317 4959 quem
3363 4895 3555 4941 nemo
3599 4876 3809 4941 nescit
3850 4877 4108 4943 hostem
4152 4900 4294 4944 esse
4336 4880 4551 4945 infen-

2605 4962 2937 5027 sissimum
3002 4962 3214 5026 omnis
3278 4961 3495 5045 gentis
3557 4983 3721 5043 quae
3789 4963 4038 5029 Christi
4105 4985 4343 5030 nomen
4401 4987 4548 5049 pro-

2606 5049 2845 5122 fitetur,
2884 5048 3122 5112 nostris
3156 5046 3621 5129 propemodum
3656 5048 3976 5130 capitibus
4009 5049 4372 5116 imminere.
4440 5049 4548 5116 Ad

2610 5133 2729 5197 hoc
2770 5132 3153 5198 videbamus
3197 5154 3361 5210 eam,
3407 5153 3535 5215 qua
3578 5153 3808 5199 manus
3834 5135 4100 5199 Domini
4127 5136 4260 5200 iam
4294 5137 4551 5220 pridem

2608 5218 2917 5301 populum
2963 5240 3154 5283 suum
3199 5218 3392 5303 longe
3433 5239 3507 5283 ac
3550 5218 3678 5283 late
3734 5221 3821 5285 fla
3868 5220 4053 5300 ellat,
4109 5222 4544 5304 pestilentiam

2607 5305 3006 5370 atrocissime
3049 5304 3291 5387 passim
3334 5305 3637 5388 grassari,
3680 5327 3801 5371 ean
3848 5328 4079 5390 emque
4114 5309 4183 5372 in
4203 5307 4328 5375 hac
4350 5308 4548 5374 etiam
