5050 6167
702 365 835 429 ⁷43

1602 545 1758 618 5⁶8.

1096 700 1767 771 BULLINGERUS
1813 697 2251 770 OALVINO.

876 870 2654 958 Immdepuerosibicomendoto‚cuiusfideiussor

697 960 906 1043 factm
945 965 1065 1036 est,
1108 979 1232 1043 pro
1290 980 1411 1043 quo
1465 958 1782 1025 nihildum
1822 957 2127 1040 pecuniae
2166 957 2434 1024 solutam
2475 961 2570 1021 est
2609 976 2654 1020 a

689 1050 895 1129 patre.
1003 1044 1254 1113 Calvim'
1306 1044 1630 1111 silentium
1683 1044 1959 1110 miratur
2016 1047 2075 1108 et
2116 1044 2372 1125 priores
2432 1041 2653 1107 literas

696 1132 1059 1215 deperditas
1100 1132 1479 1213 auspicatur.

700 1301 815 1369 (Ex
861 1301 1197 1372 autographo
1233 1300 1454 1355 Archiv,
1490 1300 1668 1354 Turio.
1705 1300 1851 1353 Plut.
1890 1299 1992 1353 VI.
2028 1297 2146 1354 Vol.
2187 1296 2285 1352 129
2326 1298 2457 1354 olim
2502 1299 2646 1369 Epp.

1108 1371 1172 1424 B.
1208 1375 1252 1423 t.
1286 1367 1371 1434 30,
1407 1368 1498 1423 sol.
1535 1366 1653 1422 123.
1723 1367 1937 1423 Simler.
1973 1367 2093 1421 Vol.
2126 1365 2239 1433 55.)

698 1540 1089 1622 Olarissimo
1126 1540 1269 1606 viro
1310 1540 1395 1606 D.
1432 1537 1668 1604 Ioanni
1703 1536 1981 1604 Calvino
2016 1536 2453 1605 Genevatium
2497 1559 2649 1605 con-

1122 1624 1438 1691 cionatori
1477 1625 1665 1690 fratri
1705 1623 2041 1691 carissimo
2083 1644 2222 1690 suo.

870 1762 1174 1829 Gratiam
1219 1769 1286 1827 et
1326 1762 1504 1828 vitae
1548 1761 1989 1828 innocentiam
2032 1784 2073 1828 a
2114 1762 2419 1827 Domino.
2484 1757 2649 1827 Sae-

696 1849 848 1933 pius
891 1858 978 1926 te,
1027 1847 1287 1914 Calvino
1328 1845 1704 1913 doctissime
1757 1846 1932 1912 idem
1977 1869 2063 1913 ue
2104 1847 2269 1913 mihi
2314 1846 2651 1913 carissime

696 1943 765 2000 et
807 1931 1260 2001 colendissimo
1324 1933 1557 2012 frater,
1622 1953 1695 1997 re
1751 1931 1942 1998 admo
1990 1954 2104 1998 um
2170 1932 2289 1998 vili
2347 1932 2646 1998 obturbo.

699 2020 954 2085 Verum
1002 2019 1156 2102 quia
1206 2017 1372 2084 nihil
1424 2039 1465 2083 a
1522 2025 1587 2083 te
1643 2018 2087 2101 responsionis
2144 2018 2386 2102 accipio
2443 2038 2650 2101 quum

698 2106 893 2171 toties
961 2105 1350 2189 scripserim,
1377 2102 1428 2186 ¹)
1505 2123 1703 2187 cogor
1765 2103 1886 2171 hoc
1951 2103 2161 2171 facere
2225 2101 2398 2187 quod
2463 2103 2646 2169 facio,

698 2189 1012 2274 Suspicor
1065 2190 1242 2256 enim
1298 2209 1478 2254 meas
1536 2189 1655 2254 tibi
1711 2208 1844 2253 non
1888 2211 2030 2256 esse
2071 2187 2382 2255 redditas.
2469 2187 2649 2253 Ado-

694 2278 948 2342 lescens
1002 2296 1198 2359 quem
1251 2274 1415 2340 mihi
1464 2274 1931 2340 commendasti
1985 2273 2225 2341 Gallus
2281 2275 2419 2359 agit
2475 2272 2648 2357 apud

695 2361 976 2428 scribam
1029 2360 1214 2427 urbis
1268 2368 1534 2426 nostrae
1588 2360 1906 2444 primum,
1973 2360 2312 2426 hominem
2367 2378 2647 2444 magnae

696 2447 1067 2513 autoritatis
1125 2453 1192 2511 et
1249 2444 1718 2531 peritissimum
1772 2445 1845 2509 in
1888 2467 1966 2511 ea
2019 2454 2177 2511 arte.
2266 2445 2351 2511 In
2394 2465 2647 2510 annum

694 2533 895 2599 solvit
937 2532 1186 2597 scribae
1241 2552 1470 2597 aureos
1529 2538 1870 2596 coronatos
1920 2534 2014 2595 16.
2104 2531 2249 2616 Ego
2292 2550 2414 2613 pro
2456 2534 2494 2594 8
2539 2551 2645 2597 co·

692 2618 940 2684 ronatis
997 2638 1103 2682 me
1161 2616 1519 2682 debitorem
1580 2615 1918 2682 obstrinxi.
2021 2617 2238 2682 Debet
2286 2615 2400 2681 ille
2453 2636 2645 2698 prae-

692 2710 874 2769 terea
917 2702 1162 2787 aliquot
1203 2701 1516 2785 pecunias
1558 2722 1677 2786 pro
1711 2701 1897 2768 libris
1942 2701 2188 2784 aliquot
2211 2700 2642 2780 Froschover0‚

691 2810 814 2873 pro
858 2788 1095 2871 quibus
1148 2788 1307 2853 item
1351 2785 1546 2853 fidem
1595 2807 1809 2852 meam
1863 2786 2202 2853 obstrinxi.
2289 2787 2497 2852 Moris
2541 2793 2644 2853 est

691 2881 912 2940 autem
956 2871 1131 2957 apud
1177 2893 1295 2939 nos
1339 2881 1413 2938 ιιι
1466 2870 1876 2937 dimidiatam
1966 2881 2173 2937 artem
2216 2873 2418 2938 totius
2461 2894 2641 2937 sum-

689 2980 840 3025 mac
904 2960 974 3024 in
1037 2979 1289 3023 annum
1350 2956 1705 3024 solvendae
1769 2978 1896 3042 pen
1944 2965 2060 3022 ant
2122 2978 2278 3022 mox
2343 2958 2425 3024 ab
2479 2956 2643 3022 anni

688 3045 1010 3130 principio
1066 3064 1141 3110 ac
1205 3043 1446 3110 diserte
1504 3042 1726 3109 dicant
1788 3041 1944 3127 quid
2010 3042 2091 3109 de
2155 3043 2418 3109 residua
2482 3042 2642 3108 anni

687 3139 879 3215 parte
925 3129 1350 3196 decreverint.
1439 3128 1578 3195 Oro
1612 3130 1635 3192 i
1747 3149 1849 3207 ue,
1894 3128 1985 3192 mi
2032 3126 2302 3209 Calvine,
2349 3136 2425 3193 ιιι
2466 3150 2640 3194 mer-

690 3218 895 3284 catori
939 3216 1101 3282 haec
1144 3214 1393 3281 indices
1449 3221 1517 3278 et
1615 3235 1687 3279 er
1776 3234 1905 3279 unc
1961 3213 2144 3279 urbis
2186 3222 2448 3281 nostrae
2492 3234 2639 3279 cur-

690 3322 907 3368 sorem
948 3299 1281 3384 publicum
1318 3235 1713 3382 respondeas
1756 3306 1825 3364 et
1865 3299 2173 3381 pecunias
2210 3300 2454 3366 mittas.
2533 3300 2639 3365 De

691 3386 1102 3453 adolescente
1167 3385 1480 3468 proximis
1546 3383 1631 3449 ad
1694 3392 1758 3449 te
1821 3384 2031 3449 literis
2128 3384 2401 3451 uaedam
2467 3383 2634 3453 dedi.

688 3473 793 3540 Ea
833 3493 966 3537 non
1010 3478 1232 3553 repeto
1273 3471 1426 3553 quia
1467 3488 1578 3535 eas
1620 3469 1743 3535 tibi
1787 3477 1963 3534 certo
2005 3406 2292 3535 redditas
2333 3478 2515 3555 puto.

859 3556 1059 3622 Mitto
1104 3555 1223 3621 tibi
1266 3553 1559 3621 libellum
1596 3554 1675 3619 de
1711 3555 2099 3638 antiquitate
2140 3555 2296 3622 fidei
2337 3555 2637 3623 christia-

687 3662 814 3707 nae
856 3641 1013 3707 olim
1068 3661 1109 3705 a
1162 3660 1268 3704 me
1323 3640 1640 3722 scriptum
1684 3641 2076 3725 germanice,
2097 3642 2156 3725 ²)
2200 3661 2376 3708 nunc
2417 3649 2637 3707 autem

685 3749 955 3795 versum
1013 3748 1054 3792 a
1109 3725 1399 3792 studioso
1456 3724 1767 3808 quodam,
1823 3726 2124 3810 quamvis
2177 3749 2310 3793 non
2370 3727 2636 3792 omnino

683 3813 978 3880 feliciter.
1082 3811 1345 3893 Quaeso
1401 3810 1857 3877 munusculum
1919 3812 2041 3877 hoc
2109 3813 2264 3878 boni
2315 3812 2635 3878 consulas.

685 3901 857 3965 Amo
901 3905 967 3963 te
1012 3920 1096 3962 ex
1141 3897 1376 3961 animo.
1464 3895 1651 3961 Vale.
1740 3898 1970 3982 Tignri
2008 3899 2107 3963 23.
2132 3898 2187 3986 ⁸)
2232 3920 2405 3964 anno
2451 3901 2634 3962 1544.

687 3983 1028 4052 Salutabis
1073 3983 1322 4047 fratres.

1712 4102 1802 4168 Η.
1845 4102 2277 4189 Bullingerus
2318 4111 2490 4169 tuus.

719 4356 854 4420 508.
894 4358 949 4423 1)
987 4356 1068 4413 Ν.
1103 4353 1224 4410 557.
1257 4354 1380 4411 565.

891 4425 954 4491 2)
989 4427 1102 4480 Der
1137 4425 1217 4480 alt
1253 4425 1434 4494 gloub.
1504 4425 1614 4478 Das
1660 4426 1760 4479 der
1794 4426 2047 4480 Christen
2092 4427 2257 4495 gloub
2294 4444 2400 4481 von
2434 4426 2635 4496 anfang

687 4495 787 4548 der
818 4496 952 4549 wilt
983 4499 1194 4565 gewfirt
1226 4494 1383 4558 habe,
1438 4493 1537 4547 der
1570 4494 1725 4547 recht
1758 4511 1905 4547 waar
1951 4496 2030 4547 alt
2074 4495 2222 4548 vnnd
2270 4496 2634 4566 vngezwyfelt

683 4563 851 4633 gloub
896 4580 1008 4635 syc.
1082 4563 1294 4616 Zfirich.
1330 4560 1486 4616 1539.
1535 4561 1588 4615 8.
1666 4562 1856 4617 Ver-sio
1899 4563 2081 4617 latina
2125 4579 2267 4633 quae
2311 4564 2388 4619 ad
2431 4578 2634 4618 mam

683 4647 802 4687 non
835 4637 917 4687 est
946 4631 1123 4698 nobis,
1180 4630 1547 4686 Diethclmum
1582 4629 1877 4686 cellarium
1910 4638 2155 4686 autorem
2338 4634 2442 4688 scit
2477 4632 2632 4687 1544.

889 4700 951 4767 3)
986 4714 1220 4755 mensem
1264 4699 1512 4754 adscribe
1546 4700 1889 4769 Amatam,
1939 4718 2094 4769 quem
2138 4701 2241 4756 tan
2287 4707 2339 4757 et
2374 4702 2635 4772 proxime

683 4783 915 4838 ecquem
962 4768 1183 4824 Calvina·
1236 4783 1557 4837 responsum
1613 4775 1663 4822 et
1706 4785 1849 4839 quae
1893 4777 2059 4825 antea
2110 4770 2177 4825 de
2228 4771 2410 4827 eodem
2456 4786 2632 4841 puero

684 4839 1047 4908 Bullinyems
1079 4837 1305 4907 scripsit
1337 4837 1726 4893 commendant.

2248 354 2774 425 EPISTOLAE
2822 356 3154 420 568—571

4565 353 4675 415 ⁷44

3658 535 3811 608 5⁶⁹.

3146 691 3618 761 OALVINUS
3659 688 4295 759 BULLINGERO.

2932 864 4682 948 Ourpriusdepuoroiuononresponderit,quem

2755 953 2891 1020 iam
2964 952 3276 1019 Genavam
3345 952 3578 1016 remitti
3643 950 3823 1016 iubet.
3941 950 4233 1017 Alterum
4303 949 4681 1018 Tum-enm

2754 1037 3493 1120 benehabereafflmtat.

2783 1211 2868 1264 Ex
2901 1208 3239 1278 autographo
3273 1207 3436 1263 Arch.
3475 1206 3653 1262 Turio.
3689 1207 3832 1261 Plnt.
3870 1206 3963 1263 VI.
3999 1207 4120 1262 Vol.
4159 1205 4259 1261 166
4322 1208 4452 1261 olim
4484 1205 4567 1276 24,
4597 1207 4685 1263 fol.

2828 1320 2855 1361 ,ι
2912 1278 3247 1400 Δροξηρῑιιι
3291 1281 3510 1359 exstant
3552 1278 3610 1331 in
3645 1277 3787 1330 Bibl.
3824 1275 4031 1332 Genev.
4078 1275 4225 1358 Ood..
4254 1249 4398 1330 107³.
4445 1275 4539 1358 fol.
4574 1274 4682 1341 100,

2753 1355 2885 1402 satis
2918 1364 3044 1401 men
3083 1362 3176 1401 ose
3210 1346 3541 1414 descriptum
3578 1362 3646 1398 ex
3693 1362 3800 1415 qno
3834 1345 4110 1399 fluxerunt
4155 1346 4264 1398 aha
4297 1346 4404 1399 duo
4439 1362 4496 1398 ιιι
4529 1344 4683 1399 Arch.

2754 1418 2918 1471 Bern.
2954 1417 3094 1487 Epp.
3133 1414 3231 1469 VI.
3267 1432 3321 1484 p.
3355 1411 3454 1469 341
3494 1420 3551 1468 et
3587 1412 3708 1539 211¹.
3742 1412 3937 1548 ἓὸἷθθ
3975 1419 4034 1468 et
4067 1430 4136 1468 ex
4171 1413 4257 1467 his
4291 1431 4376 1484 ap.
4412 1412 4686 1469 Simlernm

3650 1499 3682 1537 o
3707 1520 3719 1533 .
3826 1518 3840 1533 .

2753 1655 3197 1722 ornatissimo
3249 1656 3392 1722 viro
3434 1653 3518 1719 D.
3564 1653 3905 1719 Henricho
3961 1654 4349 1740 Bullingero
4391 1653 4688 1721 ecclesiae

2752 1742 3109 1828 Tigurinae
3150 1738 3279 1806 fido
3322 1740 3565 1825 pastori
3606 1740 3796 1806 fratri
3838 1741 3905 1805 in
3931 1740 4217 1806 Domino
4263 1740 4594 1807 carissimo
4625 1746 4689 1806 et

3583 1824 3870 1893 colendo.

2926 1963 2998 2030 S.
3065 1962 3260 2046 Quod
3302 1963 3513 2029 serius
3557 1963 3860 2046 opinione
3903 1971 4020 2028 tua
4059 1962 4184 2028 tibi
4225 1985 4401 2031 nnnc
4438 1962 4696 2028 demum

2755 2048 3133 2134 respondeo,
3180 2049 3553 2116 doctissime
3573 2047 3960 2133 Bullinyere‚
4004 2070 4081 2115 eo
4114 2049 4357 2115 factum
4393 2056 4499 2114 est
4531 2044 4695 2132 quod

2754 2135 3072 2202 hactenus
3116 2134 3646 2218 exspectavimus
3688 2133 3846 2200 dum
3887 2144 4078 2217 pater
4116 2135 4323 2218 pueri,
4368 2135 4485 2219 qui
4527 2134 4694 2198 Tau-

2752 2221 2881 2287 rini
2921 2228 3039 2298 est,
3082 2221 3449 2304 pecuniam,
3505 2219 3678 2286 sicut
3720 2219 4050 2303 pollicitus
4093 2221 4326 2300 fuerat,
4371 2220 4506 2286 huc
4547 2218 4696 2283 mit-

2750 2313 2938 2373 teret.
3002 2306 3199 2373 Nunc
3232 2326 3411 2383 vero,
3454 2325 3654 2389 quum
3689 2305 3939 2371 tamdiu
3974 2305 4317 2385 distulerit,
4357 2304 4695 2371 consilium

2751 2393 3059 2476 cepimus,
3106 2412 3227 2477 ego
3271 2399 3341 2456 et
3374 2392 3622 2456 amicus
3655 2390 3769 2456 ille
3810 2412 3995 2457 meus
4038 2391 4222 2458 cuius
4267 2391 4504 2474 rogatu
4541 2410 4697 2474 pue-

2749 2500 2897 2543 rum
2941 2477 3063 2543 tibi
3106 2476 3736 2555 commendaveram,
3782 2498 3914 2542 non
3950 2497 4092 2543 esse
4136 2478 4309 2543 ultra
4351 2475 4544 2541 nobis
4578 2474 4696 2540 dif-

2748 2562 3091 2629 ferendum
3143 2564 3305 2647 quin
3364 2583 3514 2627 eum
3571 2563 3792 2629 statim
3834 2582 4305 2629 revocaremus.
4394 2562 4698 2628 Primum

2747 2670 2864 2715 sex
2908 2657 3246 2715 coronatos
3290 2647 3409 2713 tibi
3464 2649 3651 2713 mitto
3707 2646 3885 2713 unde
3939 2648 4324 2731 bibliopolae
4367 2647 4590 2713 solvas
4633 2652 4698 2711 et

2746 2755 2828 2800 ex
2871 2741 3057 2818 parte
3099 2733 3350 2800 scribae
3392 2741 3613 2798 vestro
3667 2732 3749 2797 de
3800 2734 4013 2816 pretio
4056 2735 4271 2800 victus
4313 2733 4697 2801 satisfacias.

2743 2819 3002 2886 Deinde
3044 2839 3204 2904 rogo
3238 2827 3330 2896 ut,
3374 2840 3575 2902 quum
3607 2818 3896 2902 primum
3939 2818 4060 2885 has
4093 2819 4318 2885 literas
4351 2819 4696 2902 receperis,

2744 2905 3097 2972 contrahas
3152 2903 3354 2970 libros
3395 2924 3561 2987 quos
3604 2905 3795 2981 emit,
3847 2911 3915 2969 et
3956 2925 4039 2969 ex
4092 2904 4230 2970 illis
4272 2904 4696 2990 quantulum-

2743 3011 3001 3073 cunque
3043 2989 3288 3074 poteris
3377 2990 3645 3056 ecuniae
3680 2989 3911 3055 saltem
3954 2990 4023 3055 in
4059 2990 4367 3056 viaticum
4405 2991 4511 3056 illi
4546 3009 4698 3055 con-

2743 3077 2957 3156 ficias,
3023 3083 3091 3141 et
3145 3076 3270 3142 sim
3408 3074 3538 3141 huc
3596 3095 3745 3140 eum
3810 3074 3894 3140 ad
3938 3095 4058 3142 nos
4121 3078 4444 3143 remittas.
4534 3076 4698 3143 Peto

2743 3162 2943 3227 etiam
2986 3160 3102 3227 abs
3145 3170 3210 3227 te
3252 3168 3328 3226 ιιι
3367 3161 3594 3243 paucis
3626 3160 3848 3227 verbis
3889 3162 4177 3228 rationes
4220 3162 4499 3247 colligas
4534 3182 4698 3247 quae

2742 3268 2866 3314 nos
2909 3246 3183 3313 doceant
3223 3254 3541 3330 quantum
3597 3246 3852 3312 scribae
3894 3245 4253 3314 debebitur.
4340 3249 4495 3334 Ego
4539 3267 4696 3314 vero

2743 3333 2913 3416 quod
2948 3332 3221 3398 restabit
3253 3331 3490 3397 curabo
3521 3332 3595 3396 in
3629 3338 3922 3415 tempore
3956 3342 4395 3400 numeratum.
4441 3335 4698 3400 Verum

2740 3418 2947 3485 nolim
2988 3418 3192 3484 ullam
3250 3417 3324 3482 in
3373 3416 3581 3483 literis
3632 3419 4036 3483 mentionem
4089 3420 4288 3486 facias
4341 3441 4469 3487 sex
4512 3437 4694 3485 coro-

2740 3513 3063 3570 natorum.
3153 3501 3287 3568 Eos
3329 3503 3507 3567 enim
3543 3500 3623 3568 de
3664 3523 3812 3568 meo
3853 3503 4051 3570 solvo.
4140 3505 4371 3589 Itaque
4415 3504 4597 3572 malo
4630 3511 4698 3570 et

2738 3597 3011 3672 patrem,
3054 3596 3123 3652 et
3162 3608 3316 3653 eum
3356 3588 3428 3651 in
3472 3588 3660 3654 ouius
3713 3590 3998 3672 gratiam
4136 3611 4176 3656 o
4228 3590 4433 3657 fidem
4479 3609 4695 3657 meam

2739 3675 3128 3756 interposui,
3183 3672 3561 3739 existimare
3614 3674 3832 3742 adhuc
3875 3676 4021 3741 istic
4118 3677 4326 3756 eberi,
4381 3697 4519 3761 quo
4562 3676 4698 3742 sint

2740 3760 2827 3825 ad
2880 3757 3285 3825 reddendum
3339 3760 3791 3843 promptiores.
3878 3761 4194 3845 Inprimis
4251 3769 4482 3828 autem
4540 3781 4695 3846 rogo

2740 3852 2818 3909 ut
2858 3866 2966 3910 me
3008 3855 3390 3910 excusatum
3447 3845 3686 3912 habeas
3728 3844 3902 3928 quod
3945 3846 4117 3912 hanc
4156 3848 4274 3914 tibi
4317 3848 4696 3914 molestiam

2741 3930 3170 3997 exhibuerim.
3259 3930 3569 4008 Puerum,
3615 3932 3784 3997 sicut
3825 3932 3957 3995 iam
4002 3932 4157 4011 dixi,
4200 3934 4303 4000 fac
4342 3942 4424 3999 ut
4467 3933 4695 4001 statim

2741 4016 3055 4093 remittas,
3098 4035 3184 4081 ne
3226 4015 3391 4079 mihi
3438 4018 3665 4082 maiori
3711 4017 3800 4082 sit
3839 4017 4054 4083 fraudi
4095 4018 4351 4103 longior
4397 4040 4607 4085 mora.

2909 4101 3090 4168 Puer
3132 4108 3355 4167 autem
3398 4123 3591 4185 quem
3636 4113 3711 4167 tu
3752 4101 3918 4167 mihi
3961 4105 4459 4183 commendasti,
4504 4123 4693 4188 prae-

2711 4187 3039 4270 ‘terquam
3111 4185 3284 4270 quod
3353 4186 3554 4253 habet
3616 4187 3940 4271 hospitem
3993 4188 4269 4274 probum
4339 4191 4575 4257 virum
4625 4195 4694 4256 et

2738 4272 3131 4350 humanum,
3200 4271 3364 4337 mihi
3433 4274 3628 4339 etiam
3700 4293 3896 4339 curae
3968 4275 4110 4340 erit.
4209 4275 4269 4341 E
4317 4296 4355 4340 o
4413 4286 4488 4341 et
4542 4296 4693 4343 cum

2737 4359 2899 4440 ipsc,
2945 4367 3014 4423 et
3046 4379 3196 4423 cum
3231 4355 3602 4444 paedagogo
3635 4380 3829 4443 quem
3864 4358 4039 4426 domi
4081 4381 4238 4425 snae
4320 4361 4497 4439 abet,
4544 4360 4691 4426 dili-

2736 4452 2968 4528 genter
3020 4444 3142 4527 egi.
3234 4445 3324 4509 Et
3388 4446 3639 4527 quoties
3693 4465 3858 4527 opus
3902 4446 4029 4510 erit
4091 4453 4450 4530 utrumque
4513 4467 4691 4514 com-

2735 4529 3177 4595 monefaciam.
3265 4528 3454 4608 Vale,
3499 4530 3938 4596 eruditissime
3993 4532 4098 4597 vir
4154 4538 4222 4598 et
4263 4533 4480 4599 amice
4521 4534 4691 4600 inte-

2734 4616 3017 4699 gerrime
3060 4637 3136 4681 ac
3178 4615 3345 4680 mihi
3387 4615 3809 4683 observande.
3877 4615 4112 4684 Saluta
4154 4617 4512 4702 diligenter
4546 4637 4691 4684 meo

2735 4701 3001 4767 nomine
3043 4701 3282 4766 fratres
3323 4722 3565 4767 omnes.
3655 4703 3981 4767 Dominus
4034 4724 4153 4769 vos
4194 4723 4459 4787 semper

2736 4786 2976 4940 giuque
3007 4785 3207 4956 ὗιοιὶἰίε
3249 4798 3470 4853 servet
3509 4788 3883 4854 incolumes.
3951 4787 4263 4856 Genevae
4307 4793 4364 4854 6.
4408 4787 4687 4857 Galend.

2792 4882 3007 4957 eptem
3051 4922 3067 4937 .

3648 4958 3931 5026 Ioannes
3973 4959 4292 5027 Calvinus
4331 4968 4513 5029 tuus.

2739 5083 2898 5190 “gm-
2937 5128 2993 5194 1)
3034 5127 3401 5184 Prahabo'liter
3443 5128 3580 5183 haee
3620 5129 3833 5199 scripta
3874 5131 3989 5200 fuit
4020 5136 4314 5202 antequam
4345 5132 4683 5200 praecedens

2730 5196 4685 5322 weriffonmmperoenioeet,velsaltemmdlainteroedente
