<?xml version="1.0" encoding="UTF-8"?>
<!DOCTYPE html PUBLIC "-//W3C//DTD XHTML 1.0 Transitional//EN"
    "http://www.w3.org/TR/xhtml1/DTD/xhtml1-transitional.dtd">
<html xmlns="http://www.w3.org/1999/xhtml" xml:lang="en" lang="en">
 <head>
  <title>
</title>
<meta http-equiv="Content-Type" content="text/html;charset=utf-8" />
  <meta name='ocr-system' content='tesseract 3.04.00' />
  <meta name='ocr-capabilities' content='ocr_page ocr_carea ocr_par ocr_line ocrx_word'/>
</head>
<body>
  <div class='ocr_page' id='page_1' title='image "./ioanniscalvinio13unkngoog_0388.png"; bbox 0 0 5050 6167; ppageno 0'>
   <div class='ocr_carea' id='block_1_1' title="bbox 69 5 107 2126">
    <p class='ocr_par' dir='ltr' id='par_1_1' title="bbox 69 5 107 2126">
     <span class='ocr_line' id='line_1_1' title="bbox 69 5 107 2126; baseline 0 0"><span class='ocrx_word' id='word_1_1' title='bbox 69 5 107 2126; x_wconf 95' lang='lat' dir='ltr'><strong> </strong></span> 
     </span>
    </p>
   </div>
   <div class='ocr_carea' id='block_1_2' title="bbox 730 423 855 490">
    <p class='ocr_par' dir='ltr' id='par_1_2' title="bbox 730 423 855 490">
     <span class='ocr_line' id='line_1_2' title="bbox 730 423 855 490; baseline -0.016 0"><span class='ocrx_word' id='word_1_2' title='bbox 730 423 855 490; x_wconf 76' lang='lat'><strong>&#39;747</strong></span> 
     </span>
    </p>
   </div>
   <div class='ocr_carea' id='block_1_3' title="bbox 730 599 2690 4282">
    <p class='ocr_par' dir='ltr' id='par_1_3' title="bbox 730 599 2680 1204">
     <span class='ocr_line' id='line_1_3' title="bbox 730 599 2672 683; baseline -0.009 -2"><span class='ocrx_word' id='word_1_3' title='bbox 730 610 1076 681; x_wconf 88' lang='lat' dir='ltr'><strong>consilium</strong></span> <span class='ocrx_word' id='word_1_4' title='bbox 1120 606 1488 674; x_wconf 89' lang='lat' dir='ltr'><strong>huiusmodi</strong></span> <span class='ocrx_word' id='word_1_5' title='bbox 1523 627 1754 674; x_wconf 90' lang='lat' dir='ltr'><strong>causas</strong></span> <span class='ocrx_word' id='word_1_6' title='bbox 1789 603 2048 683; x_wconf 78' lang='lat' dir='ltr'><strong>deferri,</strong></span> <span class='ocrx_word' id='word_1_7' title='bbox 2094 625 2170 670; x_wconf 89' lang='lat' dir='ltr'><strong>ac</strong></span> <span class='ocrx_word' id='word_1_8' title='bbox 2206 603 2332 669; x_wconf 93' lang='lat' dir='ltr'><strong>sibi</strong></span> <span class='ocrx_word' id='word_1_9' title='bbox 2372 599 2489 666; x_wconf 90' lang='lat' dir='ltr'><strong>uni</strong></span> <span class='ocrx_word' id='word_1_10' title='bbox 2522 619 2672 680; x_wconf 88' lang='lat' dir='ltr'><strong>cog-</strong></span> 
     </span>
     <span class='ocr_line' id='line_1_4' title="bbox 734 683 2671 777; baseline -0.009 -14"><span class='ocrx_word' id='word_1_11' title='bbox 734 698 1068 774; x_wconf 90' lang='lat' dir='ltr'><strong>nitionem,</strong></span> <span class='ocrx_word' id='word_1_12' title='bbox 1112 705 1182 760; x_wconf 91' lang='lat' dir='ltr'><strong>et</strong></span> <span class='ocrx_word' id='word_1_13' title='bbox 1219 693 1456 777; x_wconf 87' lang='lat' dir='ltr'><strong>quibus</strong></span> <span class='ocrx_word' id='word_1_14' title='bbox 1498 692 1906 759; x_wconf 88' lang='lat' dir='ltr'><strong>committere</strong></span> <span class='ocrx_word' id='word_1_15' title='bbox 1948 690 2243 767; x_wconf 88' lang='lat' dir='ltr'><strong>voluerit,</strong></span> <span class='ocrx_word' id='word_1_16' title='bbox 2290 683 2671 754; x_wconf 79' lang='lat' dir='ltr'><strong>reservavit.</strong></span> 
     </span>
     <span class='ocr_line' id='line_1_5' title="bbox 733 768 2677 864; baseline -0.008 -16"><span class='ocrx_word' id='word_1_17' title='bbox 733 782 934 849; x_wconf 77' lang='lat' dir='ltr'><strong>Iussit</strong></span> <span class='ocrx_word' id='word_1_18' title='bbox 976 791 1313 864; x_wconf 88' lang='lat' dir='ltr'><strong>praeterea</strong></span> <span class='ocrx_word' id='word_1_19' title='bbox 1368 777 1660 862; x_wconf 89' lang='lat' dir='ltr'><strong>captivos</strong></span> <span class='ocrx_word' id='word_1_20' title='bbox 1704 797 1930 842; x_wconf 91' lang='lat' dir='ltr'><strong>omnes</strong></span> <span class='ocrx_word' id='word_1_21' title='bbox 1972 774 2125 842; x_wconf 87' lang='lat' dir='ltr'><strong>fidei</strong></span> <span class='ocrx_word' id='word_1_22' title='bbox 2169 795 2366 841; x_wconf 87' lang='lat' dir='ltr'><strong>causa</strong></span> <span class='ocrx_word' id='word_1_23' title='bbox 2408 768 2677 836; x_wconf 90' lang='lat' dir='ltr'><strong>liberari</strong></span> 
     </span>
     <span class='ocr_line' id='line_1_6' title="bbox 732 855 2677 949; baseline -0.01 -12"><span class='ocrx_word' id='word_1_24' title='bbox 732 878 802 937; x_wconf 87' lang='lat' dir='ltr'><strong>et</strong></span> <span class='ocrx_word' id='word_1_25' title='bbox 832 867 1087 934; x_wconf 90' lang='lat' dir='ltr'><strong>restitui</strong></span> <span class='ocrx_word' id='word_1_26' title='bbox 1127 867 1364 949; x_wconf 90' lang='lat' dir='ltr'><strong>cuique</strong></span> <span class='ocrx_word' id='word_1_27' title='bbox 1399 885 1549 931; x_wconf 88' lang='lat' dir='ltr'><strong>suas</strong></span> <span class='ocrx_word' id='word_1_28' title='bbox 1584 863 1941 939; x_wconf 85' lang='lat' dir='ltr'><strong>facultates,</strong></span> <span class='ocrx_word' id='word_1_29' title='bbox 1986 882 2062 928; x_wconf 92' lang='lat' dir='ltr'><strong>ac</strong></span> <span class='ocrx_word' id='word_1_30' title='bbox 2104 859 2405 926; x_wconf 91' lang='lat' dir='ltr'><strong>omnibus</strong></span> <span class='ocrx_word' id='word_1_31' title='bbox 2442 855 2677 940; x_wconf 90' lang='lat' dir='ltr'><strong>quibus</strong></span> 
     </span>
     <span class='ocr_line' id='line_1_7' title="bbox 733 940 2680 1038; baseline -0.009 -17"><span class='ocrx_word' id='word_1_32' title='bbox 733 953 1069 1038; x_wconf 86' lang='lat' dir='ltr'><strong>religionis</strong></span> <span class='ocrx_word' id='word_1_33' title='bbox 1132 959 1481 1036; x_wconf 79' lang='lat' dir='ltr'><strong>praetextu</strong></span> <span class='ocrx_word' id='word_1_34' title='bbox 1534 949 1877 1031; x_wconf 83' lang='lat' dir='ltr'><strong>ademptae</strong></span> <span class='ocrx_word' id='word_1_35' title='bbox 1931 954 2118 1025; x_wconf 90' lang='lat' dir='ltr'><strong>sunt,</strong></span> <span class='ocrx_word' id='word_1_36' title='bbox 2186 945 2390 1011; x_wconf 88' lang='lat' dir='ltr'><strong>donec</strong></span> <span class='ocrx_word' id='word_1_37' title='bbox 2455 940 2680 1007; x_wconf 84' lang='lat' dir='ltr'><strong>omnia</strong></span> 
     </span>
     <span class='ocr_line' id='line_1_8' title="bbox 780 1026 2675 1122; baseline -0.008 -17"><span class='ocrx_word' id='word_1_38' title='bbox 780 1040 938 1106; x_wconf 92' lang='lat' dir='ltr'><strong>robe</strong></span> <span class='ocrx_word' id='word_1_39' title='bbox 994 1039 1305 1122; x_wconf 89' lang='lat' dir='ltr'><strong>cognorit.</strong></span> <span class='ocrx_word' id='word_1_40' title='bbox 1405 1035 1657 1101; x_wconf 80' lang='lat' dir='ltr'><strong>Saltem</strong></span> <span class='ocrx_word' id='word_1_41' title='bbox 1714 1033 2131 1118; x_wconf 89' lang='lat' dir='ltr'><strong>respirabunt</strong></span> <span class='ocrx_word' id='word_1_42' title='bbox 2183 1031 2507 1112; x_wconf 79' lang='lat' dir='ltr'><strong>tantisper</strong></span> <span class='ocrx_word' id='word_1_43' title='bbox 2567 1026 2675 1108; x_wconf 90' lang='lat' dir='ltr'><strong>pii.</strong></span> 
     </span>
     <span class='ocr_line' id='line_1_9' title="bbox 824 1116 2679 1204; baseline -0.008 -13"><span class='ocrx_word' id='word_1_44' title='bbox 824 1136 1002 1191; x_wconf 89' lang='lat' dir='ltr'><strong>terea</strong></span> <span class='ocrx_word' id='word_1_45' title='bbox 1045 1124 1374 1190; x_wconf 82' lang='lat' dir='ltr'>Dominus</span> <span class='ocrx_word' id='word_1_46' title='bbox 1418 1121 1636 1204; x_wconf 86' lang='lat' dir='ltr'><strong>aliqua</strong></span> <span class='ocrx_word' id='word_1_47' title='bbox 1671 1120 1925 1185; x_wconf 90' lang='lat' dir='ltr'><strong>ratione</strong></span> <span class='ocrx_word' id='word_1_48' title='bbox 1974 1138 2131 1184; x_wconf 89' lang='lat' dir='ltr'><strong>suae</strong></span> <span class='ocrx_word' id='word_1_49' title='bbox 2167 1116 2479 1184; x_wconf 85' lang='lat' dir='ltr'><strong>ecclesiae</strong></span> <span class='ocrx_word' id='word_1_50' title='bbox 2533 1133 2679 1195; x_wconf 89' lang='lat' dir='ltr'><strong>pro-</strong></span> 
     </span>
    </p>

    <p class='ocr_par' dir='ltr' id='par_1_4' title="bbox 731 1211 2690 3261">
     <span class='ocr_line' id='line_1_10' title="bbox 731 1211 980 1280; baseline -0.016 0"><span class='ocrx_word' id='word_1_51' title='bbox 731 1232 769 1280; x_wconf 85' lang='lat' dir='ltr'><strong>s</strong></span> <span class='ocrx_word' id='word_1_52' title='bbox 810 1211 980 1279; x_wconf 90' lang='lat' dir='ltr'><strong>iciet.</strong></span> 
     </span>
     <span class='ocr_line' id='line_1_11' title="bbox 766 1233 2681 1370; baseline -0.008 -6"><span class='ocrx_word' id='word_1_53' title='bbox 766 1233 810 1296; x_wconf 70' lang='lat' dir='ltr'>p</span> <span class='ocrx_word' id='word_1_54' title='bbox 905 1295 1232 1363; x_wconf 77' lang='lat' dir='ltr'>Audimus</span> <span class='ocrx_word' id='word_1_55' title='bbox 1288 1296 1360 1358; x_wconf 91' lang='lat' dir='ltr'><strong>in</strong></span> <span class='ocrx_word' id='word_1_56' title='bbox 1402 1292 1759 1359; x_wconf 80' lang='lat' dir='ltr'><strong>Germania</strong></span> <span class='ocrx_word' id='word_1_57' title='bbox 1812 1290 2118 1355; x_wconf 88' lang='lat' dir='ltr'><strong>inferiore</strong></span> <span class='ocrx_word' id='word_1_58' title='bbox 2170 1308 2311 1354; x_wconf 90' lang='lat' dir='ltr'><strong>esse</strong></span> <span class='ocrx_word' id='word_1_59' title='bbox 2355 1282 2681 1370; x_wconf 84' lang='lat' dir='ltr'><strong>quoddam</strong></span> 
     </span>
     <span class='ocr_line' id='line_1_12' title="bbox 737 1372 2681 1462; baseline -0.009 -13"><span class='ocrx_word' id='word_1_60' title='bbox 737 1403 990 1449; x_wconf 90' lang='lat' dir='ltr'><strong>novum</strong></span> <span class='ocrx_word' id='word_1_61' title='bbox 1033 1379 1633 1462; x_wconf 81' lang='lat' dir='ltr'><strong>Catabaptistarum</strong></span> <span class='ocrx_word' id='word_1_62' title='bbox 1677 1397 1888 1460; x_wconf 91' lang='lat' dir='ltr'><strong>genus</strong></span> <span class='ocrx_word' id='word_1_63' title='bbox 1946 1396 2109 1457; x_wconf 91' lang='lat' dir='ltr'><strong>quos</strong></span> <span class='ocrx_word' id='word_1_64' title='bbox 2152 1372 2530 1438; x_wconf 83' lang='lat' dir='ltr'><strong>Libertinos</strong></span> <span class='ocrx_word' id='word_1_65' title='bbox 2574 1390 2681 1433; x_wconf 90' lang='lat' dir='ltr'><strong>vo-</strong></span> 
     </span>
     <span class='ocr_line' id='line_1_13' title="bbox 734 1453 2683 1548; baseline -0.009 -13"><span class='ocrx_word' id='word_1_66' title='bbox 734 1479 905 1548; x_wconf 87' lang='lat' dir='ltr'><strong>cant,</strong></span> <span class='ocrx_word' id='word_1_67' title='bbox 925 1471 985 1544; x_wconf 84' lang='lat'><strong>⁴)</strong></span> <span class='ocrx_word' id='word_1_68' title='bbox 1030 1466 1294 1532; x_wconf 90' lang='lat' dir='ltr'><strong>turbare</strong></span> <span class='ocrx_word' id='word_1_69' title='bbox 1336 1466 1476 1548; x_wconf 88' lang='lat' dir='ltr'><strong>pias</strong></span> <span class='ocrx_word' id='word_1_70' title='bbox 1518 1473 1770 1528; x_wconf 88' lang='lat' dir='ltr'><strong>mentes</strong></span> <span class='ocrx_word' id='word_1_71' title='bbox 1804 1471 1871 1526; x_wconf 88' lang='lat' dir='ltr'><strong>et</strong></span> <span class='ocrx_word' id='word_1_72' title='bbox 1905 1459 2324 1543; x_wconf 88' lang='lat' dir='ltr'><strong>evangelium</strong></span> <span class='ocrx_word' id='word_1_73' title='bbox 2367 1453 2683 1522; x_wconf 89' lang='lat' dir='ltr'><strong>remorari</strong></span> 
     </span>
     <span class='ocr_line' id='line_1_14' title="bbox 736 1541 2683 1638; baseline -0.009 -17"><span class='ocrx_word' id='word_1_74' title='bbox 736 1575 937 1638; x_wconf 88' lang='lat' dir='ltr'><strong>supra</strong></span> <span class='ocrx_word' id='word_1_75' title='bbox 977 1573 1175 1636; x_wconf 90' lang='lat' dir='ltr'><strong>quam</strong></span> <span class='ocrx_word' id='word_1_76' title='bbox 1217 1551 1516 1633; x_wconf 89' lang='lat' dir='ltr'><strong>cuiquam</strong></span> <span class='ocrx_word' id='word_1_77' title='bbox 1568 1549 1655 1613; x_wconf 89' lang='lat' dir='ltr'><strong>sit</strong></span> <span class='ocrx_word' id='word_1_78' title='bbox 1694 1544 2031 1613; x_wconf 79' lang='lat' dir='ltr'><strong>credibile:</strong></span> <span class='ocrx_word' id='word_1_79' title='bbox 2089 1544 2285 1628; x_wconf 89' lang='lat' dir='ltr'><strong>idque</strong></span> <span class='ocrx_word' id='word_1_80' title='bbox 2339 1541 2683 1607; x_wconf 83' lang='lat' dir='ltr'><strong>didicimus</strong></span> 
     </span>
     <span class='ocr_line' id='line_1_15' title="bbox 739 1625 2682 1720; baseline -0.009 -14"><span class='ocrx_word' id='word_1_81' title='bbox 739 1662 781 1706; x_wconf 93' lang='lat' dir='ltr'><strong>a</strong></span> <span class='ocrx_word' id='word_1_82' title='bbox 834 1639 963 1704; x_wconf 90' lang='lat' dir='ltr'><strong>fido</strong></span> <span class='ocrx_word' id='word_1_83' title='bbox 1015 1636 1411 1720; x_wconf 85' lang='lat' dir='ltr'><strong>dignissimis</strong></span> <span class='ocrx_word' id='word_1_84' title='bbox 1468 1633 1743 1700; x_wconf 90' lang='lat' dir='ltr'><strong>testibus</strong></span> <span class='ocrx_word' id='word_1_85' title='bbox 1798 1631 2075 1698; x_wconf 88' lang='lat' dir='ltr'><strong>oculatis</strong></span> <span class='ocrx_word' id='word_1_86' title='bbox 2132 1641 2198 1695; x_wconf 92' lang='lat' dir='ltr'><strong>et</strong></span> <span class='ocrx_word' id='word_1_87' title='bbox 2254 1628 2511 1705; x_wconf 91' lang='lat' dir='ltr'><strong>auritis,</strong></span> <span class='ocrx_word' id='word_1_88' title='bbox 2572 1625 2682 1708; x_wconf 90' lang='lat' dir='ltr'><strong>qui</strong></span> 
     </span>
     <span class='ocr_line' id='line_1_16' title="bbox 734 1716 2685 1807; baseline -0.008 -17"><span class='ocrx_word' id='word_1_89' title='bbox 734 1746 818 1792; x_wconf 85' lang='lat' dir='ltr'><strong>ea</strong></span> <span class='ocrx_word' id='word_1_90' title='bbox 856 1723 1264 1807; x_wconf 89' lang='lat' dir='ltr'><strong>potissimum</strong></span> <span class='ocrx_word' id='word_1_91' title='bbox 1308 1722 1520 1806; x_wconf 84' lang='lat' dir='ltr'><strong>gratia</strong></span> <span class='ocrx_word' id='word_1_92' title='bbox 1561 1719 1691 1784; x_wconf 91' lang='lat' dir='ltr'><strong>huc</strong></span> <span class='ocrx_word' id='word_1_93' title='bbox 1734 1716 1819 1784; x_wconf 91' lang='lat' dir='ltr'><strong>ad</strong></span> <span class='ocrx_word' id='word_1_94' title='bbox 1861 1738 1979 1783; x_wconf 91' lang='lat' dir='ltr'><strong>nos</strong></span> <span class='ocrx_word' id='word_1_95' title='bbox 2022 1738 2092 1782; x_wconf 89' lang='lat' dir='ltr'><strong>se</strong></span> <span class='ocrx_word' id='word_1_96' title='bbox 2136 1721 2552 1797; x_wconf 91' lang='lat' dir='ltr'><strong>receperunt,</strong></span> <span class='ocrx_word' id='word_1_97' title='bbox 2609 1717 2685 1775; x_wconf 90' lang='lat' dir='ltr'><strong>ut</strong></span> 
     </span>
     <span class='ocr_line' id='line_1_17' title="bbox 848 1799 2686 1883; baseline -0.009 -7"><span class='ocrx_word' id='word_1_98' title='bbox 848 1809 993 1878; x_wconf 88' lang='lat' dir='ltr'><strong>licis</strong></span> <span class='ocrx_word' id='word_1_99' title='bbox 1051 1806 1283 1874; x_wconf 89' lang='lat' dir='ltr'><strong>libellis</strong></span> <span class='ocrx_word' id='word_1_100' title='bbox 1340 1825 1867 1872; x_wconf 76' lang='lat' dir='ltr'><strong>succurreremus</strong></span> <span class='ocrx_word' id='word_1_101' title='bbox 1925 1801 2186 1879; x_wconf 86' lang='lat' dir='ltr'><strong>vicinis,</strong></span> <span class='ocrx_word' id='word_1_102' title='bbox 2242 1799 2470 1883; x_wconf 86' lang='lat' dir='ltr'><strong>quales</strong></span> <span class='ocrx_word' id='word_1_103' title='bbox 2530 1803 2686 1861; x_wconf 90' lang='lat' dir='ltr'><strong>sunt</strong></span> 
     </span>
     <span class='ocr_line' id='line_1_18' title="bbox 804 1884 2683 1971; baseline -0.008 -11"><span class='ocrx_word' id='word_1_104' title='bbox 804 1893 1153 1971; x_wconf 88' lang='lat' dir='ltr'><strong>eodienses,</strong></span> <span class='ocrx_word' id='word_1_105' title='bbox 1190 1893 1651 1968; x_wconf 81' lang='lat' dir='ltr'><strong>Tornacenses,</strong></span> <span class='ocrx_word' id='word_1_106' title='bbox 1692 1887 2075 1954; x_wconf 86' lang='lat' dir='ltr'><strong>Valentiani</strong></span> <span class='ocrx_word' id='word_1_107' title='bbox 2104 1895 2172 1951; x_wconf 91' lang='lat' dir='ltr'><strong>et</strong></span> <span class='ocrx_word' id='word_1_108' title='bbox 2205 1886 2316 1952; x_wconf 91' lang='lat' dir='ltr'><strong>alii</strong></span> <span class='ocrx_word' id='word_1_109' title='bbox 2351 1884 2419 1950; x_wconf 91' lang='lat' dir='ltr'><strong>id</strong></span> <span class='ocrx_word' id='word_1_110' title='bbox 2455 1902 2683 1967; x_wconf 87' lang='lat' dir='ltr'><strong>genus,</strong></span> 
     </span>
     <span class='ocr_line' id='line_1_19' title="bbox 738 1967 2685 2062; baseline -0.008 -15"><span class='ocrx_word' id='word_1_111' title='bbox 738 1982 914 2047; x_wconf 90' lang='lat' dir='ltr'><strong>inter</strong></span> <span class='ocrx_word' id='word_1_112' title='bbox 954 2000 1117 2062; x_wconf 91' lang='lat' dir='ltr'><strong>quos</strong></span> <span class='ocrx_word' id='word_1_113' title='bbox 1158 1979 1362 2060; x_wconf 89' lang='lat' dir='ltr'><strong>pestis</strong></span> <span class='ocrx_word' id='word_1_114' title='bbox 1403 1977 1518 2042; x_wconf 90' lang='lat' dir='ltr'><strong>illa</strong></span> <span class='ocrx_word' id='word_1_115' title='bbox 1554 1975 1873 2059; x_wconf 87' lang='lat' dir='ltr'><strong>plurimos</strong></span> <span class='ocrx_word' id='word_1_116' title='bbox 1916 1973 2142 2039; x_wconf 88' lang='lat' dir='ltr'><strong>inficit.</strong></span> <span class='ocrx_word' id='word_1_117' title='bbox 2215 1969 2518 2037; x_wconf 76' lang='lat' dir='ltr'><strong>Calvinus</strong></span> <span class='ocrx_word' id='word_1_118' title='bbox 2550 1967 2685 2031; x_wconf 89' lang='lat' dir='ltr'><strong>iam</strong></span> 
     </span>
     <span class='ocr_line' id='line_1_20' title="bbox 739 2054 2686 2149; baseline -0.007 -17"><span class='ocrx_word' id='word_1_119' title='bbox 739 2066 1002 2149; x_wconf 76' lang='lat' dir='ltr'><strong>scripsit</strong></span> <span class='ocrx_word' id='word_1_120' title='bbox 1052 2063 1344 2129; x_wconf 91' lang='lat' dir='ltr'><strong>libellum</strong></span> <span class='ocrx_word' id='word_1_121' title='bbox 1408 2064 1480 2127; x_wconf 92' lang='lat' dir='ltr'><strong>in</strong></span> <span class='ocrx_word' id='word_1_122' title='bbox 1549 2082 1660 2127; x_wconf 91' lang='lat' dir='ltr'><strong>eos</strong></span> <span class='ocrx_word' id='word_1_123' title='bbox 1715 2082 1874 2145; x_wconf 92' lang='lat' dir='ltr'><strong>quos</strong></span> <span class='ocrx_word' id='word_1_124' title='bbox 1928 2059 2155 2142; x_wconf 91' lang='lat' dir='ltr'><strong>propie</strong></span> <span class='ocrx_word' id='word_1_125' title='bbox 2198 2054 2686 2137; x_wconf 83' lang='lat' dir='ltr'><strong>Catabaptistas</strong></span> 
     </span>
     <span class='ocr_line' id='line_1_21' title="bbox 739 2141 2686 2226; baseline -0.009 -8"><span class='ocrx_word' id='word_1_126' title='bbox 739 2172 1069 2223; x_wconf 84' lang='lat' dir='ltr'><strong>vocamus.</strong></span> <span class='ocrx_word' id='word_1_127' title='bbox 1115 2170 1191 2215; x_wconf 90' lang='lat' dir='ltr'><strong>ac</strong></span> <span class='ocrx_word' id='word_1_128' title='bbox 1232 2170 1303 2214; x_wconf 91' lang='lat' dir='ltr'><strong>se</strong></span> <span class='ocrx_word' id='word_1_129' title='bbox 1345 2167 1519 2226; x_wconf 86' lang='lat' dir='ltr'><strong>mox,</strong></span> <span class='ocrx_word' id='word_1_130' title='bbox 1564 2148 1620 2213; x_wconf 91' lang='lat' dir='ltr'><strong>si</strong></span> <span class='ocrx_word' id='word_1_131' title='bbox 1660 2146 1831 2223; x_wconf 90' lang='lat' dir='ltr'><strong>licet,</strong></span> <span class='ocrx_word' id='word_1_132' title='bbox 1875 2147 1947 2210; x_wconf 89' lang='lat' dir='ltr'><strong>in</strong></span> <span class='ocrx_word' id='word_1_133' title='bbox 1991 2143 2368 2209; x_wconf 84' lang='lat' dir='ltr'><strong>Libertinos</strong></span> <span class='ocrx_word' id='word_1_134' title='bbox 2410 2141 2686 2221; x_wconf 88' lang='lat' dir='ltr'><strong>scriptu-</strong></span> 
     </span>
     <span class='ocr_line' id='line_1_22' title="bbox 738 2229 2685 2320; baseline -0.007 -17"><span class='ocrx_word' id='word_1_135' title='bbox 738 2257 889 2303; x_wconf 88' lang='lat' dir='ltr'><strong>rum</strong></span> <span class='ocrx_word' id='word_1_136' title='bbox 909 2236 1268 2320; x_wconf 88' lang='lat' dir='ltr'><strong>pollicetur.</strong></span> <span class='ocrx_word' id='word_1_137' title='bbox 1336 2235 1645 2317; x_wconf 89' lang='lat' dir='ltr'><strong>Longum</strong></span> <span class='ocrx_word' id='word_1_138' title='bbox 1666 2241 1839 2298; x_wconf 88' lang='lat' dir='ltr'><strong>esset</strong></span> <span class='ocrx_word' id='word_1_139' title='bbox 1856 2251 2084 2297; x_wconf 91' lang='lat' dir='ltr'><strong>eorum</strong></span> <span class='ocrx_word' id='word_1_140' title='bbox 2128 2229 2430 2293; x_wconf 89' lang='lat' dir='ltr'><strong>haereses</strong></span> <span class='ocrx_word' id='word_1_141' title='bbox 2464 2245 2685 2307; x_wconf 90' lang='lat' dir='ltr'><strong>perse-</strong></span> 
     </span>
     <span class='ocr_line' id='line_1_23' title="bbox 739 2308 2686 2407; baseline -0.008 -18"><span class='ocrx_word' id='word_1_142' title='bbox 739 2323 871 2407; x_wconf 90' lang='lat' dir='ltr'><strong>qui.</strong></span> <span class='ocrx_word' id='word_1_143' title='bbox 957 2320 1272 2386; x_wconf 90' lang='lat' dir='ltr'><strong>Haeresis</strong></span> <span class='ocrx_word' id='word_1_144' title='bbox 1315 2328 1418 2384; x_wconf 86' lang='lat' dir='ltr'><strong>est</strong></span> <span class='ocrx_word' id='word_1_145' title='bbox 1450 2340 1535 2384; x_wconf 85' lang='lat' dir='ltr'><strong>ex</strong></span> <span class='ocrx_word' id='word_1_146' title='bbox 1578 2318 1900 2394; x_wconf 87' lang='lat' dir='ltr'><strong>omnibus,</strong></span> <span class='ocrx_word' id='word_1_147' title='bbox 1946 2325 2025 2380; x_wconf 88' lang='lat' dir='ltr'><strong>ut</strong></span> <span class='ocrx_word' id='word_1_148' title='bbox 2064 2312 2348 2390; x_wconf 89' lang='lat' dir='ltr'><strong>videtur,</strong></span> <span class='ocrx_word' id='word_1_149' title='bbox 2394 2308 2686 2376; x_wconf 86' lang='lat' dir='ltr'><strong>haeresi-</strong></span> 
     </span>
     <span class='ocr_line' id='line_1_24' title="bbox 738 2395 2689 2489; baseline -0.009 -14"><span class='ocrx_word' id='word_1_150' title='bbox 738 2408 863 2475; x_wconf 89' lang='lat' dir='ltr'><strong>bus</strong></span> <span class='ocrx_word' id='word_1_151' title='bbox 924 2408 1135 2489; x_wconf 89' lang='lat' dir='ltr'><strong>iisque</strong></span> <span class='ocrx_word' id='word_1_152' title='bbox 1198 2404 1679 2471; x_wconf 85' lang='lat' dir='ltr'><strong>absurdissimis</strong></span> <span class='ocrx_word' id='word_1_153' title='bbox 1743 2400 2209 2470; x_wconf 89' lang='lat' dir='ltr'><strong>consarcinata.</strong></span> <span class='ocrx_word' id='word_1_154' title='bbox 2321 2395 2689 2479; x_wconf 91' lang='lat' dir='ltr'><strong>Occupavit</strong></span> 
     </span>
     <span class='ocr_line' id='line_1_25' title="bbox 740 2482 2683 2559; baseline -0.007 -1"><span class='ocrx_word' id='word_1_155' title='bbox 740 2503 810 2559; x_wconf 91' lang='lat' dir='ltr'><strong>et</strong></span> <span class='ocrx_word' id='word_1_156' title='bbox 849 2494 921 2558; x_wconf 94' lang='lat' dir='ltr'><strong>in</strong></span> <span class='ocrx_word' id='word_1_157' title='bbox 965 2491 1189 2558; x_wconf 84' lang='lat' dir='ltr'><strong>Gallia</strong></span> <span class='ocrx_word' id='word_1_158' title='bbox 1230 2491 1586 2555; x_wconf 90' lang='lat' dir='ltr'><strong>multorum</strong></span> <span class='ocrx_word' id='word_1_159' title='bbox 1639 2489 1892 2553; x_wconf 85' lang='lat' dir='ltr'><strong>animos</strong></span> <span class='ocrx_word' id='word_1_160' title='bbox 1934 2483 2319 2551; x_wconf 87' lang='lat' dir='ltr'><strong>detestanda</strong></span> <span class='ocrx_word' id='word_1_161' title='bbox 2355 2484 2483 2548; x_wconf 89' lang='lat' dir='ltr'><strong>ista</strong></span> <span class='ocrx_word' id='word_1_162' title='bbox 2523 2482 2683 2546; x_wconf 88' lang='lat' dir='ltr'><strong>lues.</strong></span> 
     </span>
     <span class='ocr_line' id='line_1_26' title="bbox 737 2565 2690 2660; baseline -0.008 -15"><span class='ocrx_word' id='word_1_163' title='bbox 737 2579 1103 2645; x_wconf 88' lang='lat' dir='ltr'><strong>Hominum</strong></span> <span class='ocrx_word' id='word_1_164' title='bbox 1154 2597 1359 2660; x_wconf 88' lang='lat' dir='ltr'><strong>genus</strong></span> <span class='ocrx_word' id='word_1_165' title='bbox 1413 2573 2027 2658; x_wconf 89' lang='lat' dir='ltr'><strong>periculosissimum</strong></span> <span class='ocrx_word' id='word_1_166' title='bbox 2044 2623 2061 2651; x_wconf 92' lang='lat'><em>‚</em></span> <span class='ocrx_word' id='word_1_167' title='bbox 2122 2569 2510 2652; x_wconf 83' lang='lat' dir='ltr'><strong>quibuscum</strong></span> <span class='ocrx_word' id='word_1_168' title='bbox 2562 2565 2690 2651; x_wconf 87' lang='lat' dir='ltr'><strong>col·</strong></span> 
     </span>
     <span class='ocr_line' id='line_1_27' title="bbox 737 2654 2685 2744; baseline -0.009 -13"><span class='ocrx_word' id='word_1_169' title='bbox 737 2665 861 2731; x_wconf 87' lang='lat' dir='ltr'><strong>lati</strong></span> <span class='ocrx_word' id='word_1_170' title='bbox 895 2662 1380 2744; x_wconf 86' lang='lat' dir='ltr'><strong>Catabaptistae</strong></span> <span class='ocrx_word' id='word_1_171' title='bbox 1438 2661 1563 2726; x_wconf 89' lang='lat' dir='ltr'><strong>viri</strong></span> <span class='ocrx_word' id='word_1_172' title='bbox 1620 2658 1775 2725; x_wconf 91' lang='lat' dir='ltr'><strong>boni</strong></span> <span class='ocrx_word' id='word_1_173' title='bbox 1828 2659 2064 2724; x_wconf 90' lang='lat' dir='ltr'><strong>merito</strong></span> <span class='ocrx_word' id='word_1_174' title='bbox 2124 2654 2352 2721; x_wconf 87' lang='lat' dir='ltr'><strong>haberi</strong></span> <span class='ocrx_word' id='word_1_175' title='bbox 2394 2660 2685 2737; x_wconf 89' lang='lat' dir='ltr'><strong>possunt.</strong></span> 
     </span>
     <span class='ocr_line' id='line_1_28' title="bbox 738 2736 2686 2829; baseline -0.008 -12"><span class='ocrx_word' id='word_1_176' title='bbox 738 2748 819 2817; x_wconf 80' lang='lat' dir='ltr'><strong>Si</strong></span> <span class='ocrx_word' id='word_1_177' title='bbox 861 2747 1152 2814; x_wconf 90' lang='lat' dir='ltr'><strong>nondum</strong></span> <span class='ocrx_word' id='word_1_178' title='bbox 1197 2747 1380 2812; x_wconf 90' lang='lat' dir='ltr'><strong>vobis</strong></span> <span class='ocrx_word' id='word_1_179' title='bbox 1438 2754 1841 2829; x_wconf 90' lang='lat' dir='ltr'><strong>compertum</strong></span> <span class='ocrx_word' id='word_1_180' title='bbox 1896 2745 1984 2809; x_wconf 90' lang='lat' dir='ltr'><strong>sit</strong></span> <span class='ocrx_word' id='word_1_181' title='bbox 2081 2740 2393 2823; x_wconf 86' lang='lat' dir='ltr'><strong>uidqnam</strong></span> <span class='ocrx_word' id='word_1_182' title='bbox 2435 2737 2516 2803; x_wconf 91' lang='lat' dir='ltr'><strong>de</strong></span> <span class='ocrx_word' id='word_1_183' title='bbox 2561 2736 2686 2802; x_wconf 91' lang='lat' dir='ltr'><strong>hu-</strong></span> 
     </span>
     <span class='ocr_line' id='line_1_29' title="bbox 740 2821 2688 2916; baseline -0.007 -15"><span class='ocrx_word' id='word_1_184' title='bbox 740 2832 1026 2901; x_wconf 91' lang='lat' dir='ltr'><strong>iusmodi</strong></span> <span class='ocrx_word' id='word_1_185' title='bbox 1069 2833 1377 2916; x_wconf 86' lang='lat' dir='ltr'><strong>pestibus,</strong></span> <span class='ocrx_word' id='word_1_186' title='bbox 1424 2831 1720 2913; x_wconf 87' lang='lat' dir='ltr'><strong>poteritis</strong></span> <span class='ocrx_word' id='word_1_187' title='bbox 1768 2830 2030 2913; x_wconf 84' lang='lat' dir='ltr'><strong>aliquan</strong></span> <span class='ocrx_word' id='word_1_188' title='bbox 2076 2850 2114 2892; x_wconf 96' lang='lat' dir='ltr'><strong>o</strong></span> <span class='ocrx_word' id='word_1_189' title='bbox 2157 2825 2399 2891; x_wconf 88' lang='lat' dir='ltr'><strong>certius</strong></span> <span class='ocrx_word' id='word_1_190' title='bbox 2439 2821 2688 2889; x_wconf 89' lang='lat' dir='ltr'><strong>intelli-</strong></span> 
     </span>
     <span class='ocr_line' id='line_1_30' title="bbox 740 2906 2687 3006; baseline -0.008 -20"><span class='ocrx_word' id='word_1_191' title='bbox 740 2940 916 3006; x_wconf 84' lang='lat' dir='ltr'><strong>gere.</strong></span> <span class='ocrx_word' id='word_1_192' title='bbox 1020 2917 1157 2985; x_wconf 80' lang='lat' dir='ltr'><strong>Sed</strong></span> <span class='ocrx_word' id='word_1_193' title='bbox 1213 2917 1493 2982; x_wconf 87' lang='lat' dir='ltr'><strong>arbitror</strong></span> <span class='ocrx_word' id='word_1_194' title='bbox 1551 2937 1668 2984; x_wconf 91' lang='lat' dir='ltr'><strong>vos</strong></span> <span class='ocrx_word' id='word_1_195' title='bbox 1726 2937 1855 2980; x_wconf 93' lang='lat' dir='ltr'><strong>non</strong></span> <span class='ocrx_word' id='word_1_196' title='bbox 1914 2914 2176 2979; x_wconf 90' lang='lat' dir='ltr'><strong>omnino</strong></span> <span class='ocrx_word' id='word_1_197' title='bbox 2233 2911 2439 2975; x_wconf 90' lang='lat' dir='ltr'><strong>latere</strong></span> <span class='ocrx_word' id='word_1_198' title='bbox 2494 2906 2687 2991; x_wconf 87' lang='lat' dir='ltr'><strong>quale</strong></span> 
     </span>
     <span class='ocr_line' id='line_1_31' title="bbox 740 2993 2689 3077; baseline -0.007 -6"><span class='ocrx_word' id='word_1_199' title='bbox 740 3007 831 3072; x_wconf 90' lang='lat' dir='ltr'><strong>sit</strong></span> <span class='ocrx_word' id='word_1_200' title='bbox 872 3006 996 3071; x_wconf 90' lang='lat' dir='ltr'><strong>hoc</strong></span> <span class='ocrx_word' id='word_1_201' title='bbox 1035 3004 1380 3070; x_wconf 89' lang='lat' dir='ltr'><strong>hominum</strong></span> <span class='ocrx_word' id='word_1_202' title='bbox 1454 3022 1637 3069; x_wconf 90' lang='lat' dir='ltr'><strong>enus.</strong></span> <span class='ocrx_word' id='word_1_203' title='bbox 1706 2999 2032 3067; x_wconf 86' lang='lat' dir='ltr'><strong>Dominus</strong></span> <span class='ocrx_word' id='word_1_204' title='bbox 2077 3018 2198 3063; x_wconf 91' lang='lat' dir='ltr'><strong>nos</strong></span> <span class='ocrx_word' id='word_1_205' title='bbox 2220 2995 2403 3063; x_wconf 91' lang='lat' dir='ltr'><strong>varie</strong></span> <span class='ocrx_word' id='word_1_206' title='bbox 2425 2993 2509 3060; x_wconf 86' lang='lat' dir='ltr'><strong>ad</strong></span> <span class='ocrx_word' id='word_1_207' title='bbox 2536 3014 2689 3077; x_wconf 89' lang='lat' dir='ltr'><strong>pre-</strong></span> 
     </span>
     <span class='ocr_line' id='line_1_32' title="bbox 742 3079 2689 3170; baseline -0.008 -12"><span class='ocrx_word' id='word_1_208' title='bbox 742 3113 852 3158; x_wconf 88' lang='lat' dir='ltr'><strong>ces</strong></span> <span class='ocrx_word' id='word_1_209' title='bbox 909 3099 978 3156; x_wconf 91' lang='lat' dir='ltr'><strong>et</strong></span> <span class='ocrx_word' id='word_1_210' title='bbox 1037 3089 1257 3156; x_wconf 88' lang='lat' dir='ltr'><strong>studia</strong></span> <span class='ocrx_word' id='word_1_211' title='bbox 1300 3096 1547 3155; x_wconf 77' lang='lat' dir='ltr'><strong>excitat</strong></span> <span class='ocrx_word' id='word_1_212' title='bbox 1563 3139 1579 3165; x_wconf 88' lang='lat'>‚</span> <span class='ocrx_word' id='word_1_213' title='bbox 1635 3107 1832 3170; x_wconf 89' lang='lat' dir='ltr'><strong>quem</strong></span> <span class='ocrx_word' id='word_1_214' title='bbox 1887 3105 2116 3170; x_wconf 85' lang='lat' dir='ltr'><strong>precor</strong></span> <span class='ocrx_word' id='word_1_215' title='bbox 2172 3091 2249 3147; x_wconf 89' lang='lat' dir='ltr'><strong>ut</strong></span> <span class='ocrx_word' id='word_1_216' title='bbox 2308 3102 2455 3147; x_wconf 89' lang='lat' dir='ltr'><strong>eam</strong></span> <span class='ocrx_word' id='word_1_217' title='bbox 2499 3079 2689 3144; x_wconf 91' lang='lat' dir='ltr'><strong>nobis</strong></span> 
     </span>
     <span class='ocr_line' id='line_1_33' title="bbox 738 3166 2688 3261; baseline -0.008 -18"><span class='ocrx_word' id='word_1_218' title='bbox 738 3186 1032 3243; x_wconf 89' lang='lat' dir='ltr'><strong>mentem</strong></span> <span class='ocrx_word' id='word_1_219' title='bbox 1096 3182 1409 3261; x_wconf 83' lang='lat' dir='ltr'><strong>suggerat</strong></span> <span class='ocrx_word' id='word_1_220' title='bbox 1472 3195 1603 3256; x_wconf 89' lang='lat' dir='ltr'><strong>qua</strong></span> <span class='ocrx_word' id='word_1_221' title='bbox 1665 3182 1932 3237; x_wconf 88' lang='lat' dir='ltr'><strong>strenue</strong></span> <span class='ocrx_word' id='word_1_222' title='bbox 2001 3169 2142 3236; x_wconf 90' lang='lat' dir='ltr'><strong>eius</strong></span> <span class='ocrx_word' id='word_1_223' title='bbox 2197 3168 2377 3251; x_wconf 87' lang='lat' dir='ltr'><strong>operi</strong></span> <span class='ocrx_word' id='word_1_224' title='bbox 2432 3166 2688 3231; x_wconf 91' lang='lat' dir='ltr'><strong>incum-</strong></span> 
     </span>
    </p>

    <p class='ocr_par' dir='ltr' id='par_1_5' title="bbox 897 3282 2111 3328">
     <span class='ocr_line' id='line_1_34' title="bbox 897 3282 2111 3328; baseline -0.009 0"><span class='ocrx_word' id='word_1_225' title='bbox 897 3282 994 3328; x_wconf 91' lang='lat' dir='ltr'><strong>us.</strong></span> <span class='ocrx_word' id='word_1_226' title='bbox 2106 3289 2111 3295; x_wconf 92' lang='lat'>·</span> 
     </span>
    </p>

    <p class='ocr_par' dir='ltr' id='par_1_6' title="bbox 736 3335 2689 4282">
     <span class='ocr_line' id='line_1_35' title="bbox 913 3335 2687 3423; baseline -0.008 -10"><span class='ocrx_word' id='word_1_227' title='bbox 913 3345 1226 3413; x_wconf 77' lang='lat' dir='ltr'><strong>Salutant</strong></span> <span class='ocrx_word' id='word_1_228' title='bbox 1284 3353 1351 3409; x_wconf 92' lang='lat' dir='ltr'><strong>te</strong></span> <span class='ocrx_word' id='word_1_229' title='bbox 1416 3342 1609 3412; x_wconf 88' lang='lat' dir='ltr'><strong>amici</strong></span> <span class='ocrx_word' id='word_1_230' title='bbox 1670 3362 1898 3407; x_wconf 87' lang='lat' dir='ltr'><strong>omnes</strong></span> <span class='ocrx_word' id='word_1_231' title='bbox 1914 3391 1930 3420; x_wconf 93' lang='lat'><strong>,</strong></span> <span class='ocrx_word' id='word_1_232' title='bbox 1997 3339 2381 3423; x_wconf 86' lang='lat' dir='ltr'><strong>praesertim</strong></span> <span class='ocrx_word' id='word_1_233' title='bbox 2451 3335 2687 3418; x_wconf 91' lang='lat' dir='ltr'><strong>quibus</strong></span> 
     </span>
     <span class='ocr_line' id='line_1_36' title="bbox 740 3421 2688 3501; baseline -0.008 -1"><span class='ocrx_word' id='word_1_234' title='bbox 740 3432 1023 3501; x_wconf 79' lang='lat' dir='ltr'><strong>salutem</strong></span> <span class='ocrx_word' id='word_1_235' title='bbox 1066 3432 1200 3496; x_wconf 90' lang='lat' dir='ltr'><strong>tuis</strong></span> <span class='ocrx_word' id='word_1_236' title='bbox 1235 3430 1442 3495; x_wconf 90' lang='lat' dir='ltr'><strong>literis</strong></span> <span class='ocrx_word' id='word_1_237' title='bbox 1486 3428 1783 3493; x_wconf 84' lang='lat' dir='ltr'><strong>nunciati</strong></span> <span class='ocrx_word' id='word_1_238' title='bbox 1817 3426 2081 3492; x_wconf 85' lang='lat' dir='ltr'><strong>iussisti.</strong></span> <span class='ocrx_word' id='word_1_239' title='bbox 2171 3421 2508 3491; x_wconf 80' lang='lat' dir='ltr'><strong>Salutabis</strong></span> <span class='ocrx_word' id='word_1_240' title='bbox 2543 3441 2688 3486; x_wconf 88' lang='lat' dir='ltr'><strong>meo</strong></span> 
     </span>
     <span class='ocr_line' id='line_1_37' title="bbox 736 3506 2689 3598; baseline -0.007 -15"><span class='ocrx_word' id='word_1_241' title='bbox 736 3519 1004 3585; x_wconf 83' lang='lat' dir='ltr'><strong>nomine</strong></span> <span class='ocrx_word' id='word_1_242' title='bbox 1056 3517 1141 3582; x_wconf 91' lang='lat' dir='ltr'><strong>D.</strong></span> <span class='ocrx_word' id='word_1_243' title='bbox 1199 3515 1669 3598; x_wconf 70' lang='lat' dir='ltr'><strong>Bullinqerum,</strong></span> <span class='ocrx_word' id='word_1_244' title='bbox 1732 3513 1815 3579; x_wconf 90' lang='lat' dir='ltr'><strong>ad</strong></span> <span class='ocrx_word' id='word_1_245' title='bbox 1885 3532 2079 3596; x_wconf 88' lang='lat' dir='ltr'><strong>quem</strong></span> <span class='ocrx_word' id='word_1_246' title='bbox 2152 3508 2560 3591; x_wconf 86' lang='lat' dir='ltr'><strong>scripsissem</strong></span> <span class='ocrx_word' id='word_1_247' title='bbox 2631 3506 2689 3570; x_wconf 89' lang='lat' dir='ltr'><strong>si</strong></span> 
     </span>
     <span class='ocr_line' id='line_1_38' title="bbox 740 3593 2687 3687; baseline -0.006 -19"><span class='ocrx_word' id='word_1_248' title='bbox 740 3601 902 3687; x_wconf 88' lang='lat' dir='ltr'><strong>quid</strong></span> <span class='ocrx_word' id='word_1_249' title='bbox 956 3601 1305 3684; x_wconf 85' lang='lat' dir='ltr'><strong>scriptione</strong></span> <span class='ocrx_word' id='word_1_250' title='bbox 1372 3600 1647 3685; x_wconf 88' lang='lat' dir='ltr'><strong>dignum</strong></span> <span class='ocrx_word' id='word_1_251' title='bbox 1719 3598 2141 3674; x_wconf 79' lang='lat' dir='ltr'><strong>occurrisset,</strong></span> <span class='ocrx_word' id='word_1_252' title='bbox 2208 3604 2322 3659; x_wconf 88' lang='lat' dir='ltr'><strong>aut</strong></span> <span class='ocrx_word' id='word_1_253' title='bbox 2386 3593 2444 3659; x_wconf 91' lang='lat' dir='ltr'><strong>si</strong></span> <span class='ocrx_word' id='word_1_254' title='bbox 2505 3611 2687 3656; x_wconf 90' lang='lat' dir='ltr'><strong>meas</strong></span> 
     </span>
     <span class='ocr_line' id='line_1_39' title="bbox 741 3678 2685 3769; baseline -0.006 -15"><span class='ocrx_word' id='word_1_255' title='bbox 741 3688 969 3754; x_wconf 80' lang='lat' dir='ltr'><strong>literas</strong></span> <span class='ocrx_word' id='word_1_256' title='bbox 1010 3685 1255 3769; x_wconf 89' lang='lat' dir='ltr'><strong>aliquid</strong></span> <span class='ocrx_word' id='word_1_257' title='bbox 1294 3684 1607 3750; x_wconf 88' lang='lat' dir='ltr'><strong>allaturas</strong></span> <span class='ocrx_word' id='word_1_258' title='bbox 1639 3683 1995 3767; x_wconf 89' lang='lat' dir='ltr'><strong>voluptatis</strong></span> <span class='ocrx_word' id='word_1_259' title='bbox 2037 3691 2155 3746; x_wconf 89' lang='lat' dir='ltr'><strong>aut</strong></span> <span class='ocrx_word' id='word_1_260' title='bbox 2197 3678 2503 3745; x_wconf 77' lang='lat' dir='ltr'><strong>utilitatis</strong></span> <span class='ocrx_word' id='word_1_261' title='bbox 2538 3699 2685 3760; x_wconf 90' lang='lat' dir='ltr'><strong>spe-</strong></span> 
     </span>
     <span class='ocr_line' id='line_1_40' title="bbox 740 3764 2688 3854; baseline -0.007 -14"><span class='ocrx_word' id='word_1_262' title='bbox 740 3794 1008 3840; x_wconf 90' lang='lat' dir='ltr'><strong>rassem.</strong></span> <span class='ocrx_word' id='word_1_263' title='bbox 1111 3771 1344 3837; x_wconf 79' lang='lat' dir='ltr'><strong>Saluta</strong></span> <span class='ocrx_word' id='word_1_264' title='bbox 1399 3769 1678 3852; x_wconf 89' lang='lat' dir='ltr'><strong>reliquos</strong></span> <span class='ocrx_word' id='word_1_265' title='bbox 1734 3775 2136 3854; x_wconf 78' lang='lat' dir='ltr'><strong>symmystas</strong></span> <span class='ocrx_word' id='word_1_266' title='bbox 2192 3775 2339 3830; x_wconf 89' lang='lat' dir='ltr'><strong>tuos</strong></span> <span class='ocrx_word' id='word_1_267' title='bbox 2392 3772 2459 3828; x_wconf 89' lang='lat' dir='ltr'><strong>et</strong></span> <span class='ocrx_word' id='word_1_268' title='bbox 2514 3764 2688 3829; x_wconf 87' lang='lat' dir='ltr'><strong>viros</strong></span> 
     </span>
     <span class='ocr_line' id='line_1_41' title="bbox 740 3845 2683 3939; baseline -0.008 -13"><span class='ocrx_word' id='word_1_269' title='bbox 740 3857 965 3926; x_wconf 85' lang='lat' dir='ltr'><strong>doctos</strong></span> <span class='ocrx_word' id='word_1_270' title='bbox 1008 3858 1123 3939; x_wconf 92' lang='lat' dir='ltr'><strong>qui</strong></span> <span class='ocrx_word' id='word_1_271' title='bbox 1164 3865 1320 3921; x_wconf 90' lang='lat' dir='ltr'><strong>sunt</strong></span> <span class='ocrx_word' id='word_1_272' title='bbox 1372 3855 1568 3922; x_wconf 88' lang='lat' dir='ltr'><strong>isthic</strong></span> <span class='ocrx_word' id='word_1_273' title='bbox 1618 3876 1766 3920; x_wconf 89' lang='lat' dir='ltr'><strong>meo</strong></span> <span class='ocrx_word' id='word_1_274' title='bbox 1818 3855 2112 3932; x_wconf 89' lang='lat' dir='ltr'><strong>nomine,</strong></span> <span class='ocrx_word' id='word_1_275' title='bbox 2168 3850 2555 3934; x_wconf 88' lang='lat' dir='ltr'><strong>praesertim</strong></span> <span class='ocrx_word' id='word_1_276' title='bbox 2598 3845 2683 3910; x_wconf 90' lang='lat' dir='ltr'><strong>D.</strong></span> 
     </span>
     <span class='ocr_line' id='line_1_42' title="bbox 746 3935 2684 4025; baseline -0.007 -15"><span class='ocrx_word' id='word_1_277' title='bbox 746 3944 1109 4025; x_wconf 65' lang='lat' dir='ltr'><strong>amparem,</strong></span> <span class='ocrx_word' id='word_1_278' title='bbox 1124 3941 1184 4024; x_wconf 57' lang='grc' dir='ltr'><strong>ὅ)</strong></span> <span class='ocrx_word' id='word_1_279' title='bbox 1236 3940 1708 4020; x_wconf 67' lang='grc' dir='ltr'><strong>Βὸῠῑὶαπάηιηι,</strong></span> <span class='ocrx_word' id='word_1_280' title='bbox 1756 3939 2145 4007; x_wconf 74' lang='lat' dir='ltr'><strong>Pellicanum</strong></span> <span class='ocrx_word' id='word_1_281' title='bbox 2200 3944 2268 4001; x_wconf 91' lang='lat' dir='ltr'><strong>et</strong></span> <span class='ocrx_word' id='word_1_282' title='bbox 2326 3935 2684 4000; x_wconf 67' lang='lat' dir='ltr'><strong>Ges-nevum.</strong></span> 
     </span>
     <span class='ocr_line' id='line_1_43' title="bbox 746 4017 2687 4095; baseline -0.007 0"><span class='ocrx_word' id='word_1_283' title='bbox 746 4027 993 4095; x_wconf 69' lang='lat' dir='ltr'><strong>Coelius</strong></span> <span class='ocrx_word' id='word_1_284' title='bbox 1032 4037 1099 4093; x_wconf 92' lang='lat' dir='ltr'><strong>et</strong></span> <span class='ocrx_word' id='word_1_285' title='bbox 1142 4026 1421 4092; x_wconf 65' lang='lat' dir='ltr'><strong>Ribiuus</strong></span> <span class='ocrx_word' id='word_1_286' title='bbox 1464 4047 1579 4092; x_wconf 90' lang='lat' dir='ltr'><strong>vos</strong></span> <span class='ocrx_word' id='word_1_287' title='bbox 1633 4046 1859 4093; x_wconf 90' lang='lat' dir='ltr'><strong>omnes</strong></span> <span class='ocrx_word' id='word_1_288' title='bbox 1903 4024 2193 4090; x_wconf 88' lang='lat' dir='ltr'><strong>salutare</strong></span> <span class='ocrx_word' id='word_1_289' title='bbox 2234 4020 2478 4086; x_wconf 90' lang='lat' dir='ltr'><strong>iubent.</strong></span> <span class='ocrx_word' id='word_1_290' title='bbox 2574 4017 2687 4083; x_wconf 83' lang='lat' dir='ltr'><strong>Go-</strong></span> 
     </span>
     <span class='ocr_line' id='line_1_44' title="bbox 736 4104 2685 4198; baseline -0.007 -18"><span class='ocrx_word' id='word_1_291' title='bbox 736 4116 951 4180; x_wconf 55' lang='grc' dir='ltr'><strong>Μαίη</strong></span> <span class='ocrx_word' id='word_1_292' title='bbox 992 4119 1155 4198; x_wconf 88' lang='lat' dir='ltr'><strong>puto</strong></span> <span class='ocrx_word' id='word_1_293' title='bbox 1196 4111 1281 4178; x_wconf 87' lang='lat' dir='ltr'><strong>ad</strong></span> <span class='ocrx_word' id='word_1_294' title='bbox 1321 4121 1391 4178; x_wconf 91' lang='lat' dir='ltr'><strong>te</strong></span> <span class='ocrx_word' id='word_1_295' title='bbox 1432 4111 1715 4179; x_wconf 86' lang='lat' dir='ltr'><strong>scribere</strong></span> <span class='ocrx_word' id='word_1_296' title='bbox 1746 4120 1816 4177; x_wconf 89' lang='lat' dir='ltr'><strong>et</strong></span> <span class='ocrx_word' id='word_1_297' title='bbox 1848 4112 1984 4177; x_wconf 87' lang='lat' dir='ltr'><strong>suis</strong></span> <span class='ocrx_word' id='word_1_298' title='bbox 2019 4106 2237 4174; x_wconf 89' lang='lat' dir='ltr'><strong>verbis</strong></span> <span class='ocrx_word' id='word_1_299' title='bbox 2281 4115 2346 4170; x_wconf 91' lang='lat' dir='ltr'><strong>te</strong></span> <span class='ocrx_word' id='word_1_300' title='bbox 2381 4104 2685 4170; x_wconf 89' lang='lat' dir='ltr'><strong>salutare.</strong></span> 
     </span>
     <span class='ocr_line' id='line_1_45' title="bbox 745 4197 2133 4282; baseline -0.007 -17"><span class='ocrx_word' id='word_1_301' title='bbox 745 4199 932 4266; x_wconf 85' lang='lat' dir='ltr'><strong>Vale.</strong></span> <span class='ocrx_word' id='word_1_302' title='bbox 1019 4200 1413 4266; x_wconf 86' lang='lat' dir='ltr'><strong>Lausannae</strong></span> <span class='ocrx_word' id='word_1_303' title='bbox 1460 4204 1518 4262; x_wconf 84' lang='lat'><strong>5.</strong></span> <span class='ocrx_word' id='word_1_304' title='bbox 1564 4197 1897 4282; x_wconf 64' lang='lat' dir='ltr'><strong>Septemb.</strong></span> <span class='ocrx_word' id='word_1_305' title='bbox 1952 4199 2133 4258; x_wconf 84' lang='grc'><strong>1544.</strong></span> 
     </span>
    </p>
   </div>
   <div class='ocr_carea' id='block_1_4' title="bbox 1877 4327 2514 4396">
    <p class='ocr_par' dir='ltr' id='par_1_7' title="bbox 1877 4327 2514 4396">
     <span class='ocr_line' id='line_1_46' title="bbox 1877 4327 2514 4396; baseline -0.008 0"><span class='ocrx_word' id='word_1_306' title='bbox 1877 4332 2060 4396; x_wconf 75' lang='lat' dir='ltr'><strong>&#39;l&#39;uus</strong></span> <span class='ocrx_word' id='word_1_307' title='bbox 2101 4328 2177 4393; x_wconf 94' lang='lat' dir='ltr'><strong>P.</strong></span> <span class='ocrx_word' id='word_1_308' title='bbox 2223 4327 2514 4393; x_wconf 85' lang='lat' dir='ltr'><strong>Viretus.</strong></span> 
     </span>
    </p>
   </div>
   <div class='ocr_carea' id='block_1_5' title="bbox 742 4496 867 4505">
    <p class='ocr_par' dir='ltr' id='par_1_8' title="bbox 742 4496 867 4505">
     <span class='ocr_line' id='line_1_47' title="bbox 742 4496 867 4505; baseline -0.024 0"><span class='ocrx_word' id='word_1_309' title='bbox 742 4496 867 4505; x_wconf 73' lang='lat'>...—</span> 
     </span>
    </p>
   </div>
   <div class='ocr_carea' id='block_1_6' title="bbox 872 4495 1149 4503">
    <p class='ocr_par' dir='ltr' id='par_1_9' title="bbox 872 4495 1149 4503">
     <span class='ocr_line' id='line_1_48' title="bbox 872 4495 1149 4503; baseline 0 1664"><span class='ocrx_word' id='word_1_310' title='bbox 872 4495 1149 4503; x_wconf 95' lang='lat' dir='ltr'><strong> </strong></span> 
     </span>
    </p>
   </div>
   <div class='ocr_carea' id='block_1_7' title="bbox 742 4580 2690 4867">
    <p class='ocr_par' dir='ltr' id='par_1_10' title="bbox 742 4580 2690 4867">
     <span class='ocr_line' id='line_1_49' title="bbox 947 4580 2690 4656; baseline -0.009 -8"><span class='ocrx_word' id='word_1_311' title='bbox 947 4588 1509 4656; x_wconf 55' lang='lat' dir='ltr'><strong>unctionum?</strong></span> <span class='ocrx_word' id='word_1_312' title='bbox 1595 4588 1608 4600; x_wconf 82' lang='lat'>‘</span> <span class='ocrx_word' id='word_1_313' title='bbox 1753 4581 2523 4654; x_wconf 63' lang='lat' dir='ltr'><strong>ln‘bmnqm‘n‘mc’ibitwr:</strong></span> <span class='ocrx_word' id='word_1_314' title='bbox 2577 4580 2690 4633; x_wconf 91' lang='lat' dir='ltr'><strong>Der</strong></span> 
     </span>
     <span class='ocr_line' id='line_1_50' title="bbox 743 4651 2687 4729; baseline -0.007 -12"><span class='ocrx_word' id='word_1_315' title='bbox 743 4661 1126 4719; x_wconf 76' lang='lat' dir='ltr'><strong>Widertouffer</strong></span> <span class='ocrx_word' id='word_1_316' title='bbox 1157 4661 1445 4729; x_wconf 77' lang='lat' dir='ltr'><strong>Ursprung</strong></span> <span class='ocrx_word' id='word_1_317' title='bbox 1478 4662 1576 4712; x_wconf 81' lang='lat' dir='ltr'><strong>etc.</strong></span> <span class='ocrx_word' id='word_1_318' title='bbox 1691 4655 1838 4709; x_wconf 81' lang='lat' dir='ltr'><strong>firich</strong></span> <span class='ocrx_word' id='word_1_319' title='bbox 1876 4653 2009 4708; x_wconf 82' lang='lat'>1561</span> <span class='ocrx_word' id='word_1_320' title='bbox 2044 4667 2173 4722; x_wconf 67' lang='lat' dir='ltr'><strong>paq.</strong></span> <span class='ocrx_word' id='word_1_321' title='bbox 2208 4651 2275 4705; x_wconf 85' lang='grc'><strong>61</strong></span> <span class='ocrx_word' id='word_1_322' title='bbox 2311 4666 2457 4721; x_wconf 75' lang='lat' dir='ltr'><strong>seqq.</strong></span> <span class='ocrx_word' id='word_1_323' title='bbox 2489 4653 2544 4705; x_wconf 73' lang='lat' dir='ltr'><strong>et</strong></span> <span class='ocrx_word' id='word_1_324' title='bbox 2575 4664 2687 4704; x_wconf 84' lang='lat' dir='ltr'><strong>om-</strong></span> 
     </span>
     <span class='ocr_line' id='line_1_51' title="bbox 742 4717 2688 4867; baseline -0.008 -80"><span class='ocrx_word' id='word_1_325' title='bbox 742 4732 880 4787; x_wconf 65' lang='lat' dir='ltr'><strong>nino</strong></span> <span class='ocrx_word' id='word_1_326' title='bbox 917 4728 1265 4867; x_wconf 51' lang='grc' dir='ltr'><strong>Οὲαξυὶῖοῳθρ</strong></span> <span class='ocrx_word' id='word_1_327' title='bbox 1310 4768 1326 4782; x_wconf 94' lang='grc'><strong>.</strong></span> <span class='ocrx_word' id='word_1_328' title='bbox 1364 4727 1434 4851; x_wconf 56' lang='grc' dir='ltr'><strong>Ξ.</strong></span> <span class='ocrx_word' id='word_1_329' title='bbox 1471 4725 1611 4782; x_wconf 82' lang='lat' dir='ltr'><strong>VH.</strong></span> <span class='ocrx_word' id='word_1_330' title='bbox 1657 4725 1842 4794; x_wconf 69' lang='lat' dir='ltr'><strong>ntique</strong></span> <span class='ocrx_word' id='word_1_331' title='bbox 1868 4723 2251 4793; x_wconf 53' lang='lat' dir='ltr'><strong>prolegomena</strong></span> <span class='ocrx_word' id='word_1_332' title='bbox 2283 4725 2478 4776; x_wconf 71' lang='lat' dir='ltr'><strong>nostra</strong></span> <span class='ocrx_word' id='word_1_333' title='bbox 2502 4734 2569 4789; x_wconf 74' lang='lat' dir='ltr'><strong>p.</strong></span> <span class='ocrx_word' id='word_1_334' title='bbox 2602 4717 2688 4770; x_wconf 81' lang='lat'><strong>2⁷.</strong></span> 
     </span>
    </p>
   </div>
   <div class='ocr_carea' id='block_1_8' title="bbox 2264 407 3171 481">
    <p class='ocr_par' dir='ltr' id='par_1_11' title="bbox 2264 407 3171 481">
     <span class='ocr_line' id='line_1_52' title="bbox 2264 407 3171 481; baseline -0.013 -1"><span class='ocrx_word' id='word_1_335' title='bbox 2264 407 2789 481; x_wconf 70' lang='lat' dir='ltr'>EPIS&#39;POLAE</span> <span class='ocrx_word' id='word_1_336' title='bbox 2836 410 3171 472; x_wconf 84' lang='lat'>571—574</span> 
     </span>
    </p>
   </div>
   <div class='ocr_carea' id='block_1_9' title="bbox 2717 600 2764 5358">
    <p class='ocr_par' dir='ltr' id='par_1_12' title="bbox 2717 600 2764 5358">
     <span class='ocr_line' id='line_1_53' title="bbox 2717 600 2764 5358; baseline 0 0"><span class='ocrx_word' id='word_1_337' title='bbox 2717 600 2764 5358; x_wconf 95' lang='lat' dir='ltr'><strong> </strong></span> 
     </span>
    </p>
   </div>
   <div class='ocr_carea' id='block_1_10' title="bbox 4576 404 4686 467">
    <p class='ocr_par' dir='ltr' id='par_1_13' title="bbox 4576 404 4686 467">
     <span class='ocr_line' id='line_1_54' title="bbox 4576 404 4686 467; baseline 0.018 -2"><span class='ocrx_word' id='word_1_338' title='bbox 4576 404 4686 467; x_wconf 78' lang='lat'><strong>748</strong></span> 
     </span>
    </p>
   </div>
   <div class='ocr_carea' id='block_1_11' title="bbox 3169 588 4316 797">
    <p class='ocr_par' dir='ltr' id='par_1_14' title="bbox 3169 588 4316 797">
     <span class='ocr_line' id='line_1_55' title="bbox 3673 588 3824 661; baseline 0.02 -3"><span class='ocrx_word' id='word_1_339' title='bbox 3673 588 3824 661; x_wconf 72' lang='lat'><strong>578.</strong></span> 
     </span>
     <span class='ocr_line' id='line_1_56' title="bbox 3169 723 4316 797; baseline -0.004 -2"><span class='ocrx_word' id='word_1_340' title='bbox 3169 726 3835 797; x_wconf 81' lang='lat' dir='ltr'>BULLINGERUS</span> <span class='ocrx_word' id='word_1_341' title='bbox 3879 723 4316 793; x_wconf 79' lang='lat' dir='ltr'><strong>OALVINO.</strong></span> 
     </span>
    </p>
   </div>
   <div class='ocr_carea' id='block_1_12' title="bbox 2775 895 4702 1382">
    <p class='ocr_par' dir='ltr' id='par_1_15' title="bbox 2775 895 4698 1157">
     <span class='ocr_line' id='line_1_57' title="bbox 2954 895 4695 983; baseline -0.003 -14"><span class='ocrx_word' id='word_1_342' title='bbox 2954 904 3208 983; x_wconf 61' lang='lat' dir='ltr'><strong>Accepit</strong></span> <span class='ocrx_word' id='word_1_343' title='bbox 3259 900 3594 982; x_wconf 73' lang='lat' dir='ltr'><strong>pecuniam</strong></span> <span class='ocrx_word' id='word_1_344' title='bbox 3641 920 3763 982; x_wconf 76' lang='lat' dir='ltr'><strong>pro</strong></span> <span class='ocrx_word' id='word_1_345' title='bbox 3820 901 4012 981; x_wconf 74' lang='lat' dir='ltr'><strong>pueri</strong></span> <span class='ocrx_word' id='word_1_346' title='bbox 4072 898 4285 963; x_wconf 68' lang='lat' dir='ltr'><strong>diaeta</strong></span> <span class='ocrx_word' id='word_1_347' title='bbox 4347 895 4695 977; x_wconf 57' lang='lat' dir='ltr'><strong>solvendam,</strong></span> 
     </span>
     <span class='ocr_line' id='line_1_58' title="bbox 2775 983 4698 1072; baseline -0.003 -17"><span class='ocrx_word' id='word_1_348' title='bbox 2775 1009 3048 1072; x_wconf 76' lang='lat' dir='ltr'><strong>puerum</strong></span> <span class='ocrx_word' id='word_1_349' title='bbox 3089 990 3301 1069; x_wconf 76' lang='lat' dir='ltr'><strong>ipsum</strong></span> <span class='ocrx_word' id='word_1_350' title='bbox 3349 987 3660 1051; x_wconf 69' lang='lat' dir='ltr'><strong>Genavam</strong></span> <span class='ocrx_word' id='word_1_351' title='bbox 3711 985 3991 1059; x_wconf 65' lang='lat' dir='ltr'><strong>remittit,</strong></span> <span class='ocrx_word' id='word_1_352' title='bbox 4047 983 4157 1049; x_wconf 68' lang='lat' dir='ltr'><strong>sed</strong></span> <span class='ocrx_word' id='word_1_353' title='bbox 4212 983 4504 1061; x_wconf 71' lang='lat' dir='ltr'><strong>invitum,</strong></span> <span class='ocrx_word' id='word_1_354' title='bbox 4557 984 4698 1065; x_wconf 73' lang='lat' dir='ltr'><strong>qnu‘d</strong></span> 
     </span>
     <span class='ocr_line' id='line_1_59' title="bbox 2783 1071 3879 1157; baseline -0.005 -17"><span class='ocrx_word' id='word_1_355' title='bbox 2783 1075 2905 1141; x_wconf 73' lang='lat' dir='ltr'><strong>sibi</strong></span> <span class='ocrx_word' id='word_1_356' title='bbox 2945 1075 3223 1157; x_wconf 74' lang='lat' dir='ltr'><strong>amplius</strong></span> <span class='ocrx_word' id='word_1_357' title='bbox 3265 1073 3508 1137; x_wconf 73' lang='lat' dir='ltr'><strong>debetur</strong></span> <span class='ocrx_word' id='word_1_358' title='bbox 3546 1071 3879 1155; x_wconf 71' lang='lat' dir='ltr'><strong>siqnificat.</strong></span> 
     </span>
    </p>

    <p class='ocr_par' dir='ltr' id='par_1_16' title="bbox 2787 1237 4702 1382">
     <span class='ocr_line' id='line_1_60' title="bbox 2787 1237 4702 1324; baseline -0.004 -24"><span class='ocrx_word' id='word_1_359' title='bbox 2787 1247 2898 1311; x_wconf 80' lang='lat' dir='ltr'><strong>(Ex</strong></span> <span class='ocrx_word' id='word_1_360' title='bbox 2946 1242 3278 1315; x_wconf 81' lang='lat' dir='ltr'><strong>autographo</strong></span> <span class='ocrx_word' id='word_1_361' title='bbox 3325 1241 3545 1296; x_wconf 82' lang='lat' dir='ltr'><strong>Archiv.</strong></span> <span class='ocrx_word' id='word_1_362' title='bbox 3595 1241 3773 1295; x_wconf 87' lang='lat' dir='ltr'><strong>Turio.</strong></span> <span class='ocrx_word' id='word_1_363' title='bbox 3820 1242 3964 1324; x_wconf 71' lang='lat' dir='ltr'><strong>Plut.</strong></span> <span class='ocrx_word' id='word_1_364' title='bbox 4016 1240 4104 1294; x_wconf 88' lang='lat' dir='ltr'><strong>v1.</strong></span> <span class='ocrx_word' id='word_1_365' title='bbox 4154 1241 4279 1294; x_wconf 85' lang='lat' dir='ltr'><strong>Vol.</strong></span> <span class='ocrx_word' id='word_1_366' title='bbox 4331 1237 4431 1292; x_wconf 83' lang='lat'><strong>129</strong></span> <span class='ocrx_word' id='word_1_367' title='bbox 4484 1239 4606 1292; x_wconf 88' lang='lat' dir='ltr'><strong>olim</strong></span> <span class='ocrx_word' id='word_1_368' title='bbox 4643 1238 4702 1293; x_wconf 89' lang='lat' dir='ltr'><strong>B.</strong></span> 
     </span>
     <span class='ocr_line' id='line_1_61' title="bbox 3115 1307 4392 1382; baseline -0.005 -15"><span class='ocrx_word' id='word_1_369' title='bbox 3115 1313 3255 1382; x_wconf 81' lang='lat' dir='ltr'><strong>Epp.</strong></span> <span class='ocrx_word' id='word_1_370' title='bbox 3291 1317 3331 1365; x_wconf 78' lang='lat' dir='ltr'><strong>t.</strong></span> <span class='ocrx_word' id='word_1_371' title='bbox 3366 1309 3452 1378; x_wconf 79' lang='lat'><strong>30,</strong></span> <span class='ocrx_word' id='word_1_372' title='bbox 3485 1311 3575 1364; x_wconf 85' lang='lat' dir='ltr'><strong>fol.</strong></span> <span class='ocrx_word' id='word_1_373' title='bbox 3615 1308 3728 1364; x_wconf 76' lang='lat'><strong>122.</strong></span> <span class='ocrx_word' id='word_1_374' title='bbox 3771 1338 3835 1348; x_wconf 90' lang='lat'>-</span> <span class='ocrx_word' id='word_1_375' title='bbox 3870 1312 4083 1366; x_wconf 77' lang='lat' dir='ltr'><strong>Simler.</strong></span> <span class='ocrx_word' id='word_1_376' title='bbox 4120 1310 4241 1363; x_wconf 90' lang='lat' dir='ltr'><strong>Vol.</strong></span> <span class='ocrx_word' id='word_1_377' title='bbox 4278 1307 4392 1371; x_wconf 80' lang='lat'><strong>55.)</strong></span> 
     </span>
    </p>
   </div>
   <div class='ocr_carea' id='block_1_13' title="bbox 2790 1495 4712 1667">
    <p class='ocr_par' dir='ltr' id='par_1_17' title="bbox 2790 1495 4712 1667">
     <span class='ocr_line' id='line_1_62' title="bbox 2790 1495 4712 1570; baseline -0.004 -2"><span class='ocrx_word' id='word_1_378' title='bbox 2790 1502 3171 1569; x_wconf 81' lang='lat' dir='ltr'><strong>Clarissimo</strong></span> <span class='ocrx_word' id='word_1_379' title='bbox 3229 1501 3369 1566; x_wconf 87' lang='lat' dir='ltr'><strong>viro</strong></span> <span class='ocrx_word' id='word_1_380' title='bbox 3426 1500 3512 1570; x_wconf 83' lang='lat' dir='ltr'><strong>D.</strong></span> <span class='ocrx_word' id='word_1_381' title='bbox 3554 1498 3791 1564; x_wconf 92' lang='lat' dir='ltr'><strong>Ioanni</strong></span> <span class='ocrx_word' id='word_1_382' title='bbox 3834 1496 4111 1565; x_wconf 77' lang='lat' dir='ltr'><strong>Calvino</strong></span> <span class='ocrx_word' id='word_1_383' title='bbox 4171 1495 4575 1563; x_wconf 83' lang='lat' dir='ltr'><strong>Genevensis</strong></span> <span class='ocrx_word' id='word_1_384' title='bbox 4615 1515 4712 1561; x_wconf 87' lang='lat' dir='ltr'><strong>eo-</strong></span> 
     </span>
     <span class='ocr_line' id='line_1_63' title="bbox 2826 1581 4672 1667; baseline -0.005 -12"><span class='ocrx_word' id='word_1_385' title='bbox 2826 1589 3060 1655; x_wconf 88' lang='lat' dir='ltr'><strong>clesiae</strong></span> <span class='ocrx_word' id='word_1_386' title='bbox 3104 1586 3407 1651; x_wconf 89' lang='lat' dir='ltr'><strong>ministro</strong></span> <span class='ocrx_word' id='word_1_387' title='bbox 3448 1583 3825 1651; x_wconf 89' lang='lat' dir='ltr'><strong>fidelissimo</strong></span> <span class='ocrx_word' id='word_1_388' title='bbox 3867 1584 4052 1649; x_wconf 85' lang='lat' dir='ltr'><strong>fratri</strong></span> <span class='ocrx_word' id='word_1_389' title='bbox 4095 1584 4289 1667; x_wconf 89' lang='lat' dir='ltr'><strong>longe</strong></span> <span class='ocrx_word' id='word_1_390' title='bbox 4332 1581 4672 1650; x_wconf 84' lang='lat' dir='ltr'><strong>carissimo.</strong></span> 
     </span>
    </p>
   </div>
   <div class='ocr_carea' id='block_1_14' title="bbox 2785 1718 4750 4800">
    <p class='ocr_par' dir='ltr' id='par_1_18' title="bbox 2785 1718 4750 4268">
     <span class='ocr_line' id='line_1_64' title="bbox 2959 1718 4717 1801; baseline -0.006 -11"><span class='ocrx_word' id='word_1_391' title='bbox 2959 1723 3262 1790; x_wconf 83' lang='lat' dir='ltr'><strong>Gratiam</strong></span> <span class='ocrx_word' id='word_1_392' title='bbox 3307 1725 3376 1786; x_wconf 91' lang='lat' dir='ltr'><strong>et</strong></span> <span class='ocrx_word' id='word_1_393' title='bbox 3416 1721 3593 1787; x_wconf 85' lang='lat' dir='ltr'><strong>vitae</strong></span> <span class='ocrx_word' id='word_1_394' title='bbox 3635 1719 4074 1785; x_wconf 85' lang='lat' dir='ltr'><strong>innocentiam</strong></span> <span class='ocrx_word' id='word_1_395' title='bbox 4118 1738 4157 1783; x_wconf 91' lang='lat' dir='ltr'><strong>a</strong></span> <span class='ocrx_word' id='word_1_396' title='bbox 4200 1718 4344 1783; x_wconf 87' lang='lat' dir='ltr'><strong>Deo</strong></span> <span class='ocrx_word' id='word_1_397' title='bbox 4385 1725 4569 1801; x_wconf 88' lang='lat' dir='ltr'><strong>patre</strong></span> <span class='ocrx_word' id='word_1_398' title='bbox 4608 1736 4717 1799; x_wconf 89' lang='lat' dir='ltr'><strong>per</strong></span> 
     </span>
     <span class='ocr_line' id='line_1_65' title="bbox 2789 1804 4718 1885; baseline -0.005 -9"><span class='ocrx_word' id='word_1_399' title='bbox 2789 1809 3129 1876; x_wconf 83' lang='lat' dir='ltr'><strong>Christum</strong></span> <span class='ocrx_word' id='word_1_400' title='bbox 3171 1807 3534 1873; x_wconf 90' lang='lat' dir='ltr'><strong>Dominum</strong></span> <span class='ocrx_word' id='word_1_401' title='bbox 3589 1815 3904 1871; x_wconf 88' lang='lat' dir='ltr'><strong>nostrum.</strong></span> <span class='ocrx_word' id='word_1_402' title='bbox 4004 1804 4265 1869; x_wconf 84' lang='lat' dir='ltr'><strong>Literas</strong></span> <span class='ocrx_word' id='word_1_403' title='bbox 4317 1813 4468 1868; x_wconf 90' lang='lat' dir='ltr'><strong>tuas</strong></span> <span class='ocrx_word' id='word_1_404' title='bbox 4495 1805 4542 1885; x_wconf 90' lang='lat'><strong>¹)</strong></span> <span class='ocrx_word' id='word_1_405' title='bbox 4593 1821 4718 1866; x_wconf 87' lang='lat' dir='ltr'><strong>una</strong></span> 
     </span>
     <span class='ocr_line' id='line_1_66' title="bbox 2788 1885 4720 1973; baseline -0.004 -12"><span class='ocrx_word' id='word_1_406' title='bbox 2788 1917 2937 1962; x_wconf 89' lang='lat' dir='ltr'><strong>cum</strong></span> <span class='ocrx_word' id='word_1_407' title='bbox 2982 1916 3101 1960; x_wconf 78' lang='lat' dir='ltr'><strong>sex</strong></span> <span class='ocrx_word' id='word_1_408' title='bbox 3142 1893 3468 1959; x_wconf 88' lang='lat' dir='ltr'><strong>coronatis</strong></span> <span class='ocrx_word' id='word_1_409' title='bbox 3501 1891 3718 1973; x_wconf 89' lang='lat' dir='ltr'><strong>accepi</strong></span> <span class='ocrx_word' id='word_1_410' title='bbox 3763 1912 3803 1956; x_wconf 90' lang='lat' dir='ltr'><strong>a</strong></span> <span class='ocrx_word' id='word_1_411' title='bbox 3844 1899 3929 1968; x_wconf 88' lang='lat' dir='ltr'><strong>te,</strong></span> <span class='ocrx_word' id='word_1_412' title='bbox 3975 1889 4433 1955; x_wconf 78' lang='lat' dir='ltr'><strong>colendissimo</strong></span> <span class='ocrx_word' id='word_1_413' title='bbox 4474 1888 4564 1954; x_wconf 92' lang='lat' dir='ltr'><strong>mi</strong></span> <span class='ocrx_word' id='word_1_414' title='bbox 4591 1885 4720 1956; x_wconf 74' lang='lat' dir='ltr'><strong>caz-</strong></span> 
     </span>
     <span class='ocr_line' id='line_1_67' title="bbox 2787 1971 4720 2063; baseline -0.005 -16"><span class='ocrx_word' id='word_1_415' title='bbox 2787 1984 2946 2059; x_wconf 75' lang='lat' dir='ltr'><strong>vine,</strong></span> <span class='ocrx_word' id='word_1_416' title='bbox 2989 2000 3106 2063; x_wconf 87' lang='lat' dir='ltr'><strong>per</strong></span> <span class='ocrx_word' id='word_1_417' title='bbox 3147 1978 3484 2063; x_wconf 89' lang='lat' dir='ltr'><strong>publicum</strong></span> <span class='ocrx_word' id='word_1_418' title='bbox 3525 1976 3708 2042; x_wconf 87' lang='lat' dir='ltr'><strong>urbis</strong></span> <span class='ocrx_word' id='word_1_419' title='bbox 3749 1985 4010 2042; x_wconf 87' lang='lat' dir='ltr'><strong>nostrae</strong></span> <span class='ocrx_word' id='word_1_420' title='bbox 4046 1995 4395 2042; x_wconf 86' lang='lat' dir='ltr'><strong>cursorem.</strong></span> <span class='ocrx_word' id='word_1_421' title='bbox 4484 1974 4583 2040; x_wconf 86' lang='lat' dir='ltr'><strong>Ac</strong></span> <span class='ocrx_word' id='word_1_422' title='bbox 4615 1971 4720 2038; x_wconf 91' lang='lat' dir='ltr'><strong>ob-</strong></span> 
     </span>
     <span class='ocr_line' id='line_1_68' title="bbox 2785 2058 4724 2143; baseline -0.006 -9"><span class='ocrx_word' id='word_1_423' title='bbox 2785 2064 3247 2134; x_wconf 89' lang='lat' dir='ltr'><strong>secundassem</strong></span> <span class='ocrx_word' id='word_1_424' title='bbox 3305 2062 3423 2128; x_wconf 88' lang='lat' dir='ltr'><strong>tibi</strong></span> <span class='ocrx_word' id='word_1_425' title='bbox 3465 2062 3894 2129; x_wconf 88' lang='lat' dir='ltr'><strong>libentissime</strong></span> <span class='ocrx_word' id='word_1_426' title='bbox 3950 2061 4081 2127; x_wconf 89' lang='lat' dir='ltr'><strong>nisi</strong></span> <span class='ocrx_word' id='word_1_427' title='bbox 4138 2082 4363 2127; x_wconf 88' lang='lat' dir='ltr'><strong>cursor</strong></span> <span class='ocrx_word' id='word_1_428' title='bbox 4420 2061 4491 2125; x_wconf 93' lang='lat' dir='ltr'><strong>in</strong></span> <span class='ocrx_word' id='word_1_429' title='bbox 4543 2058 4724 2143; x_wconf 88' lang='lat' dir='ltr'><strong>pueri</strong></span> 
     </span>
     <span class='ocr_line' id='line_1_69' title="bbox 2788 2144 4724 2235; baseline -0.006 -15"><span class='ocrx_word' id='word_1_430' title='bbox 2788 2161 3143 2235; x_wconf 89' lang='lat' dir='ltr'><strong>conspectu</strong></span> <span class='ocrx_word' id='word_1_431' title='bbox 3185 2157 3523 2215; x_wconf 87' lang='lat' dir='ltr'><strong>coronatos</strong></span> <span class='ocrx_word' id='word_1_432' title='bbox 3556 2149 3893 2230; x_wconf 78' lang='lat' dir='ltr'><strong>proferens</strong></span> <span class='ocrx_word' id='word_1_433' title='bbox 3936 2146 4101 2212; x_wconf 90' lang='lat' dir='ltr'><strong>mihi</strong></span> <span class='ocrx_word' id='word_1_434' title='bbox 4141 2144 4531 2211; x_wconf 87' lang='lat' dir='ltr'><strong>tradidisset.</strong></span> <span class='ocrx_word' id='word_1_435' title='bbox 4595 2144 4724 2209; x_wconf 87' lang='lat' dir='ltr'><strong>Ita-</strong></span> 
     </span>
     <span class='ocr_line' id='line_1_70' title="bbox 2788 2232 4727 2321; baseline -0.004 -18"><span class='ocrx_word' id='word_1_436' title='bbox 2788 2259 2915 2321; x_wconf 91' lang='lat' dir='ltr'><strong>que</strong></span> <span class='ocrx_word' id='word_1_437' title='bbox 2956 2259 3090 2302; x_wconf 90' lang='lat' dir='ltr'><strong>non</strong></span> <span class='ocrx_word' id='word_1_438' title='bbox 3132 2236 3396 2320; x_wconf 85' lang='lat' dir='ltr'><strong>ignorat</strong></span> <span class='ocrx_word' id='word_1_439' title='bbox 3438 2255 3599 2317; x_wconf 90' lang='lat' dir='ltr'><strong>puer</strong></span> <span class='ocrx_word' id='word_1_440' title='bbox 3640 2240 3983 2299; x_wconf 88' lang='lat' dir='ltr'><strong>coronatos</strong></span> <span class='ocrx_word' id='word_1_441' title='bbox 4026 2253 4144 2298; x_wconf 85' lang='lat' dir='ltr'><strong>sex</strong></span> <span class='ocrx_word' id='word_1_442' title='bbox 4187 2232 4350 2296; x_wconf 88' lang='lat' dir='ltr'><strong>mihi</strong></span> <span class='ocrx_word' id='word_1_443' title='bbox 4401 2251 4443 2296; x_wconf 91' lang='lat' dir='ltr'><strong>a</strong></span> <span class='ocrx_word' id='word_1_444' title='bbox 4486 2238 4552 2295; x_wconf 93' lang='lat' dir='ltr'><strong>te</strong></span> <span class='ocrx_word' id='word_1_445' title='bbox 4593 2249 4727 2295; x_wconf 87' lang='lat' dir='ltr'><strong>esse</strong></span> 
     </span>
     <span class='ocr_line' id='line_1_71' title="bbox 2789 2315 4728 2403; baseline -0.006 -13"><span class='ocrx_word' id='word_1_446' title='bbox 2789 2324 3042 2390; x_wconf 88' lang='lat' dir='ltr'><strong>missos.</strong></span> <span class='ocrx_word' id='word_1_447' title='bbox 3131 2320 3276 2386; x_wconf 94' lang='lat' dir='ltr'><strong>Imo</strong></span> <span class='ocrx_word' id='word_1_448' title='bbox 3320 2322 3698 2403; x_wconf 90' lang='lat' dir='ltr'><strong>priusquam</strong></span> <span class='ocrx_word' id='word_1_449' title='bbox 3740 2318 3824 2384; x_wconf 85' lang='lat' dir='ltr'><strong>ad</strong></span> <span class='ocrx_word' id='word_1_450' title='bbox 3864 2340 3972 2384; x_wconf 91' lang='lat' dir='ltr'><strong>me</strong></span> <span class='ocrx_word' id='word_1_451' title='bbox 4031 2320 4286 2385; x_wconf 89' lang='lat' dir='ltr'><strong>veniret</strong></span> <span class='ocrx_word' id='word_1_452' title='bbox 4328 2315 4414 2384; x_wconf 89' lang='lat' dir='ltr'><strong>ad</strong></span> <span class='ocrx_word' id='word_1_453' title='bbox 4457 2316 4728 2382; x_wconf 86' lang='lat' dir='ltr'><strong>scribam</strong></span> 
     </span>
     <span class='ocr_line' id='line_1_72' title="bbox 2792 2403 4731 2488; baseline -0.005 -14"><span class='ocrx_word' id='word_1_454' title='bbox 2792 2409 3166 2487; x_wconf 83' lang='lat' dir='ltr'><strong>diverterat,</strong></span> <span class='ocrx_word' id='word_1_455' title='bbox 3210 2408 3318 2473; x_wconf 92' lang='lat' dir='ltr'><strong>cui</strong></span> <span class='ocrx_word' id='word_1_456' title='bbox 3359 2407 3603 2471; x_wconf 89' lang='lat' dir='ltr'><strong>iterum</strong></span> <span class='ocrx_word' id='word_1_457' title='bbox 3643 2425 3847 2488; x_wconf 89' lang='lat' dir='ltr'><strong>puero</strong></span> <span class='ocrx_word' id='word_1_458' title='bbox 3892 2413 4235 2488; x_wconf 88' lang='lat' dir='ltr'><strong>praesente</strong></span> <span class='ocrx_word' id='word_1_459' title='bbox 4280 2403 4543 2468; x_wconf 86' lang='lat' dir='ltr'><strong>dixerat</strong></span> <span class='ocrx_word' id='word_1_460' title='bbox 4583 2422 4651 2468; x_wconf 86' lang='lat' dir='ltr'><strong>se</strong></span> <span class='ocrx_word' id='word_1_461' title='bbox 4692 2420 4731 2464; x_wconf 89' lang='lat' dir='ltr'><strong>a</strong></span> 
     </span>
     <span class='ocr_line' id='line_1_73' title="bbox 2796 2482 4731 2573; baseline -0.006 -12"><span class='ocrx_word' id='word_1_462' title='bbox 2796 2493 3054 2561; x_wconf 71' lang='lat' dir='ltr'><strong>calvino</strong></span> <span class='ocrx_word' id='word_1_463' title='bbox 3106 2514 3225 2559; x_wconf 84' lang='lat' dir='ltr'><strong>sex</strong></span> <span class='ocrx_word' id='word_1_464' title='bbox 3280 2497 3620 2558; x_wconf 88' lang='lat' dir='ltr'><strong>coronatos</strong></span> <span class='ocrx_word' id='word_1_465' title='bbox 3677 2490 3913 2555; x_wconf 87' lang='lat' dir='ltr'><strong>afferre</strong></span> <span class='ocrx_word' id='word_1_466' title='bbox 3965 2488 4351 2573; x_wconf 77' lang='lat' dir='ltr'><strong>Bullinyero.</strong></span> <span class='ocrx_word' id='word_1_467' title='bbox 4453 2485 4532 2554; x_wconf 80' lang='lat' dir='ltr'><strong>Si</strong></span> <span class='ocrx_word' id='word_1_468' title='bbox 4583 2482 4731 2569; x_wconf 91' lang='lat' dir='ltr'><strong>quid</strong></span> 
     </span>
     <span class='ocr_line' id='line_1_74' title="bbox 2791 2575 4730 2664; baseline -0.006 -17"><span class='ocrx_word' id='word_1_469' title='bbox 2791 2601 2947 2664; x_wconf 90' lang='lat' dir='ltr'><strong>ergo</strong></span> <span class='ocrx_word' id='word_1_470' title='bbox 2991 2579 3099 2644; x_wconf 91' lang='lat' dir='ltr'><strong>hio</strong></span> <span class='ocrx_word' id='word_1_471' title='bbox 3140 2585 3482 2662; x_wconf 90' lang='lat' dir='ltr'><strong>peccatum</strong></span> <span class='ocrx_word' id='word_1_472' title='bbox 3523 2586 3627 2641; x_wconf 91' lang='lat' dir='ltr'><strong>est</strong></span> <span class='ocrx_word' id='word_1_473' title='bbox 3663 2597 3798 2641; x_wconf 90' lang='lat' dir='ltr'><strong>non</strong></span> <span class='ocrx_word' id='word_1_474' title='bbox 3832 2596 3981 2641; x_wconf 87' lang='lat' dir='ltr'><strong>mea</strong></span> <span class='ocrx_word' id='word_1_475' title='bbox 4013 2575 4207 2659; x_wconf 91' lang='lat' dir='ltr'><strong>culpa</strong></span> <span class='ocrx_word' id='word_1_476' title='bbox 4238 2581 4584 2658; x_wconf 87' lang='lat' dir='ltr'><strong>peccatum</strong></span> <span class='ocrx_word' id='word_1_477' title='bbox 4617 2579 4730 2636; x_wconf 68' lang='lat' dir='ltr'><strong>est</strong></span> 
     </span>
     <span class='ocr_line' id='line_1_75' title="bbox 2791 2656 4734 2746; baseline -0.005 -16"><span class='ocrx_word' id='word_1_478' title='bbox 2791 2666 3142 2731; x_wconf 87' lang='lat' dir='ltr'><strong>Rationem</strong></span> <span class='ocrx_word' id='word_1_479' title='bbox 3185 2662 3417 2746; x_wconf 85' lang='lat' dir='ltr'><strong>collegi</strong></span> <span class='ocrx_word' id='word_1_480' title='bbox 3451 2682 3649 2745; x_wconf 88' lang='lat' dir='ltr'><strong>quam</strong></span> <span class='ocrx_word' id='word_1_481' title='bbox 3683 2680 3933 2745; x_wconf 79' lang='lat' dir='ltr'><strong>papyro</strong></span> <span class='ocrx_word' id='word_1_482' title='bbox 3965 2660 4203 2726; x_wconf 89' lang='lat' dir='ltr'><strong>illitam</strong></span> <span class='ocrx_word' id='word_1_483' title='bbox 4244 2658 4446 2725; x_wconf 91' lang='lat' dir='ltr'><strong>simul</strong></span> <span class='ocrx_word' id='word_1_484' title='bbox 4479 2656 4587 2722; x_wconf 88' lang='lat' dir='ltr'><strong>hic</strong></span> <span class='ocrx_word' id='word_1_485' title='bbox 4619 2656 4734 2722; x_wconf 90' lang='lat' dir='ltr'><strong>tibi</strong></span> 
     </span>
     <span class='ocr_line' id='line_1_76' title="bbox 2789 2742 4734 2830; baseline -0.005 -13"><span class='ocrx_word' id='word_1_486' title='bbox 2789 2752 3001 2828; x_wconf 90' lang='lat' dir='ltr'><strong>mitto,</strong></span> <span class='ocrx_word' id='word_1_487' title='bbox 3046 2749 3237 2816; x_wconf 89' lang='lat' dir='ltr'><strong>sicuti</strong></span> <span class='ocrx_word' id='word_1_488' title='bbox 3295 2771 3335 2812; x_wconf 89' lang='lat' dir='ltr'><strong>a</strong></span> <span class='ocrx_word' id='word_1_489' title='bbox 3376 2767 3483 2812; x_wconf 92' lang='lat' dir='ltr'><strong>me</strong></span> <span class='ocrx_word' id='word_1_490' title='bbox 3526 2746 3884 2830; x_wconf 89' lang='lat' dir='ltr'><strong>postulasti.</strong></span> <span class='ocrx_word' id='word_1_491' title='bbox 3973 2747 4079 2811; x_wconf 90' lang='lat' dir='ltr'><strong>De</strong></span> <span class='ocrx_word' id='word_1_492' title='bbox 4123 2746 4243 2811; x_wconf 91' lang='lat' dir='ltr'><strong>reli</strong></span> <span class='ocrx_word' id='word_1_493' title='bbox 4287 2744 4391 2811; x_wconf 91' lang='lat' dir='ltr'><strong>uis</strong></span> <span class='ocrx_word' id='word_1_494' title='bbox 4436 2742 4734 2809; x_wconf 84' lang='lat' dir='ltr'><strong>omnibus</strong></span> 
     </span>
     <span class='ocr_line' id='line_1_77' title="bbox 2791 2826 4732 2916; baseline -0.006 -14"><span class='ocrx_word' id='word_1_495' title='bbox 2791 2837 3114 2902; x_wconf 89' lang='lat' dir='ltr'><strong>rationem</strong></span> <span class='ocrx_word' id='word_1_496' title='bbox 3173 2833 3404 2900; x_wconf 89' lang='lat' dir='ltr'><strong>reddet</strong></span> <span class='ocrx_word' id='word_1_497' title='bbox 3455 2853 3636 2916; x_wconf 91' lang='lat' dir='ltr'><strong>puer.</strong></span> <span class='ocrx_word' id='word_1_498' title='bbox 3747 2833 3881 2897; x_wconf 90' lang='lat' dir='ltr'><strong>Pro</strong></span> <span class='ocrx_word' id='word_1_499' title='bbox 3936 2831 4123 2897; x_wconf 89' lang='lat' dir='ltr'><strong>libris</strong></span> <span class='ocrx_word' id='word_1_500' title='bbox 4178 2831 4248 2896; x_wconf 91' lang='lat' dir='ltr'><strong>ni</strong></span> <span class='ocrx_word' id='word_1_501' title='bbox 4302 2830 4347 2895; x_wconf 87' lang='lat' dir='ltr'><strong>&#39;l</strong></span> <span class='ocrx_word' id='word_1_502' title='bbox 4408 2826 4732 2911; x_wconf 86' lang='lat' dir='ltr'><strong>expendit.</strong></span> 
     </span>
     <span class='ocr_line' id='line_1_78' title="bbox 2790 2911 4736 3004; baseline -0.006 -17"><span class='ocrx_word' id='word_1_503' title='bbox 2790 2922 2854 2987; x_wconf 91' lang='lat' dir='ltr'>N</span> <span class='ocrx_word' id='word_1_504' title='bbox 2858 2943 2965 2987; x_wconf 89' lang='lat' dir='ltr'><strong>am</strong></span> <span class='ocrx_word' id='word_1_505' title='bbox 3020 2941 3141 3004; x_wconf 92' lang='lat' dir='ltr'><strong>per</strong></span> <span class='ocrx_word' id='word_1_506' title='bbox 3194 2941 3409 2984; x_wconf 90' lang='lat' dir='ltr'><strong>meam</strong></span> <span class='ocrx_word' id='word_1_507' title='bbox 3465 2918 3994 2984; x_wconf 86' lang='lat' dir='ltr'><strong>intercessionem</strong></span> <span class='ocrx_word' id='word_1_508' title='bbox 4050 2917 4298 2983; x_wconf 87' lang='lat' dir='ltr'><strong>factum</strong></span> <span class='ocrx_word' id='word_1_509' title='bbox 4353 2924 4458 2982; x_wconf 89' lang='lat' dir='ltr'><strong>est</strong></span> <span class='ocrx_word' id='word_1_510' title='bbox 4500 2923 4579 2980; x_wconf 91' lang='lat' dir='ltr'><strong>ut</strong></span> <span class='ocrx_word' id='word_1_511' title='bbox 4619 2911 4736 2978; x_wconf 91' lang='lat' dir='ltr'><strong>mi·</strong></span> 
     </span>
     <span class='ocr_line' id='line_1_79' title="bbox 2792 3000 4737 3088; baseline -0.006 -14"><span class='ocrx_word' id='word_1_512' title='bbox 2792 3008 3003 3074; x_wconf 88' lang='lat' dir='ltr'><strong>nister</strong></span> <span class='ocrx_word' id='word_1_513' title='bbox 3058 3004 3439 3088; x_wconf 81' lang='lat' dir='ltr'><strong>bibliopolae</strong></span> <span class='ocrx_word' id='word_1_514' title='bbox 3489 3014 3558 3069; x_wconf 89' lang='lat' dir='ltr'><strong>et</strong></span> <span class='ocrx_word' id='word_1_515' title='bbox 3619 3002 4014 3087; x_wconf 80' lang='lat' dir='ltr'><strong>typographi</strong></span> <span class='ocrx_word' id='word_1_516' title='bbox 4073 3001 4490 3070; x_wconf 66' lang='lat' dir='ltr'><strong>Froschoveri</strong></span> <span class='ocrx_word' id='word_1_517' title='bbox 4545 3000 4737 3066; x_wconf 88' lang='lat' dir='ltr'><strong>libros</strong></span> 
     </span>
     <span class='ocr_line' id='line_1_80' title="bbox 2793 3079 4737 3175; baseline -0.005 -18"><span class='ocrx_word' id='word_1_518' title='bbox 2793 3093 3108 3175; x_wconf 87' lang='lat' dir='ltr'><strong>receperit</strong></span> <span class='ocrx_word' id='word_1_519' title='bbox 3148 3111 3269 3175; x_wconf 89' lang='lat' dir='ltr'><strong>pro</strong></span> <span class='ocrx_word' id='word_1_520' title='bbox 3311 3091 3606 3172; x_wconf 88' lang='lat' dir='ltr'><strong>pecunia.</strong></span> <span class='ocrx_word' id='word_1_521' title='bbox 3692 3089 4048 3156; x_wconf 87' lang='lat' dir='ltr'><strong>Praeterea</strong></span> <span class='ocrx_word' id='word_1_522' title='bbox 4097 3099 4446 3154; x_wconf 89' lang='lat' dir='ltr'><strong>coronatos</strong></span> <span class='ocrx_word' id='word_1_523' title='bbox 4502 3093 4544 3150; x_wconf 83' lang='lat'>4</span> <span class='ocrx_word' id='word_1_524' title='bbox 4595 3079 4737 3149; x_wconf 87' lang='lat' dir='ltr'><strong>dedi</strong></span> 
     </span>
     <span class='ocr_line' id='line_1_81' title="bbox 2791 3166 4740 3260; baseline -0.006 -15"><span class='ocrx_word' id='word_1_525' title='bbox 2791 3178 3062 3256; x_wconf 87' lang='lat' dir='ltr'><strong>scribae,</strong></span> <span class='ocrx_word' id='word_1_526' title='bbox 3107 3181 3145 3241; x_wconf 88' lang='lat'>2</span> <span class='ocrx_word' id='word_1_527' title='bbox 3171 3197 3373 3259; x_wconf 90' lang='lat' dir='ltr'><strong>puero</strong></span> <span class='ocrx_word' id='word_1_528' title='bbox 3394 3196 3512 3259; x_wconf 91' lang='lat' dir='ltr'><strong>pro</strong></span> <span class='ocrx_word' id='word_1_529' title='bbox 3534 3174 3770 3260; x_wconf 80' lang='lat' dir='ltr'><strong>debitis</strong></span> <span class='ocrx_word' id='word_1_530' title='bbox 3791 3172 4120 3240; x_wconf 89' lang='lat' dir='ltr'><strong>solvendis</strong></span> <span class='ocrx_word' id='word_1_531' title='bbox 4141 3181 4210 3238; x_wconf 90' lang='lat' dir='ltr'><strong>et</strong></span> <span class='ocrx_word' id='word_1_532' title='bbox 4244 3174 4506 3253; x_wconf 88' lang='lat' dir='ltr'><strong>viatico,</strong></span> <span class='ocrx_word' id='word_1_533' title='bbox 4553 3166 4740 3236; x_wconf 89' lang='lat' dir='ltr'><strong>sicuti</strong></span> 
     </span>
     <span class='ocr_line' id='line_1_82' title="bbox 2790 3255 4737 3347; baseline -0.007 -18"><span class='ocrx_word' id='word_1_534' title='bbox 2790 3265 2931 3347; x_wconf 92' lang='lat' dir='ltr'><strong>ipse</strong></span> <span class='ocrx_word' id='word_1_535' title='bbox 2973 3265 3230 3329; x_wconf 84' lang='lat' dir='ltr'><strong>referet.</strong></span> <span class='ocrx_word' id='word_1_536' title='bbox 3318 3262 3463 3345; x_wconf 86' lang='lat' dir='ltr'><strong>Ego</strong></span> <span class='ocrx_word' id='word_1_537' title='bbox 3550 3267 3843 3326; x_wconf 82' lang='lat' dir='ltr'><strong>taeterea</strong></span> <span class='ocrx_word' id='word_1_538' title='bbox 3884 3259 3965 3325; x_wconf 92' lang='lat' dir='ltr'><strong>de</strong></span> <span class='ocrx_word' id='word_1_539' title='bbox 4019 3280 4165 3325; x_wconf 90' lang='lat' dir='ltr'><strong>meo</strong></span> <span class='ocrx_word' id='word_1_540' title='bbox 4209 3259 4468 3326; x_wconf 82' lang='lat' dir='ltr'><strong>scribae</strong></span> <span class='ocrx_word' id='word_1_541' title='bbox 4513 3255 4661 3321; x_wconf 90' lang='lat' dir='ltr'><strong>dedi</strong></span> <span class='ocrx_word' id='word_1_542' title='bbox 4701 3259 4737 3316; x_wconf 81' lang='lat'>5</span> 
     </span>
     <span class='ocr_line' id='line_1_83' title="bbox 2792 3336 4743 3432; baseline -0.006 -16"><span class='ocrx_word' id='word_1_543' title='bbox 2792 3350 3042 3416; x_wconf 88' lang='lat' dir='ltr'><strong>talenta</strong></span> <span class='ocrx_word' id='word_1_544' title='bbox 3097 3348 3403 3432; x_wconf 88' lang='lat' dir='ltr'><strong>tigurina,</strong></span> <span class='ocrx_word' id='word_1_545' title='bbox 3458 3346 3481 3410; x_wconf 94' lang='lat' dir='ltr'><strong>i</strong></span> <span class='ocrx_word' id='word_1_546' title='bbox 3567 3354 3697 3424; x_wconf 92' lang='lat' dir='ltr'><strong>est,</strong></span> <span class='ocrx_word' id='word_1_547' title='bbox 3753 3344 4058 3410; x_wconf 79' lang='lat' dir='ltr'><strong>batzones</strong></span> <span class='ocrx_word' id='word_1_548' title='bbox 4109 3353 4442 3411; x_wconf 84' lang='lat' dir='ltr'><strong>vestrates</strong></span> <span class='ocrx_word' id='word_1_549' title='bbox 4494 3348 4580 3408; x_wconf 83' lang='lat'><strong>40</strong></span> <span class='ocrx_word' id='word_1_550' title='bbox 4637 3336 4743 3406; x_wconf 88' lang='lat' dir='ltr'><strong>vel</strong></span> 
     </span>
     <span class='ocr_line' id='line_1_84' title="bbox 2791 3423 4742 3510; baseline -0.006 -9"><span class='ocrx_word' id='word_1_551' title='bbox 2791 3436 2955 3501; x_wconf 87' lang='lat' dir='ltr'><strong>duos</strong></span> <span class='ocrx_word' id='word_1_552' title='bbox 2996 3443 3355 3510; x_wconf 89' lang='lat' dir='ltr'><strong>coronatos,</strong></span> <span class='ocrx_word' id='word_1_553' title='bbox 3401 3433 3620 3496; x_wconf 89' lang='lat' dir='ltr'><strong>minus</strong></span> <span class='ocrx_word' id='word_1_554' title='bbox 3668 3437 3746 3494; x_wconf 80' lang='lat'><strong>10</strong></span> <span class='ocrx_word' id='word_1_555' title='bbox 3782 3429 4182 3496; x_wconf 82' lang='lat' dir='ltr'><strong>batzonibus.</strong></span> <span class='ocrx_word' id='word_1_556' title='bbox 4272 3430 4423 3497; x_wconf 88' lang='lat' dir='ltr'><strong>Hos</strong></span> <span class='ocrx_word' id='word_1_557' title='bbox 4469 3439 4544 3495; x_wconf 88' lang='lat' dir='ltr'><strong>tu</strong></span> <span class='ocrx_word' id='word_1_558' title='bbox 4586 3423 4742 3492; x_wconf 89' lang='lat' dir='ltr'><strong>mihi</strong></span> 
     </span>
     <span class='ocr_line' id='line_1_85' title="bbox 2791 3512 4744 3601; baseline -0.006 -14"><span class='ocrx_word' id='word_1_559' title='bbox 2791 3521 3005 3598; x_wconf 88' lang='lat' dir='ltr'><strong>debes,</strong></span> <span class='ocrx_word' id='word_1_560' title='bbox 3051 3518 3155 3582; x_wconf 91' lang='lat' dir='ltr'><strong>vel</strong></span> <span class='ocrx_word' id='word_1_561' title='bbox 3197 3518 3388 3600; x_wconf 90' lang='lat' dir='ltr'><strong>pueri</strong></span> <span class='ocrx_word' id='word_1_562' title='bbox 3430 3527 3636 3601; x_wconf 86' lang='lat' dir='ltr'><strong>pater.</strong></span> <span class='ocrx_word' id='word_1_563' title='bbox 3701 3517 3846 3601; x_wconf 86' lang='lat' dir='ltr'><strong>Ego</strong></span> <span class='ocrx_word' id='word_1_564' title='bbox 3889 3517 4136 3582; x_wconf 87' lang='lat' dir='ltr'><strong>scribae</strong></span> <span class='ocrx_word' id='word_1_565' title='bbox 4180 3513 4350 3595; x_wconf 90' lang='lat' dir='ltr'><strong>dedi,</strong></span> <span class='ocrx_word' id='word_1_566' title='bbox 4394 3512 4744 3600; x_wconf 85' lang='lat' dir='ltr'><strong>quominus</strong></span> 
     </span>
     <span class='ocr_line' id='line_1_86' title="bbox 2790 3595 4745 3685; baseline -0.005 -13"><span class='ocrx_word' id='word_1_567' title='bbox 2790 3612 3203 3672; x_wconf 88' lang='lat' dir='ltr'><strong>succenseret</strong></span> <span class='ocrx_word' id='word_1_568' title='bbox 3234 3614 3356 3668; x_wconf 91' lang='lat' dir='ltr'><strong>etc.</strong></span> <span class='ocrx_word' id='word_1_569' title='bbox 3445 3601 3727 3670; x_wconf 86' lang='lat' dir='ltr'><strong>Ourabis</strong></span> <span class='ocrx_word' id='word_1_570' title='bbox 3769 3622 3943 3685; x_wconf 85' lang='lat' dir='ltr'><strong>ergo,</strong></span> <span class='ocrx_word' id='word_1_571' title='bbox 4001 3602 4094 3666; x_wconf 91' lang='lat' dir='ltr'><strong>mi</strong></span> <span class='ocrx_word' id='word_1_572' title='bbox 4140 3601 4438 3682; x_wconf 71' lang='lat' dir='ltr'><strong>Calvina,</strong></span> <span class='ocrx_word' id='word_1_573' title='bbox 4498 3607 4576 3666; x_wconf 91' lang='lat' dir='ltr'><strong>ut</strong></span> <span class='ocrx_word' id='word_1_574' title='bbox 4627 3595 4745 3662; x_wconf 87' lang='lat' dir='ltr'><strong>ali·</strong></span> 
     </span>
     <span class='ocr_line' id='line_1_87' title="bbox 2790 3687 4745 3774; baseline -0.005 -19"><span class='ocrx_word' id='word_1_575' title='bbox 2790 3688 3050 3774; x_wconf 88' lang='lat' dir='ltr'><strong>quando</strong></span> <span class='ocrx_word' id='word_1_576' title='bbox 3093 3709 3241 3754; x_wconf 91' lang='lat' dir='ltr'><strong>eam</strong></span> <span class='ocrx_word' id='word_1_577' title='bbox 3284 3688 3629 3771; x_wconf 88' lang='lat' dir='ltr'><strong>pecuniam</strong></span> <span class='ocrx_word' id='word_1_578' title='bbox 3672 3687 3998 3770; x_wconf 90' lang='lat' dir='ltr'><strong>recipiam.</strong></span> <span class='ocrx_word' id='word_1_579' title='bbox 4067 3688 4171 3754; x_wconf 89' lang='lat' dir='ltr'><strong>De</strong></span> <span class='ocrx_word' id='word_1_580' title='bbox 4212 3708 4423 3771; x_wconf 88' lang='lat' dir='ltr'><strong>puero</strong></span> <span class='ocrx_word' id='word_1_581' title='bbox 4469 3706 4607 3751; x_wconf 89' lang='lat' dir='ltr'><strong>non</strong></span> <span class='ocrx_word' id='word_1_582' title='bbox 4648 3687 4745 3747; x_wconf 88' lang='lat' dir='ltr'><strong>est</strong></span> 
     </span>
     <span class='ocr_line' id='line_1_88' title="bbox 2789 3769 4745 3858; baseline -0.005 -18"><span class='ocrx_word' id='word_1_583' title='bbox 2789 3775 2965 3858; x_wconf 91' lang='lat' dir='ltr'><strong>quod</strong></span> <span class='ocrx_word' id='word_1_584' title='bbox 3010 3775 3222 3840; x_wconf 89' lang='lat' dir='ltr'><strong>multa</strong></span> <span class='ocrx_word' id='word_1_585' title='bbox 3263 3773 3563 3839; x_wconf 90' lang='lat' dir='ltr'><strong>scribam.</strong></span> <span class='ocrx_word' id='word_1_586' title='bbox 3654 3772 4006 3838; x_wconf 83' lang='lat' dir='ltr'><strong>Maluisset</strong></span> <span class='ocrx_word' id='word_1_587' title='bbox 4045 3772 4154 3837; x_wconf 88' lang='lat' dir='ltr'><strong>hic</strong></span> <span class='ocrx_word' id='word_1_588' title='bbox 4196 3793 4494 3838; x_wconf 90' lang='lat' dir='ltr'><strong>manere.</strong></span> <span class='ocrx_word' id='word_1_589' title='bbox 4600 3769 4745 3834; x_wconf 86' lang='lat' dir='ltr'><strong>Non</strong></span> 
     </span>
     <span class='ocr_line' id='line_1_89' title="bbox 2790 3856 4746 3942; baseline -0.005 -15"><span class='ocrx_word' id='word_1_590' title='bbox 2790 3859 3141 3927; x_wconf 82' lang='lat' dir='ltr'><strong>admodum</strong></span> <span class='ocrx_word' id='word_1_591' title='bbox 3186 3857 3464 3942; x_wconf 90' lang='lat' dir='ltr'><strong>diligens</strong></span> <span class='ocrx_word' id='word_1_592' title='bbox 3496 3860 3622 3923; x_wconf 89' lang='lat' dir='ltr'><strong>fuit</strong></span> <span class='ocrx_word' id='word_1_593' title='bbox 3653 3859 3724 3923; x_wconf 90' lang='lat' dir='ltr'><strong>in</strong></span> <span class='ocrx_word' id='word_1_594' title='bbox 3769 3857 4091 3923; x_wconf 88' lang='lat' dir='ltr'><strong>visitando</strong></span> <span class='ocrx_word' id='word_1_595' title='bbox 4134 3857 4307 3923; x_wconf 89' lang='lat' dir='ltr'><strong>ludo.</strong></span> <span class='ocrx_word' id='word_1_596' title='bbox 4381 3856 4566 3940; x_wconf 77' lang='lat' dir='ltr'><strong>Quid</strong></span> <span class='ocrx_word' id='word_1_597' title='bbox 4603 3873 4746 3938; x_wconf 91' lang='lat' dir='ltr'><strong>pro-</strong></span> 
     </span>
     <span class='ocr_line' id='line_1_90' title="bbox 2789 3944 4750 4029; baseline -0.005 -19"><span class='ocrx_word' id='word_1_598' title='bbox 2789 3947 3015 4013; x_wconf 87' lang='lat' dir='ltr'><strong>fecerit</strong></span> <span class='ocrx_word' id='word_1_599' title='bbox 3069 3946 3136 4010; x_wconf 93' lang='lat' dir='ltr'><strong>in</strong></span> <span class='ocrx_word' id='word_1_600' title='bbox 3196 3945 3422 4029; x_wconf 91' lang='lat' dir='ltr'><strong>lingua</strong></span> <span class='ocrx_word' id='word_1_601' title='bbox 3478 3944 3855 4029; x_wconf 90' lang='lat' dir='ltr'><strong>germanica</strong></span> <span class='ocrx_word' id='word_1_602' title='bbox 3908 3946 4020 4027; x_wconf 87' lang='lat' dir='ltr'><strong>qui</strong></span> <span class='ocrx_word' id='word_1_603' title='bbox 4075 3945 4460 4028; x_wconf 86' lang='lat' dir='ltr'><strong>germanice</strong></span> <span class='ocrx_word' id='word_1_604' title='bbox 4512 3945 4750 4007; x_wconf 90' lang='lat' dir='ltr'><strong>norunt</strong></span> 
     </span>
     <span class='ocr_line' id='line_1_91' title="bbox 2790 4025 4747 4115; baseline -0.005 -18"><span class='ocrx_word' id='word_1_605' title='bbox 2790 4031 3185 4115; x_wconf 88' lang='lat' dir='ltr'><strong>intelligunt.</strong></span> <span class='ocrx_word' id='word_1_606' title='bbox 3283 4030 3590 4096; x_wconf 86' lang='lat' dir='ltr'><strong>Arbitror</strong></span> <span class='ocrx_word' id='word_1_607' title='bbox 3660 4037 3880 4095; x_wconf 87' lang='lat' dir='ltr'><strong>autem</strong></span> <span class='ocrx_word' id='word_1_608' title='bbox 3949 4050 4228 4112; x_wconf 89' lang='lat' dir='ltr'><strong>puerum</strong></span> <span class='ocrx_word' id='word_1_609' title='bbox 4299 4051 4444 4095; x_wconf 90' lang='lat' dir='ltr'><strong>non</strong></span> <span class='ocrx_word' id='word_1_610' title='bbox 4501 4025 4747 4094; x_wconf 91' lang='lat' dir='ltr'><strong>malum</strong></span> 
     </span>
     <span class='ocr_line' id='line_1_92' title="bbox 2791 4110 4750 4200; baseline -0.006 -16"><span class='ocrx_word' id='word_1_611' title='bbox 2791 4119 3031 4200; x_wconf 89' lang='lat' dir='ltr'><strong>alioqui</strong></span> <span class='ocrx_word' id='word_1_612' title='bbox 3076 4128 3143 4182; x_wconf 91' lang='lat' dir='ltr'><strong>et</strong></span> <span class='ocrx_word' id='word_1_613' title='bbox 3183 4117 3464 4181; x_wconf 90' lang='lat' dir='ltr'><strong>inertem</strong></span> <span class='ocrx_word' id='word_1_614' title='bbox 3506 4137 3664 4181; x_wconf 88' lang='lat' dir='ltr'><strong>esse.</strong></span> <span class='ocrx_word' id='word_1_615' title='bbox 3751 4115 3936 4181; x_wconf 90' lang='lat' dir='ltr'><strong>Bene</strong></span> <span class='ocrx_word' id='word_1_616' title='bbox 3979 4137 4134 4200; x_wconf 89' lang='lat' dir='ltr'><strong>ergo</strong></span> <span class='ocrx_word' id='word_1_617' title='bbox 4176 4115 4419 4182; x_wconf 83' lang='lat' dir='ltr'><strong>feceris</strong></span> <span class='ocrx_word' id='word_1_618' title='bbox 4463 4114 4525 4181; x_wconf 89' lang='lat' dir='ltr'><strong>si</strong></span> <span class='ocrx_word' id='word_1_619' title='bbox 4566 4110 4750 4178; x_wconf 89' lang='lat' dir='ltr'><strong>illum</strong></span> 
     </span>
     <span class='ocr_line' id='line_1_93' title="bbox 2790 4202 3357 4268; baseline -0.009 0"><span class='ocrx_word' id='word_1_620' title='bbox 2790 4224 2929 4268; x_wconf 90' lang='lat' dir='ltr'><strong>non</strong></span> <span class='ocrx_word' id='word_1_621' title='bbox 2972 4202 3357 4268; x_wconf 90' lang='lat' dir='ltr'><strong>deserueris.</strong></span> 
     </span>
    </p>

    <p class='ocr_par' dir='ltr' id='par_1_19' title="bbox 2788 4277 4750 4800">
     <span class='ocr_line' id='line_1_94' title="bbox 2960 4277 4750 4370; baseline -0.004 -17"><span class='ocrx_word' id='word_1_622' title='bbox 2960 4288 3145 4353; x_wconf 91' lang='lat' dir='ltr'><strong>Nihil</strong></span> <span class='ocrx_word' id='word_1_623' title='bbox 3190 4295 3529 4370; x_wconf 87' lang='lat' dir='ltr'><strong>praeterea</strong></span> <span class='ocrx_word' id='word_1_624' title='bbox 3569 4286 3745 4370; x_wconf 88' lang='lat' dir='ltr'><strong>quod</strong></span> <span class='ocrx_word' id='word_1_625' title='bbox 3787 4287 4067 4358; x_wconf 84' lang='lat' dir='ltr'><strong>scribam</strong></span> <span class='ocrx_word' id='word_1_626' title='bbox 4113 4286 4346 4369; x_wconf 86' lang='lat' dir='ltr'><strong>habeo,</strong></span> <span class='ocrx_word' id='word_1_627' title='bbox 4406 4285 4540 4353; x_wconf 90' lang='lat' dir='ltr'><strong>nisi</strong></span> <span class='ocrx_word' id='word_1_628' title='bbox 4583 4277 4750 4368; x_wconf 87' lang='lat' dir='ltr'><strong>quod</strong></span> 
     </span>
     <span class='ocr_line' id='line_1_95' title="bbox 2791 4367 4749 4460; baseline -0.004 -22"><span class='ocrx_word' id='word_1_629' title='bbox 2791 4375 3037 4460; x_wconf 86' lang='lat' dir='ltr'><strong>gratias</strong></span> <span class='ocrx_word' id='word_1_630' title='bbox 3094 4393 3215 4457; x_wconf 90' lang='lat' dir='ltr'><strong>ago</strong></span> <span class='ocrx_word' id='word_1_631' title='bbox 3274 4382 3426 4438; x_wconf 87' lang='lat' dir='ltr'><strong>tuae</strong></span> <span class='ocrx_word' id='word_1_632' title='bbox 3483 4372 3909 4451; x_wconf 86' lang='lat' dir='ltr'><strong>humanitati,</strong></span> <span class='ocrx_word' id='word_1_633' title='bbox 3974 4372 4086 4455; x_wconf 89' lang='lat' dir='ltr'><strong>qui</strong></span> <span class='ocrx_word' id='word_1_634' title='bbox 4140 4371 4587 4440; x_wconf 85' lang='lat' dir='ltr'><strong>adolescentis</strong></span> <span class='ocrx_word' id='word_1_635' title='bbox 4639 4367 4749 4432; x_wconf 82' lang='lat' dir='ltr'><strong>abs</strong></span> 
     </span>
     <span class='ocr_line' id='line_1_96' title="bbox 2788 4454 4750 4542; baseline -0.004 -17"><span class='ocrx_word' id='word_1_636' title='bbox 2788 4481 2898 4525; x_wconf 93' lang='lat' dir='ltr'><strong>me</strong></span> <span class='ocrx_word' id='word_1_637' title='bbox 2942 4458 3063 4525; x_wconf 90' lang='lat' dir='ltr'><strong>tibi</strong></span> <span class='ocrx_word' id='word_1_638' title='bbox 3106 4456 3538 4524; x_wconf 87' lang='lat' dir='ltr'><strong>commendati</strong></span> <span class='ocrx_word' id='word_1_639' title='bbox 3584 4480 3689 4524; x_wconf 90' lang='lat' dir='ltr'><strong>res</strong></span> <span class='ocrx_word' id='word_1_640' title='bbox 3733 4468 3871 4523; x_wconf 90' lang='lat' dir='ltr'><strong>tam</strong></span> <span class='ocrx_word' id='word_1_641' title='bbox 3915 4456 4258 4542; x_wconf 90' lang='lat' dir='ltr'><strong>diligenter</strong></span> <span class='ocrx_word' id='word_1_642' title='bbox 4303 4478 4529 4526; x_wconf 88' lang='lat' dir='ltr'><strong>curas.</strong></span> <span class='ocrx_word' id='word_1_643' title='bbox 4618 4454 4750 4520; x_wconf 88' lang='lat' dir='ltr'><strong>Do·</strong></span> 
     </span>
     <span class='ocr_line' id='line_1_97' title="bbox 2790 4538 4749 4611; baseline -0.003 -2"><span class='ocrx_word' id='word_1_644' title='bbox 2790 4548 3009 4611; x_wconf 88' lang='lat' dir='ltr'><strong>minus</strong></span> <span class='ocrx_word' id='word_1_645' title='bbox 3051 4545 3241 4610; x_wconf 89' lang='lat' dir='ltr'><strong>Iesus</strong></span> <span class='ocrx_word' id='word_1_646' title='bbox 3282 4551 3502 4609; x_wconf 88' lang='lat' dir='ltr'><strong>servet</strong></span> <span class='ocrx_word' id='word_1_647' title='bbox 3542 4551 3609 4608; x_wconf 92' lang='lat' dir='ltr'><strong>te</strong></span> <span class='ocrx_word' id='word_1_648' title='bbox 3647 4544 3837 4609; x_wconf 91' lang='lat' dir='ltr'><strong>nobis</strong></span> <span class='ocrx_word' id='word_1_649' title='bbox 3888 4543 4001 4608; x_wconf 89' lang='lat' dir='ltr'><strong>diu</strong></span> <span class='ocrx_word' id='word_1_650' title='bbox 4042 4543 4469 4611; x_wconf 90' lang='lat' dir='ltr'><strong>incolumem.</strong></span> <span class='ocrx_word' id='word_1_651' title='bbox 4559 4538 4749 4607; x_wconf 83' lang='lat' dir='ltr'><strong>Salu-</strong></span> 
     </span>
     <span class='ocr_line' id='line_1_98' title="bbox 2790 4622 4747 4697; baseline -0.003 -1"><span class='ocrx_word' id='word_1_652' title='bbox 2790 4639 2940 4696; x_wconf 88' lang='lat' dir='ltr'><strong>tant</strong></span> <span class='ocrx_word' id='word_1_653' title='bbox 2981 4639 3046 4697; x_wconf 90' lang='lat' dir='ltr'><strong>te</strong></span> <span class='ocrx_word' id='word_1_654' title='bbox 3088 4631 3339 4695; x_wconf 79' lang='lat' dir='ltr'><strong>fratres.</strong></span> <span class='ocrx_word' id='word_1_655' title='bbox 3428 4627 3762 4695; x_wconf 81' lang='lat' dir='ltr'><strong>Salutabis</strong></span> <span class='ocrx_word' id='word_1_656' title='bbox 3804 4628 3991 4695; x_wconf 90' lang='lat' dir='ltr'><strong>nobis</strong></span> <span class='ocrx_word' id='word_1_657' title='bbox 4033 4649 4260 4696; x_wconf 88' lang='lat' dir='ltr'><strong>omnes</strong></span> <span class='ocrx_word' id='word_1_658' title='bbox 4305 4631 4577 4696; x_wconf 81' lang='lat' dir='ltr'><strong>fratres.</strong></span> <span class='ocrx_word' id='word_1_659' title='bbox 4642 4622 4747 4690; x_wconf 75' lang='lat' dir='ltr'><strong>Ti-</strong></span> 
     </span>
     <span class='ocr_line' id='line_1_99' title="bbox 2792 4714 3991 4800; baseline -0.001 -19"><span class='ocrx_word' id='word_1_660' title='bbox 2792 4718 2940 4800; x_wconf 89' lang='lat' dir='ltr'><strong>guri</strong></span> <span class='ocrx_word' id='word_1_661' title='bbox 2991 4721 3086 4782; x_wconf 84' lang='lat'><strong>12.</strong></span> <span class='ocrx_word' id='word_1_662' title='bbox 3135 4714 3542 4798; x_wconf 82' lang='lat' dir='ltr'><strong>Septembris</strong></span> <span class='ocrx_word' id='word_1_663' title='bbox 3585 4736 3758 4780; x_wconf 89' lang='lat' dir='ltr'><strong>anno</strong></span> <span class='ocrx_word' id='word_1_664' title='bbox 3809 4720 3991 4780; x_wconf 80' lang='lat'><strong>1544.</strong></span> 
     </span>
    </p>
   </div>
   <div class='ocr_carea' id='block_1_15' title="bbox 3627 4848 4745 4936">
    <p class='ocr_par' dir='ltr' id='par_1_20' title="bbox 3627 4848 4745 4936">
     <span class='ocr_line' id='line_1_100' title="bbox 3627 4848 4745 4936; baseline -0.004 -18"><span class='ocrx_word' id='word_1_665' title='bbox 3627 4849 4054 4936; x_wconf 81' lang='lat' dir='ltr'><strong>Heinrychus</strong></span> <span class='ocrx_word' id='word_1_666' title='bbox 4096 4848 4540 4936; x_wconf 89' lang='lat' dir='ltr'><strong>Bullingerus</strong></span> <span class='ocrx_word' id='word_1_667' title='bbox 4582 4857 4745 4915; x_wconf 87' lang='lat' dir='ltr'><strong>tuns.</strong></span> 
     </span>
    </p>
   </div>
   <div class='ocr_carea' id='block_1_16' title="bbox 2793 4977 3146 4986">
    <p class='ocr_par' dir='ltr' id='par_1_21' title="bbox 2793 4977 3146 4986">
     <span class='ocr_line' id='line_1_101' title="bbox 2793 4977 3146 4986; baseline 0 1181"><span class='ocrx_word' id='word_1_668' title='bbox 2793 4977 3146 4986; x_wconf 95' lang='lat' dir='ltr'><strong> </strong></span> 
     </span>
    </p>
   </div>
   <div class='ocr_carea' id='block_1_17' title="bbox 2826 5039 3323 5108">
    <p class='ocr_par' dir='ltr' id='par_1_22' title="bbox 2826 5039 3323 5108">
     <span class='ocr_line' id='line_1_102' title="bbox 2826 5039 3323 5108; baseline -0.02 -5"><span class='ocrx_word' id='word_1_669' title='bbox 2826 5042 2954 5103; x_wconf 73' lang='lat'><strong>572.</strong></span> <span class='ocrx_word' id='word_1_670' title='bbox 2993 5043 3050 5108; x_wconf 85' lang='lat'><strong>1)</strong></span> <span class='ocrx_word' id='word_1_671' title='bbox 3087 5040 3168 5097; x_wconf 83' lang='lat' dir='ltr'><strong>N.</strong></span> <span class='ocrx_word' id='word_1_672' title='bbox 3203 5039 3323 5095; x_wconf 79' lang='lat'><strong>569.</strong></span> 
     </span>
    </p>
   </div>
  </div>
 </body>
</html>
