5050 6167
394 422 503 485 701

1275 604 1428 676 54⁶.

440 758 841 828 VIRE'I'US
884 758 2288 931 ΜῙΝΙΒΤὲἐὲΠΒΒῙΟΝΒΒΕΙΑΘΔΒΒΕΝ·

553 1050 704 1117 Post
761 1052 1139 1117 Genevenses
1192 1056 1249 1117 et
1294 1051 1734 1117 Neocomenses
1796 1053 1985 1118 etiam
2039 1052 2329 1119 Lauson-

384 1157 595 1204 nenses
632 1137 873 1221 fratres
914 1157 1030 1203 suo
1071 1136 1328 1202 consilio
1383 1156 1485 1203 eos
1526 1138 1833 1203 adiuvare
1884 1140 2149 1222 yesiiunt
2210 1161 2333 1221 quo

384 1225 517 1289 iure
566 1244 683 1289 suo
736 1225 806 1289 in
867 1224 1269 1289 caeremoniis
1338 1224 1737 1289 instituendis
1792 1229 1902 1288 aut
1959 1227 2330 1291 recusandis

384 1309 562 1376 libere
602 1309 799 1375 simul
838 1314 895 1375 et
926 1310 1232 1375 moderate
1273 1313 1549 1374 utantur.

377 1497 479 1565 (Ex
525 1496 737 1553 schedis
782 1495 1039 1551 Neocom.
1084 1496 1359 1565 descripta
1402 1503 1582 1550 exstat
1624 1498 1683 1551 iu
1728 1498 1860 1551 bibl.
1906 1497 2007 1551 civ.
2045 1497 2220 1551 Turio.
2258 1498 2323 1551 B.

676 1562 798 1633 217,
833 1582 888 1635 p.
926 1563 1027 1618 221
1065 1573 1122 1618 et
1154 1565 1359 1618 ibidem
1393 1583 1481 1635 ap.
1517 1566 1727 1620 Simler.
1763 1566 1889 1620 Vol.
1907 1564 2016 1633 54.)

373 1779 800 1846 Fidelissimis
834 1779 1087 1845 Christi
1129 1780 1447 1846 ministris
1489 1801 1566 1847 ac
1607 1780 1977 1862 pastoribus
2020 1780 2323 1847 molesia-

373 1887 518 1932 rum
560 1886 730 1949 quae
774 1875 933 1931 sunt
972 1866 1042 1929 in
1088 1866 1403 1931 comitatu
1445 1866 2057 1950 Monsbelgardeusi
2102 1868 2323 1932 fratri-

454 1950 577 2017 bus
624 1973 822 2036 quam
866 1951 1218 2016 carissimis
1263 1973 1338 2018 ac
1383 1951 1741 2034 plurimum
1786 1952 2233 2018 observandis.

535 2129 608 2197 S.
656 2129 809 2195 Non
851 2149 1085 2213 parum
1140 2130 1326 2213 angit
1376 2149 1499 2195 nos
1540 2138 1609 2195 et
1652 2139 1945 2212 egercet,
2000 2132 2321 2198 carissimi

367 2213 617 2294 statres,
660 2217 789 2281 ista
820 2222 1046 2282 vestra
1078 2217 1373 2294 tentatio,
1390 2221 1439 2294 ¹)
1474 2238 1604 2299 qua
1636 2215 1847 2282 Satan
1889 2238 2004 2282 vos
2028 2226 2094 2282 et
2113 2219 2319 2285 eccle·

369 2303 495 2368 sias
538 2309 797 2368 vestrae
839 2300 1217 2368 commissas
1252 2299 1406 2366 fidei
1445 2303 1731 2369 cribrare
1765 2303 1974 2368 modis
2011 2303 2319 2370 omuibus

366 2387 801 2453 machinatur.
889 2385 1026 2454 Sed
1082 2387 1245 2453 haec
1303 2395 1459 2453 sunt
1517 2399 1834 2472 perpetua
1886 2389 2026 2454 cius
2081 2389 2318 2470 studia,

366 2474 598 2556 quibus
666 2472 993 2539 Dominus
1057 2482 1430 2553 sanctorum
1508 2485 1846 2556 pastorum
1910 2475 2055 2540 vult
2116 2474 2316 2541 fidem

365 2561 800 2625 constantiam
859 2565 1052 2639 atque
1104 2560 1491 2642 patientiam
1543 2558 1835 2642 probare.
1922 2560 2061 2625 Vos
2116 2561 2319 2645 igitur

362 2645 500 2712 eius
546 2643 1098 2711 machinamentis
1114 2694 1128 2722 ‚
1175 2643 1400 2712 divino
1443 2645 1591 2710 freti
1637 2644 1962 2728 praesidio
1978 2697 1992 2719 ,
2036 2646 2319 2713 infracto

359 2740 621 2815 pectore
663 2730 972 2796 obsistite.
1020 2729 1187 2810 Quis
1230 2730 1405 2796 enim
1448 2751 1580 2795 non
1623 2730 1808 2796 videt
1849 2729 2168 2797 Satanam
2213 2733 2318 2797 his

360 2816 609 2883 artibus
654 2815 872 2881 moliri
914 2822 991 2880 ut
1032 2825 1319 2881 veterem
1365 2820 1735 2899 papismum
1776 2817 1960 2882 velut
2000 2817 2318 2900 postlimi-

358 2903 466 2969 nio
509 2902 857 2986 paullatim
900 2903 1221 2980 restituat,
1266 2912 1382 2967 aut
1422 2903 1865 2983 transformet,
1909 2913 2024 2968 aut
2064 2924 2314 2970 novum

357 2988 637 3055 invehat
677 2986 988 3053 ecclesiae
1029 2988 1468 3053 nocentiorem
1482 2988 1515 3051 ⁴?
1603 2987 1936 3053 Veremur
1989 2990 2166 3054 enim
2209 3011 2311 3068 ne,

356 3082 705 3225 postquam
749 3074 971 3138 omnia
1015 3073 1408 3139 admiserit-is
1446 3094 1612 3157 quae
1656 3095 1831 3141 nunc
1865 3073 2053 3139 vobis
2086 3075 2312 3141 obtru-

399 3168 624 3239 untur,
671 3179 829 3224 mox
862 3159 992 3224 alia
1025 3180 1102 3225 ac
1139 3158 1414 3225 subinde
1448 3180 1623 3225 nova
1655 3162 2062 3244 ingerantur.
2106 3161 2311 3226 Prae-

357 3252 485 3312 stat
538 3247 749 3331 igitur
803 3243 1007 3310 semel
1063 3244 1445 3327 periclitari,
1506 3247 1599 3310 ita
1640 3253 1862 3311 tamen
1920 3255 1997 3311 ut
2050 3266 2183 3311 non
2226 3246 2311 3312 ob

354 3332 719 3414 quamlibet
770 3330 987 3396 levem
1046 3351 1310 3397 causam
1354 3331 1542 3397 uobis
1585 3351 1882 3397 creemus
1926 3332 2307 3415 periculum.

353 3415 885 3502 Expendendum
929 3424 1031 3483 est
1073 3414 1422 3501 diligenter
1463 3414 1621 3499 quid
1664 3437 1823 3482 sana
1863 3417 1994 3482 fide
2027 3438 2104 3484 ac
2137 3418 2313 3484 bona

353 3502 753 3571 conscientia
795 3499 1066 3567 tolerari
1107 3502 1331 3586 possit,
1376 3500 1532 3586 quid
1574 3522 1727 3567 uon.
1774 3502 1965 3582 Quae
1997 3502 2311 3568 intolera-

351 3588 508 3654 bilia
558 3586 959 3655 videbuntur
1014 3587 1196 3654 nullo
1250 3595 1408 3655 sunt
1449 3597 1639 3670 pacto
1683 3585 1966 3654 ferenda.
2054 3588 2149 3652 At
2204 3588 2312 3653 hic

351 3672 593 3741 iudicio
642 3673 918 3758 spiritus
959 3694 1125 3757 opus
1169 3681 1287 3741 est.
1334 3672 1674 3755 Quaedam
1711 3673 1888 3739 enim
1923 3680 2080 3738 sunt
2113 3673 2310 3741 huius

351 3761 614 3844 generis
634 3811 654 3840 ,
712 3766 787 3824 ut
827 3759 902 3824 in
946 3759 1094 3825 aliis
1150 3759 1337 3825 nobis
1392 3758 1659 3824 ferenda
1716 3760 1849 3824 sint
1902 3778 2066 3840 quae
2121 3759 2311 3825 nobis

349 3853 572 3913 tamen
614 3845 894 3911 minime
936 3852 1095 3910 sunt
1134 3844 1560 3922 admittenda,
1606 3843 1721 3910 sed
1753 3843 2086 3909 interdum
2120 3843 2311 3909 dissi-

348 3931 701 4008 mulanda,
756 3931 1091 3996 interdum
1143 3930 1479 4014 prodenda
1531 3940 1599 3994 et
1640 3929 1858 4013 palam
1916 3929 2307 4008 damnanda,

349 4025 426 4082 ut
468 4016 786 4101 expedire
832 4015 1047 4082 visum
1090 4016 1306 4081 fuerit.
1393 4013 1530 4082 Sed
1572 4025 1818 4081 certam
1863 4017 2309 4097 praescribere

349 4103 656 4187 regulam
699 4100 1051 4167 admodum
1095 4101 1359 4167 difficile
1397 4109 1513 4166 est.
1574 4101 1746 4166 Nam
1787 4120 1908 4183 pro
1950 4120 2171 4166 rerum
2213 4101 2309 4166 lo-

348 4208 577 4254 corum
623 4197 694 4254 et
733 4197 1103 4271 temporum
1144 4186 1400 4251 ratione
1442 4187 1714 4269 spiritus
1758 4186 2053 4270 suggerit
2095 4208 2166 4251 se
2206 4186 2308 4251 in-

347 4275 741 4342 vocantibus
782 4273 953 4356 quod
993 4274 1164 4338 facto
1206 4293 1369 4355 opus
1413 4274 1559 4338 erit.

382 4580 515 4642 540.
567 4580 629 4650 1)
664 4577 1153 4647 Monsbclgyardiae
1194 4593 1286 4632 res
1316 4579 1433 4633 iam
1465 4576 1532 4630 ia
1557 4575 1726 4645 peius
1762 4590 2096 4645 proffessus
2127 4581 2307 4645 orant,

349 4647 483 4704 dem·
515 4649 1081 4705 ”mmmmm
1113 4665 1151 4702 a
1183 4647 1320 4702 duce
1352 4646 1510 4700 missi
1544 4645 2033 4714 (lammam
2067 4650 2119 4708 et
2152 4645 2309 4700 Pan-

347 4718 762 4787 maumam)
812 4717 1489 4773 sweriusetdoctrinam
1534 4715 2309 4769 mmdcaeremoniasm-

348 4788 670 4843 stimans
700 4788 993 4856 amabant,
1027 4788 1153 4867 ipso
1188 4787 1327 4842 duce
1363 4784 1785 4853 christophore,
1807 4785 2014 4863 pato-is
2046 4784 2112 4838 in
2144 4784 2310 4838 comi-

349 4860 474 4912 tatu
508 4856 963 4912 admtnistramdo
996 4855 1229 4923 vicario,
1266 4855 1602 4911 connivente.
1636 4853 1766 4907 Iam
1793 4870 1816 4905 t
1859 4868 1983 4906 sum
2005 4854 2313 4908 Tossamum

349 4926 582 4995 eiusque
629 4926 874 4981 asseclas
921 4943 960 4979 a
1004 4938 1170 4978 sacra
1217 4939 1412 4979 mma
1445 4936 1633 4977 arcere
1680 4921 1796 5001 vole
1830 4927 1932 4976 ant
1980 4923 2097 4976 nisi
2147 4922 2312 4975 etiam

349 4994 621 5064 ὑιάἑρηοε
657 4994 910 5066 corporis
944 4998 996 5047 et
1029 5007 1057 5046 s
1223 4994 1235 5004 ’
1272 4993 1326 5048 is
1348 4991 1560 5048 Christi
1586 4991 1897 5061 participes
1930 4990 2054 5058 fieri
2082 4991 2310 5059 profite-

348 5069 566 5120 rentur.
641 5064 784 5120 Dux
824 5061 1049 5119 U'ln'cus
1155 5061 1212 5116 io
1261 5062 1397 5131 quid
1437 5062 1621 5130 facere
1654 5059 1865 5115 deberet
1896 5061 2121 5129 royanti
2153 5059 2208 5114 d.
2244 5059 2313 5113 23

352 5133 512 5188 Maii
552 5133 876 5203 rescripsit:
922 5148 1085 5186 wanu
1127 5131 1207 5184 sie
1253 5131 1368 5185 sich
1413 5133 1514 5185 mit
1547 5130 1738 5185 Redeu
1771 5130 2043 5199 vet-gehen
2078 5130 2205 5184 sollt
2240 5129 2314 5183 du

352 5202 521 5257 ihneu
560 5204 647 5257 uff
674 5204 762 5257 die
797 5202 1013 5256 hauben
1049 5199 1283 5270 graifen,
1321 5201 1401 5253 sie
1435 5201 1641 5253 strafeu
1675 5198 1790 5252 und
1823 5198 1910 5251 ihr
1945 5216 2042 5266 gar
2075 5199 2160 5251 uit
2193 5215 2313 5252 ver-

352 5272 615 5339 schonnn,
694 5271 706 5284 ‘
850 5269 1252 5325 abdicationum
1497 5268 1510 5281 ⁶
1632 5266 1997 5324 mite-dibu
2027 5266 2313 5323 minimus.

353 5339 569 5413 (Hoyd,
604 5338 833 5410 Heu-109
871 5337 1062 5395 Um
1092 5338 1199 5393 111.
1236 5272 1384 5404 ΗΞ.)

2193 425 2358 488 1544
2400 422 2601 491 MAL

4265 437 4392 504 ⁷02

2611 608 2860 677 &alvini
2901 619 2970 676 et
3008 612 3291 678 fratrum
3330 613 3396 679 N
3396 617 3878 684 cocomeusium
3913 621 4311 688 sententiam
4329 624 4390 711 ²)

2434 695 2875 776 intellexistis,
2918 698 3030 780 qui
3072 699 3411 782 negotium
3446 710 3899 785 temperarunt
3928 726 4125 788 quam
4158 717 4391 791 potue-

2435 788 2596 846 runt
2630 781 3150 849 commodissime
3183 790 3252 850 et
3271 784 3341 849 in
3363 806 3502 850 rem
3541 799 3911 855 vestrarum
3947 791 4386 861 ecclesiarum.

2434 867 2759 933 Audimus
2814 876 3034 934 tamen
3075 876 3297 935 vestra
3336 870 3781 938 moderatione
3836 897 3966 942 nou
4011 899 4154 944 esse
4195 881 4390 946 satis-

2433 952 2677 1018 factum
2721 954 2802 1019 iis
2845 955 2958 1037 qui
3001 955 3160 1019 istas
3198 959 3640 1025 caeremonias
3683 969 3939 1045 urgent,
3985 963 4099 1028 sed
4142 965 4388 1030 mordi-

2432 1058 2551 1104 cus
2594 1040 2675 1103 ab
2719 1040 2878 1122 ipsis
2919 1040 3143 1106 omnia
3185 1041 3472 1122 retineri,
3516 1065 3649 1109 non
3692 1067 3881 1112 secus
3924 1068 3999 1113 ac
4044 1049 4098 1113 si
4142 1050 4390 1132 ipsissi-

2431 1144 2615 1188 mum
2640 1125 2766 1190 Dei
2804 1126 3074 1210 verbum
3111 1135 3442 1209 urgerent,
3488 1136 3606 1194 aut
3648 1131 3953 1215 dogmata
3986 1134 4219 1217 quibus
4252 1157 4389 1203 uon

2430 1217 2653 1291 posset
2708 1209 2980 1275 ecclesia
3036 1230 3277 1277 carere.
3357 1211 3582 1294 'Quam
3644 1237 3762 1282 nos
3817 1216 3988 1282 ludit
4030 1219 4271 1300 Satan,
4321 1229 4389 1288 et

2430 1313 2629 1377 quam
2686 1297 2885 1360 nimis
2933 1303 3092 1361 sunt
3143 1298 3332 1362 otiosi
3391 1299 3504 1380 qui
3544 1301 3705 1366 adeo
3749 1304 4073 1386 negotiosi
4116 1316 4272 1370 sunt
4312 1310 4387 1373 in

2430 1380 2761 1445 oneranda
2820 1383 3248 1447 caeremoniis
3311 1384 3614 1463 ecclesia,
3681 1387 3917 1469 quibus
3977 1409 4106 1473 quo
4171 1394 4384 1476 magis

2427 1475 2745 1549 gravatur
2799 1486 2876 1531 6ο
2933 1469 3143 1551 magis
3197 1469 3549 1552 degenerat
3602 1482 3668 1536 et
3717 1473 4006 1538 abscedit
4047 1496 4087 1539 a
4131 1475 4385 1542 Ohristi

2427 1551 2747 1616 institutis
2790 1563 2857 1617 et
2900 1554 3287 1635 apostolicae
3331 1556 3641 1620 ecclesiae
3683 1557 3992 1643 imagine,
4035 1582 4201 1643 quae
4245 1563 4383 1645 pie-

2427 1638 2585 1701 tatis
2635 1659 2831 1720 quam
2889 1640 3445 1705 caeremoniarum
3511 1661 3770 1725 semper
3824 1644 4173 1711 studiosior
4235 1648 4379 1716 fuit.

2425 1721 2749 1788 Videmus
2805 1724 3082 1790 'furcam
3148 1725 3392 1790 nostris
3453 1728 3815 1795 cervicibus
3878 1731 4256 1811 imminere,
4311 1740 4383 1798 et

2425 1809 2744 1874 minacem
2815 1808 2947 1874 Dei
3022 1831 3296 1875 manum
3374 1820 3668 1877 extrema
3743 1818 3963 1880 omnia
4037 1819 4158 1881 toti
4236 1819 4382 1885 orbi

2427 1893 2786 1960 christiano
2822 1896 3169 1975 intentare,
3206 1917 3535 1979 quumque
3569 1898 3693 1962 hoc
3728 1921 3934 1964 unum
3961 1921 4187 1969 omnes
4208 1905 4379 1970 serio

2424 1979 2727 2044 meditari
2783 1980 3167 2060 debeamus,
3225 1989 3300 2045 ut
3343 2003 3501 2047 vera
3552 1985 3956 2066 poenitentia
4013 1995 4080 2052 et
4121 1989 4381 2056 sincera

2422 2065 2759 2148 religionis
2794 2076 2859 2130 et
2891 2086 3151 2131 morum
3187 2068 3645 2133 reformatione
3681 2071 3972 2136 numinis
4013 2073 4379 2142 vindictam

2422 2159 2917 2232 praevertamus
2960 2159 3028 2217 et
3071 2161 3479 2231 avertamus,
3541 2154 3726 2219 velut
3777 2156 4039 2238 pueruli
4084 2159 4378 2227 noudum

2422 2236 2697 2301 nucibus
2773 2237 3016 2303 relictis
3097 2237 3536 2321 digladiamur
3599 2239 3680 2303 de
3746 2242 4227 2324 tintinnabulis,
4295 2244 4377 2313 de

2421 2321 2875 2404 praeficiendis
2936 2322 3338 2387 mulierculis
3402 2325 3778 2408 evangelico
3843 2327 4224 2408 ministerio,
4293 2331 4376 2398 de

2422 2408 2632 2486 saxis,
2690 2409 2820 2473 otio
2843 2413 2901 2484 ⁸)
2956 2415 3023 2472 et
3078 2407 3225 2473 aliis
3276 2408 3344 2473 id
3402 2430 3612 2493 genus
3668 2412 3887 2494 nugis,
3944 2413 4185 2497 quibus
4239 2435 4374 2481 uon

2420 2491 2632 2557 solum
2690 2494 2833 2558 sine
2887 2514 3006 2558 suo
3050 2493 3187 2558 ullo
3228 2494 3639 2560 incommodo
3681 2497 3953 2563 ecclesia
3994 2519 4217 2565 carere
4258 2522 4375 2584 po-

2421 2584 2569 2656 test,
2634 2578 2750 2643 sed
2812 2599 2980 2661 quae
3041 2579 3305 2661 pietatis
3370 2581 3715 2645 minimum
3782 2604 4009 2650 secum
4073 2585 4372 2667 afferant,

2420 2665 2900 2813 suptfsirstitionis
2931 2685 3089 2731 vero
3123 2665 3500 2748 plurimum,
3546 2687 3740 2748 quam
3782 2669 3982 2734 etiam
4026 2678 4273 2755 augent
4306 2679 4376 2737 et

2422 2768 2544 2813 con
2593 2757 2828 2814 rmant.

2589 2834 2739 2899 Non
2793 2855 3019 2900 sumus
3070 2835 3291 2918 itaque
3332 2835 3404 2900 in
3448 2837 3571 2902 hac
3615 2839 3942 2902 sententia
3982 2846 4061 2903 ut
4101 2840 4375 2907 mulier-

2416 2919 2713 2986 cularum
2767 2920 3091 3003 baptisma
3143 2921 3278 2986 ullo
3333 2928 3525 3004 pacto
3567 2923 3884 3005 probetis,
3943 2923 4115 3006 quod
4169 2925 4374 2993 nullis

2417 3006 2654 3070 nititur
2697 3006 3059 3090 scripturae
3102 3006 3578 3085 fundamentis,
3635 3008 3937 3091 quamvis
3982 3030 4129 3075 eam
4171 3009 4374 3079 huius

2415 3099 2771 3158 assertores
2817 3094 2889 3156 in
2934 3112 3117 3157 suam
3163 3092 3558 3157 sententiam
3600 3093 3987 3177 detorquere
4030 3104 4371 3164 conentur.

2413 3176 2748 3242 Videntur
2788 3198 2945 3241 saue
2989 3197 3214 3242 eorum
3256 3185 3647 3261 argumenta
3679 3180 3960 3245 nimium
3994 3181 4273 3263 puerilia
4306 3189 4375 3249 et

2413 3261 2689 3346 indigna
2748 3263 3060 3346 gravibus
3117 3262 3455 3346 theologis.
3546 3262 3621 3329 Si
3666 3265 4044 3331 obstetrices
4085 3268 4369 3352 tingant,

2414 3369 2550 3413 non
2615 3368 2954 3413 censemus
3019 3347 3351 3412 habendos
3415 3369 3534 3431 pro
3600 3350 3824 3416 tinctis
3888 3351 4046 3416 dum
4106 3352 4190 3417 ad
4247 3373 4374 3420 vos

2414 3434 2809 3498 afferuntur:
2876 3432 2990 3499 sed
3055 3432 3439 3511 docendum,
3505 3435 3617 3500 ubi
3672 3455 3743 3500 se
3798 3436 3980 3502 locus
4041 3436 4371 3520 obtulerit,

2414 3525 2742 3602 quatenus
2794 3518 3161 3603 baptismus
3215 3520 3301 3584 sit
3344 3526 3461 3583 aut
3496 3540 3629 3585 uon
3670 3522 3756 3586 sit
3799 3520 3882 3585 ad
3925 3521 4207 3591 salutem
4252 3544 4374 3591 ne-

2415 3625 2754 3672 cessamus.

2588 3688 2665 3756 Si
2701 3689 2889 3756 vobis
2931 3688 3183 3754 tollitur
3215 3691 3646 3756 conveniendi
3679 3690 3955 3758 facultas
3991 3699 4058 3756 et
4095 3695 4372 3760 coeundi

2413 3776 2484 3840 in
2530 3783 2753 3842 coetus
2808 3781 3182 3854 consuetos,
3238 3775 3307 3840 id
3350 3776 3538 3842 vobis
3591 3776 3936 3842 ferendum
3989 3778 4143 3856 erit,
4200 3780 4373 3845 sicut

2415 3861 2546 3925 alia
2587 3861 2758 3944 pluri
2767 3882 2873 3925 ma
2925 3880 3092 3943 quae
3137 3881 3178 3926 a
3218 3861 3411 3926 nobis
3462 3860 3920 3927 desiderantur
3959 3862 4031 3925 in
4076 3863 4370 3944 ecclesia,

2414 3953 2530 4010 aut
2572 3946 2938 4029 displicent,
2981 3946 3074 4011 ita
3117 3953 3337 4011 tamen
3380 3953 3459 4011 ut
3498 3968 3632 4012 non
3676 3946 4097 4013 dissimuletis
4140 3946 4209 4011 id
4253 3969 4369 4014 vo-

2413 4029 2513 4095 bis
2555 4033 2829 4097 minime
2871 4031 3168 4115 probari,
3228 4031 3342 4097 sed
3389 4032 3753 4098 reclametis
3797 4033 4053 4098 fortiter
4071 4084 4084 4109 ,
4145 4040 4372 4116 utpote

2412 4114 2588 4198 quod
2631 4116 2939 4182 ecclesiae
2989 4116 3279 4182 libertati
3322 4127 3389 4182 et
3428 4117 3778 4182 ministerii
3820 4117 4164 4182 autoritati
4222 4119 4375 4200 plus

2411 4202 2585 4267 iusto
2628 4201 2952 4267 detrahat.
3031 4203 3203 4268 Nam
3247 4205 3364 4268 vix
3407 4204 3612 4285 possit
3653 4205 3863 4268 maior
3907 4203 4210 4288 tyrannis
4254 4225 4369 4269 ex-

2414 4288 2690 4371 cogitari
2733 4288 2802 4352 in
2848 4287 3220 4368 ecclesiam,
3265 4309 3459 4371 quam
3503 4290 3648 4371 ipsa
3688 4309 4026 4371 nunquam
4073 4288 4203 4353 nisi
4245 4290 4370 4355 sub

2413 4374 2815 4438 saevissimis
2862 4374 3162 4456 tyrannis
3209 4380 3275 4438 et
3317 4373 3613 4439 hostibus
3653 4373 3988 4458 religionis
4022 4392 4214 4456 passa
4248 4382 4368 4439 est.

2414 4458 2604 4538 Quae
2640 4460 2815 4523 enim
2861 4465 2963 4523 est
3003 4466 3138 4522 tam
3181 4459 3333 4523 vilis
3375 4461 3673 4538 societas,
3733 4459 4042 4524 sodalitas
4087 4468 4202 4523 aut
4245 4460 4372 4524 mi-

2416 4545 2761 4609 nisterium
2780 4594 2795 4621 ,
2842 4544 2946 4608 cui
2989 4565 3123 4608 non
3168 4544 3302 4609 sint
3345 4545 3465 4610 sub
3509 4543 3737 4629 quovis
3779 4544 4098 4627 principe,
4141 4564 4370 4626 quam-

2413 4629 2576 4696 libet
2618 4644 2936 4714 tyranno,
2983 4630 3084 4695 sui
3128 4638 3490 4695 conventus
3533 4639 3598 4695 et
3641 4649 3763 4696 sua
3802 4628 4075 4695 coucilia
4117 4628 4368 4695 libera?

2416 4713 2493 4782 Si
2563 4713 2873 4779 diffidunt
2935 4714 3124 4780 nobis
3188 4716 3514 4798 principes
3580 4715 3660 4780 de
3723 4735 3844 4780 sua
3907 4714 4171 4791 ditione,
4238 4733 4370 4798 quo

2416 4801 2635 4866 animo
2670 4820 2854 4866 suam
2892 4801 3184 4883 ipsorum
3218 4810 3284 4865 et
3365 4799 3712 4883 opulorum
3748 4799 4028 4865 salutem
4062 4810 4132 4866 et
4165 4799 4369 4866 eccle-

2414 4887 2546 4952 sias
2589 4886 2999 4954 committere
3042 4823 3362 4969 possint?
3388 4888 3494 4951 An
3536 4906 3659 4950 nos
3702 4885 3948 4951 habent
3988 4905 4108 4970 pro
4149 4884 4370 4968 prodi-

2625 5193 2660 5247 2
2721 5191 2940 5251 Rhoe
2993 5189 3653 5262 —Fareuiepietozoem
3705 5189 4368 5248 mmmmmcc-

2417 5263 2573 5320 οοηιί.
2690 5261 3009 5318 ideGGo
3184 5259 4370 5333 rdfducomtddeMomdpss)

2623 5332 2681 5403 3)
2717 5333 2874 5388 oleo?
2943 5331 3082 5388 Nm
3113 5329 3935 5388 mmdeotioaabbatioo
