5050 6167
394 419 513 482 ⁷53

387 604 641 673 Ohristi
661 625 794 671 non
815 603 1011 671 modo
1046 606 1222 670 viam
1247 625 1509 670 omnem
1542 604 1977 688 praecludunt
2009 626 2095 672 ne
2127 606 2340 673 locum

386 689 561 775 apud
605 712 678 756 se
721 691 979 770 habeat,
1024 689 1140 756 sed
1194 691 1413 769 etiam,
1459 691 1669 773 quoad
1716 692 1785 755 in
1830 713 1900 757 se
1942 700 2063 771 est,
2124 693 2343 776 ipsum

386 777 619 862 procul
660 776 930 842 arcent?
1018 777 1231 860 Atqui
1273 777 1367 842 sic
1410 775 1670 842 videtur
1713 777 1858 841 fieri
1894 779 2037 844 Deo
2079 778 2346 859 iniuria,

386 861 660 949 perinde
704 882 781 926 ac
822 864 881 928 si
924 863 1067 929 eius
1109 864 1358 929 veritas
1415 863 1497 928 ab
1540 862 1825 928 hominis
1867 864 2139 929 arbitrio
2184 885 2344 946 pen·

388 948 595 1014 deret.
699 948 779 1012 Id
841 970 995 1014 vero
1042 970 1457 1033 nequaquam
1510 948 1662 1014 inde
1714 949 2027 1032 sequitur.
2117 949 2347 1032 Neque

385 1033 565 1100 enim
602 1034 897 1099 efficiunt
923 1034 1111 1119 impii
1145 1057 1268 1101 sua
1302 1035 1627 1118 pravitate
1660 1034 1817 1116 quin
1863 1045 2347 1101 sacramentum

386 1120 662 1187 Domini
730 1121 863 1186 vim
930 1141 1115 1187 suam
1181 1121 1493 1197 retineat,
1561 1121 1719 1202 quin
1774 1120 1910 1186 illis
1970 1121 2093 1186 sub
2158 1122 2348 1205 panis

389 1206 689 1291 symbolo
732 1208 1071 1284 offeratur,
1129 1209 1288 1290 quin
1332 1205 1613 1289 denique
1662 1228 1859 1272 verax
1904 1208 1973 1272 in
2018 1207 2153 1272 suis
2197 1227 2347 1292 pro·

388 1292 611 1359 missis
667 1303 934 1358 maneat
986 1292 1323 1358 Christus:
1379 1291 1493 1356 sed
1549 1293 1726 1356 aliud
1783 1303 1885 1358 est
1939 1303 2198 1359 mutare
2252 1293 2348 1357 rei

390 1389 699 1444 naturam
746 1389 813 1443 et
854 1381 925 1442 in
970 1378 1249 1443 nihilum
1295 1376 1609 1461 redigere,
1656 1378 1838 1443 aliud
1881 1399 2190 1462 respuere
2235 1379 2348 1443 ob·

390 1464 603 1529 latum
647 1463 891 1529 donum
937 1486 1022 1529 ne
1066 1463 1148 1527 ad
1205 1484 1357 1528 eum
1400 1485 1608 1544 usque
1663 1466 2000 1546 perveniat
2046 1465 2152 1530 cui
2196 1465 2352 1528 offe-

392 1551 678 1616 rebatur.
788 1550 991 1632 Atqui
1068 1550 1387 1614 reclamat
1448 1548 1699 1614 Paulus
1768 1570 1973 1632 quum
2037 1559 2349 1615 testatur:

392 1655 623 1702 omnes
665 1636 775 1719 qui
834 1635 1107 1719 indigne
1165 1634 1568 1699 manducant
1620 1634 1936 1700 iudicium
1995 1636 2120 1701 sibi
2163 1657 2351 1699 man-

396 1722 669 1798 ducare,
729 1722 884 1804 quia
940 1742 1072 1785 non
1134 1718 1495 1786 diiudicent
1549 1739 1786 1803 corpus
1830 1721 2116 1786 Domini.
2207 1722 2352 1805 Ego

393 1828 554 1875 vero
596 1806 765 1871 nihil
810 1805 955 1873 dico
998 1806 1170 1891 quod
1215 1827 1348 1870 non
1382 1806 1626 1887 optime
1660 1827 1809 1871 cum
1845 1805 1952 1871 his
1974 1806 2170 1872 Pauli
2205 1828 2352 1871 ver-

395 1893 499 1960 bis
533 1903 872 1978 congruat.
963 1893 1118 1958 Iure
1171 1894 1348 1957 enim
1404 1892 1500 1956 rei
1541 1890 1868 1976 sacrilegii
1910 1893 2353 1974 pronuncian-

396 1987 512 2046 tur
556 1980 667 2064 qui
710 1978 938 2043 datum
980 1979 1105 2045 sibi
1148 1977 1412 2042 Domini
1464 1997 1699 2060 corpus
1752 1978 2157 2060 repudiando
2200 1998 2353 2045 con-

396 2065 672 2132 tumelia
714 2065 1027 2131 afficiunt.
1115 2064 1515 2146 Quanquam
1566 2070 1644 2128 ut
1701 2063 1870 2127 nihil
1912 2065 2210 2132 futurum
2255 2064 2355 2128 in·

399 2150 727 2219 commodi
782 2151 976 2216 video
1033 2151 1087 2216 si
1144 2152 1291 2233 quis
1349 2149 1551 2226 dicat,
1611 2148 1904 2232 recipere
1947 2150 2145 2215 etiam
2190 2169 2356 2232 quo-

399 2236 748 2303 dammodo
804 2238 981 2319 ipsos
1036 2235 1149 2302 scd
1192 2235 1376 2300 intus
1432 2255 1567 2299 non
1611 2237 1975 2318 percipere,
2035 2237 2126 2300 ita
2166 2234 2355 2300 facile

395 2323 466 2390 id
507 2322 953 2390 concederem.
1042 2321 1295 2386 Verum
1350 2323 1679 2404 fingamus
1738 2320 1820 2386 de
1877 2342 1955 2386 eo
2011 2342 2146 2385 non
2203 2340 2356 2385 con-

396 2408 628 2477 venire
690 2409 869 2473 inter
932 2429 1052 2473 nos
1106 2427 1226 2491 per
1290 2407 1541 2484 omnia,
1621 2407 2068 2489 quaestionem
2134 2415 2358 2472 tamen

399 2492 722 2563 eiusmodi
764 2515 907 2560 esse
951 2494 1234 2559 arbitror
1287 2513 1456 2576 quae
1497 2492 1743 2557 maiore
1786 2513 1937 2558 cum
1979 2493 2201 2558 fructu
2254 2513 2357 2556 so-

402 2582 629 2667 piatur
669 2600 865 2663 quam
911 2600 1119 2663 usque
1165 2579 1248 2644 ad
1293 2578 1781 2643 contentionem
1827 2579 2254 2661 protrahatur
2286 2579 2358 2641 in

398 2665 712 2734 medium.
801 2665 976 2747 Quid
1015 2666 1210 2742 enim,
1254 2662 1536 2741 obsecro,
1581 2662 1704 2728 hoc
1746 2663 1829 2727 ad
1872 2663 2150 2747 plebem,
2196 2684 2359 2728 num

403 2754 485 2820 ab
529 2753 750 2835 impiis
792 2750 1228 2815 manducetur
1261 2749 1518 2814 Christi
1560 2747 1847 2832 corpus?
1937 2749 2167 2832 Neque
2203 2769 2360 2814 vero

404 2859 512 2905 me
576 2838 745 2903 latet
810 2846 1066 2902 veteres
1124 2836 1217 2901 sio
1272 2834 1606 2899 interdum
1673 2834 1883 2900 solere
1939 2835 2132 2917 loqui.
2223 2833 2358 2900 Sed

406 2945 534 3011 quo
579 2943 775 2989 seusu
815 2923 910 2986 ita
951 2921 1325 3021 loquantur,
1380 2942 1583 3004 quum
1626 2941 1708 2985 ex
1755 2920 1983 2986 multis
2024 2920 2173 2984 aliis
2216 2922 2359 2984 Au-

407 3010 658 3096 gustini
716 3008 1110 3074 testimoniis
1174 3014 1458 3082 constat,
1527 3016 1670 3071 tum
1727 3027 1884 3071 vero
1949 3005 2061 3071 ubi
2127 3004 2286 3071 dicit
2301 3008 2360 3087 ⁹)

407 3107 895 3164 sacramentum
950 3093 1077 3158 hoo
1133 3093 1306 3158 sumi
1360 3090 1443 3156 ad
1500 3093 1702 3157 vitam
1760 3092 1907 3157 aliis
1960 3101 2026 3156 et
2081 3091 2227 3156 aliis
2279 3088 2362 3155 ad

409 3183 721 3260 exitium,
778 3201 919 3244 rem
973 3199 1133 3245 vero
1189 3199 1323 3242 non
1365 3178 1495 3241 nisi
1550 3177 1633 3241 ad
1675 3177 1886 3243 vitam
1942 3179 2026 3243 iis
2068 3178 2179 3260 qui
2221 3177 2364 3241 eius

409 3268 761 3355 participes
814 3264 1075 3330 fuerint.
1163 3262 1314 3344 Quo
1368 3265 1567 3327 etiam
1620 3263 1909 3344 pertinet
1961 3263 2169 3328 altera
2223 3264 2365 3327 eius

410 3353 769 3423 sententia:
861 3350 1099 3416 Iudam
1188 3370 1336 3415 cum
1414 3347 1723 3432 apostolis
1803 3348 2013 3413 odisse
2103 3347 2367 3431 quidem

460 3461 654 3505 anem
701 3437 992 3513 Domini,
1047 3434 1193 3500 illos
1251 3453 1410 3501 vero
1455 3432 1665 3498 edisse
1709 3454 1947 3517 panem
1983 3432 2364 3498 Dominum.

409 3461 688 3601 gerum,
735 3525 908 3589 sicut
951 3522 1165 3587 dicere
1207 3540 1566 3602 coeperam,
1611 3539 1917 3602 quorsum
1963 3518 2088 3583 hac
2129 3517 2368 3584 disser-

412 3612 663 3677 tatione
690 3608 773 3694 ¹⁰)
796 3628 981 3691 opus,
1023 3606 1216 3671 modo
1239 3612 1493 3671 constet
1526 3605 1874 3686 impiorum
1912 3603 2166 3668 malitia
2199 3603 2370 3668 nihil

413 3696 811 3765 sacramenti
853 3703 1130 3758 naturae
1186 3700 1253 3757 et
1297 3691 1623 3757 efficaciae
1668 3689 1981 3772 deperire,
2027 3688 2157 3753 nisi
2201 3687 2373 3772 quod

415 3784 487 3849 in
531 3803 757 3848 eorum
798 3800 1005 3863 usque
1040 3780 1291 3843 animas
1326 3798 1456 3841 non
1492 3784 1794 3859 penetrat
1826 3785 2169 3858 propterea
2202 3772 2372 3858 quod

418 3870 682 3936 clausus
726 3876 827 3933 est
869 3864 1130 3930 aditus?
1220 3863 1386 3939 Ubi,
1443 3863 1744 3944 inquam,
1801 3860 1881 3925 de
1938 3860 2062 3927 hac
2108 3882 2177 3925 re
2222 3879 2371 3924 con-

419 3954 626 4030 venit,
660 3957 755 4016 'an
801 3952 1107 4016 convenit
1148 3950 1229 4015 ob
1273 3949 1686 4032 quaestiones
1729 3947 2027 4030 spinosas
2074 3953 2142 4010 et
2180 3945 2373 4010 iutri-

419 4048 599 4107 catas
654 4039 832 4102 inter
894 4057 1016 4101 nos
1072 4032 1507 4100 tumultuari?
1595 4032 1728 4099 Ubi
1790 4033 1971 4115 pacis
2036 4029 2374 4097 studium?

419 4125 556 4193 Ubi
615 4143 772 4190 cura
826 4121 1326 4197 aedificationis,
1376 4140 1583 4203 quum
1640 4118 1824 4183 nulla
1882 4118 1951 4181 in
2010 4137 2083 4181 re
2126 4116 2376 4182 dissen-

420 4211 697 4277 tientem
743 4210 915 4273 ferre
955 4207 1302 4290 possimus,
1330 4210 1414 4289 ¹¹)
1466 4206 1623 4288 quin
1678 4225 1831 4269 mox
1874 4221 2379 4287 prorumpamus

420 4297 496 4363 in
541 4295 780 4361 hostile
823 4292 1199 4360 certamen?
1290 4289 1569 4372 Quando
1631 4298 1853 4356 autem
1899 4288 2197 4353 videmus
2241 4286 2382 4351 An-

420 4382 815 4469 yelandrum,
862 4388 936 4444 ut
976 4378 1189 4446 solent
1236 4378 1533 4441 homines
1574 4375 1840 4453 indocti,
1887 4374 2129 4440 ferocia
2169 4382 2237 4437 et
2278 4372 2382 4436 in-

424 4469 747 4552 temperie
803 4486 924 4532 sua
980 4463 1225 4547 abripi,
1297 4470 1371 4527 ut
1428 4482 1666 4542 susque
1720 4458 1929 4543 deque
1986 4471 2054 4525 et
2111 4457 2384 4524 Domini

428 4555 706 4642 gloriam
752 4560 820 4617 et
861 4550 1169 4616 ecclesiae
1223 4545 1738 4613 aedificationem
1793 4545 2062 4624 habeat,
2119 4544 2385 4609 obsecro

429 4650 499 4707 te
542 4641 786 4723 optime
836 4636 1130 4716 Senephi,
1191 4645 1263 4698 ut
1306 4654 1459 4698 eum
1504 4632 1858 4697 autoritate
1903 4641 2020 4698 tua
2062 4651 2382 4707 coerceas,

428 4747 520 4793 ne
583 4725 861 4790 ulterius
932 4722 1179 4786 sanctis
1247 4730 1314 4784 et
1377 4717 1650 4783 eruditis
1715 4717 2090 4784 hominibus
2154 4724 2387 4800 pergat

430 4811 748 4878 molestus
791 4827 952 4873 esse.
1043 4803 1158 4871 Sic
1212 4805 1386 4869 enim
1447 4801 1776 4888 agendum
1835 4814 1936 4869 est
1991 4824 2143 4869 cum
2196 4802 2385 4867 indo·

431 4898 615 4964 mitis
657 4896 800 4960 istis
844 4890 1197 4975 capitibus,
1256 4913 1421 4973 quae
1473 4889 1723 4954 ratione
1780 4910 1850 4953 se
1899 4889 2041 4973 regi
2095 4909 2227 4952 non
2270 4908 2385 4971 pa-

432 4985 716 5050 tiuntur.
802 4977 1032 5062 Neque
1084 4974 1347 5042 mireris
1403 4976 1697 5060 asperius
1754 4974 2086 5058 aliquanto
2144 4995 2249 5038 me
2307 4971 2388 5039 de

645 5203 705 5260 9)
744 5202 945 5257 noma
981 5200 1066 5255 26.
1102 5200 1158 5253 in
1197 5200 1382 5253 tonan.
1419 5197 1707 5266 (rmum
1737 5197 1804 5254 is·
1835 5175 2126 5264 naim)

612 5272 705 5338 10)
739 5272 821 5323 dis
862 5271 1107 5325 utatione
1142 5266 1295 5323 Edd.

613 5341 705 5405 11)
884 5379 895 5391 .
968 5339 1077 5394 Cur
1112 5339 1261 5391 nulla
1293 5337 1350 5390 in
1384 5351 1445 5390 re
1481 5375 1495 5389 .
1532 5377 1545 5389 .
1583 5377 1595 5388 .
1634 5376 1648 5390 .
1683 5352 1969 5405 possumus
2001 5338 2159 5389 aaut.

668 5425 889 5482 aalma
919 5439 1107 5494 opera.
1190 5422 1305 5478 Vol.
1345 5419 1458 5475 XI.

2124 421 2289 484 1544
2332 417 2661 487 OOTOB.

2440 5243 2447 5348 ξ
2490 5262 2558 5316 in
2589 5262 2916 5332 apomapho
2952 5259 3313 5318 Neoconmm’
3356 5259 3489 5313 hmo
3527 5257 3663 5313 indo

2441 5359 2447 5373 ·
2486 5331 2808 5400 prehendas.

4288 425 4412 488 754

2444 608 2589 691 ipso
2631 606 2829 690 loqui.
2915 606 3215 673 Nimium
3257 607 3431 672 enim
3477 606 3591 673 diu
3623 606 3944 693 patientia
3984 613 4210 675 nostra
4241 609 4409 677 abu-

2447 715 2563 759 sus
2605 701 2728 772 est,
2779 714 2901 760 nos
2943 694 3141 758 simul
3185 714 3414 759 omncs
3457 702 3524 758 et
3566 704 3825 759 nostras
3867 694 4173 762 ecclesias
4216 706 4405 779 petu-

2447 779 2663 843 lanter
2699 778 3095 863 impetendo.
3183 778 3378 860 Quod
3435 780 3756 845 hactenus
3797 782 4153 860 tacuimus,
4211 782 4282 845 in
4326 803 4406 849 eo

2450 864 2803 930 habuimus
2845 886 2980 929 non
3022 873 3161 929 tam
3203 866 3409 947 ipsius
3453 887 3651 949 quam
3685 866 4085 932 christianae
4130 865 4407 933 unitatis

2449 950 2792 1017 rationem.
2857 950 3052 1016 Nunc
3086 972 3243 1015 vero
3278 951 3555 1015 fratrum
3590 964 3980 1032 nostrorum,
4023 972 4157 1017 non
4180 954 4408 1019 Mons-

2449 1035 2979 1119 belgardcnsium
3015 1034 3127 1101 sod
3151 1035 3617 1102 Neocomensis
3651 1037 3960 1104 ecclesiae
3990 1040 4073 1116 ¹²)
4109 1047 4177 1104 et
4209 1038 4407 1104 huius

2451 1130 2734 1200 nostrae,
2774 1130 3013 1206 rogatu
3057 1141 3133 1185 ac
3175 1121 3485 1187 mandato
3528 1132 3594 1186 tc
3635 1144 3755 1205 per
3789 1123 4149 1188 Dominum
4192 1124 4407 1190 obtes-

2452 1215 2574 1285 tor,
2621 1215 2695 1270 ut
2740 1207 3037 1272 fraenum
3079 1206 3180 1271 illi
3222 1207 3494 1285 iniicias,
3552 1218 3902 1292 antequam
3947 1210 4084 1275 eius
4129 1210 4411 1274 stultitia

2454 1290 2569 1378 (ne
2613 1291 2768 1375 quid
2815 1290 3027 1357 dicam
3154 1292 3367 1378 avius)
3425 1293 3687 1377 longius
3739 1295 4108 1360 innotescat
4161 1315 4408 1379 magno

2454 1379 2595 1443 eius
2639 1377 2970 1443 dedecore.
3124 1378 3225 1443 uis
3282 1387 3384 1444 est
3439 1380 3616 1443 enim
3660 1380 4066 1463 Anyelander
4116 1389 4192 1445 ut
4229 1401 4411 1447 nuno

2455 1462 2778 1528 Bucerum
2809 1468 2891 1538 ¹⁸)
2956 1462 3252 1542 allatret,
3318 1486 3494 1530 nunc
3555 1465 3760 1530 istum
3825 1465 4152 1544 mordeat,
4232 1487 4412 1532 nunc

2453 1548 2645 1613 illum
2691 1549 2966 1627 laceret,
3026 1557 3221 1632 atque
3279 1549 3374 1614 ita
3417 1569 3536 1633 pro
3581 1572 3703 1616 sua
3742 1549 4012 1617 libidine
4056 1551 4414 1635 quemlibet

2456 1634 2733 1717 arripiat
2774 1657 2857 1700 ex
2899 1634 2982 1700 iis
3036 1636 3146 1718 qui
3191 1634 3441 1699 utiliter
3485 1635 3812 1700 desudant
3851 1636 3924 1700 in
3967 1636 4414 1718 promovendo

2457 1721 2708 1786 Christi
2753 1741 2987 1807 regno,
3048 1728 3125 1784 ut
3166 1719 3467 1785 omnibus
3510 1721 3707 1786 simul
3750 1720 4144 1788 maledicat?
4200 1742 4415 1806 neque

2454 1806 2523 1871 id
2561 1804 2772 1886 modo,
2810 1806 2924 1871 sed
2963 1806 3305 1871 universas
3340 1827 3593 1889 quoque
3628 1805 3934 1873 ecclesias
3975 1808 4219 1873 furiose
4254 1827 4415 1873 suae

2457 1913 2777 1957 censurae
2843 1891 3188 1958 subiiciat?
3289 1893 3456 1957 Plus
3509 1892 3671 1958 satis
3725 1899 3828 1957 est
3883 1892 4055 1977 quod
4109 1893 4232 1959 hoc
4288 1893 4415 1957 im-

2457 1999 2634 2061 pune
2675 1977 2772 2042 illi
2814 1977 3134 2043 hactenus
3169 1976 3383 2043 licuit:
3430 1985 3617 2042 tuum
3653 1999 3813 2043 vero
3848 1987 3964 2056 est,
4011 1977 4416 2044 observande

2457 2064 2678 2142 frater,
2724 2071 2981 2128 tantam
3024 2061 3312 2129 hominis
3357 2063 3697 2128 audaciam
3740 2065 4128 2146 reprimet,
4184 2085 4270 2129 ne
4314 2064 4419 2128 ul-

2458 2149 2665 2215 terius
2708 2162 3026 2233 erumpat.
3118 2149 3283 2232 Ego,
3328 2151 3481 2232 quia
3515 2158 3690 2214 certo
3733 2171 3881 2215 sum
3925 2170 4277 2234 persuasus
4313 2170 4420 2215 me

2461 2235 2579 2300 abs
2623 2244 2687 2299 te
2732 2236 2969 2314 amari,
3027 2234 3298 2300 minime
3356 2234 3581 2300 dubito
3634 2236 3793 2318 quin
3849 2236 4012 2301 haec
4068 2236 4137 2299 in
4179 2235 4421 2300 bonam

2461 2328 2719 2404 partem
2762 2320 3072 2402 accipias,
3133 2328 3328 2403 atque
3379 2321 3579 2385 etiam
3632 2320 3821 2386 facile
3867 2321 4170 2404 ignoscas
4214 2320 4423 2386 sicubi

2462 2406 2632 2470 mihi
2695 2403 2942 2488 aliquid
3007 2405 3206 2470 nimis
3288 2405 3524 2471 durum
3591 2405 3924 2471 exciderit.
4033 2406 4276 2484 Porr0,
4344 2412 4423 2470 ut

2462 2493 2665 2556 finem
2711 2490 3022 2576 epistolae
3065 2490 3331 2570 faciam,
3385 2512 3518 2557 non
3562 2489 3740 2556 aliud
3783 2490 3900 2556 abs
3943 2499 4010 2556 te
4053 2500 4236 2574 peto,
4292 2490 4422 2556 nisi

2466 2587 2542 2641 ut
2581 2576 2821 2642 fratres
2866 2598 3085 2641 amore
3139 2585 3253 2642 tuo
3313 2577 3545 2659 dignos
3598 2578 3670 2641 in
3715 2577 3962 2660 optima
4004 2596 4202 2641 causa
4244 2595 4420 2641 com-

2463 2660 2811 2727 mendatos
2853 2661 3114 2728 habeas.
3205 2662 3402 2744 Quod
3441 2663 3620 2727 nullo
3658 2664 3924 2748 negotio
3958 2683 4066 2728 me
4107 2668 4420 2746 impetra-

2463 2755 2694 2811 turum
2751 2748 3020 2814 confide.
3110 2747 3310 2828 Vale,
3383 2748 3796 2814 ornatissime
3857 2747 4154 2831 Senephi,
4213 2747 4425 2813 amice

2465 2833 2801 2899 carissime
2868 2841 2937 2898 et
2996 2833 3264 2901 colende
3326 2835 3396 2899 in
3440 2833 3709 2900 Christo
3773 2834 3993 2898 frater.
4095 2833 4424 2898 Dominus

2464 2918 2656 2984 Iesus
2699 2924 2766 2982 te
2809 2919 3042 3003 spiritu
3088 2941 3207 2986 suo
3262 2921 3586 3005 gubernet
3639 2929 3955 3004 perpetuo
3998 2918 4069 2983 in
4114 2918 4425 2985 ecclesiae

2466 3025 2627 3069 suae
2670 3004 2968 3071 salutem.
3001 3005 3083 3087 ¹⁴)

3394 3142 3676 3209 Ioannes
3722 3142 4047 3214 Calvinus
4089 3149 4260 3207 tuus.

3383 3700 3532 3771 576.

2970 3853 3442 3922 OALVINUS
3486 3853 3950 3921 FARELLO.

2654 4026 2758 4093 De
2798 4026 3023 4091 itinere
3073 4024 3373 4091 Turicum
3424 4046 3646 4090 versus
3698 4025 4093 4109 suscipiendo
4148 4026 4236 4092 ad
4276 4047 4439 4093 com-

2473 4113 2839 4197 ponendam
2869 4112 3147 4192 fratrum
3179 4131 3321 4178 cum
3342 4110 3612 4176 Luthero
3638 4111 3808 4178 litem
3832 4112 4024 4194 plane
4060 4110 4196 4178 alia
4229 4113 4442 4196 ipsius

2482 4209 2573 4264 cst
2614 4198 2916 4266 sententia
2957 4217 3033 4264 ac
3077 4195 3337 4264 Farelli.

2488 4369 2602 4431 (Ex
2638 4373 2765 4420 auto
2901 4367 2974 4420 ho
3021 4366 3151 4420 Ood.
3188 4367 3389 4419 Genev.
3431 4365 3545 4430 106,
3590 4366 3680 4419 sol.
3725 4366 3836 4420 11‘1.
3907 4368 4210 4438 Descripsit
4244 4369 4441 4424 Turre·

2486 4438 2637 4490 tinus
2686 4436 2765 4490 Oo
2810 4472 2824 4486 .
2898 4437 2985 4502 11,
3029 4436 3122 4489 fol.
3169 4433 3238 4489 97
3291 4434 3433 4488 unde
3481 4451 3633 4489 exem
3675 4435 3759 4488 lar
3805 4437 4082 4490 Berueuse
4129 4438 4267 4508 Epp.
4312 4439 4442 4493 VII.

2529 4545 2543 4559 .
2577 4502 2718 4574 630,
2755 4521 2825 4559 ex
2871 4520 2979 4574 quo
3023 4504 3255 4574 sumpsit
3291 4504 3554 4558 simlerus
3650 4505 3720 4557 ol.
3766 4501 3850 4557 56.
3905 4532 3965 4543 —
4015 4505 4205 4559 Edidit
4250 4508 4443 4579 Hem-y

2487 4523 2551 4628 ll&
2589 4574 2660 4628 11.
2696 4575 2842 4643 App.
2881 4590 2933 4642 p.
2974 4571 3089 4628 108.
3142 4572 3370 4640 Anglice
3404 4574 3605 4641 legitur
3638 4573 3696 4625 in
3731 4573 4030 4628 ed.Edinb.
4067 4574 4128 4628 Τ.
4149 4575 4189 4629 1.
4225 4593 4280 4644 p.
4294 4574 4446 4641 404.)

2674 4849 2757 4910 12)
2801 4848 3082 4903 Tossauus
3114 4845 3352 4902 maxime
3386 4844 3672 4900 Far-ellum
3704 4846 4047 4913 respiciebat,
4085 4846 4201 4900 scil.
4245 4846 4446 4903 Mons-

2491 4918 2805 4988 bayardiae
2837 4917 3264 4984 reformatorem.
3337 4914 3422 4981 Of.
3529 4915 3708 4968 exime
3746 4919 4062 4982 sequentem.

2667 4988 2758 5053 13)
2794 4987 2987 5042 Etiam
3019 4986 3274 5040 Bucerus
3532 4982 4043 5052 Wirtomborqmes
4090 4997 4196 5050 pro
4245 4984 4446 5039 Mons-

2492 5056 2941 5125 bagao-domibus
2992 5055 3391 5109 intercesserat.
3482 5051 3563 5117 Cf.
3625 5051 3695 5106 N
3693 5091 3704 5101 .
3762 5050 3866 5105 546
3922 5056 4036 5105 not.
4081 5053 4118 5105 4
4168 5056 4221 5106 et
4263 5052 4448 5109 Hert·

2438 5142 2664 5188 :mann
2695 5125 2731 5179 1.
2766 5125 2802 5179 1.

2669 5194 2757 5253 14)
2794 5192 3054 5248 Fau-onus
3086 5190 3416 5256 adscripsit.-
3455 5189 3537 5242 10.
3574 5190 3688 5243 Oct.
3730 5207 3779 5244 a.
3811 5187 3900 5241 44.
3970 5187 4242 5244 Eiusdem
4272 5205 4451 5246 manu

3407 5260 3417 5270 ”
3704 5256 4104 5314 mummium·
4135 5257 4320 5323 factas
4351 5258 4449 5316 do-

3960 5411 4031 5464 48
