5050 6167
710 417 834 480 799

709 602 826 687 qui
868 600 1091 667 eodem
1136 600 1205 665 iu
1248 600 1387 665 leco
1431 598 1687 665 scribit:
1728 598 1900 664 Nam
1947 598 2104 663 dum
2146 597 2323 662 filius
2378 618 2419 661 a
2458 603 2647 680 patre

707 688 1001 755 nascitur
1038 687 1255 751 emnia
1296 683 1704 763 naturaliter,
1748 686 1960 767 ipsum
2005 685 2201 749 etiam
2243 704 2404 756 esse,
2450 705 2490 747 a
2533 704 2647 763 pa-

710 783 813 839 tre
864 772 1079 846 habet,
1137 782 1207 836 et
1257 772 1400 836 ideo
1453 770 1690 835 dicitur
1745 792 1784 834 a
1837 779 2023 854 patre
2082 770 2390 852 accipere.
2495 769 2645 833 Non

707 859 914 944 igitur
956 878 1153 941 quum
1203 878 1336 922 non
1388 856 1584 920 habet
1639 857 1927 937 accipere
1970 877 2009 919 a
2062 865 2247 938 patre
2303 853 2642 919 scribitur:

709 945 911 1011 habet
972 945 1147 1007 enim
1210 944 1430 1007 omnia
1492 941 1908 1016 naturaliter,
1978 962 2178 1022 quum
2244 941 2517 1005 verbum
2581 949 2648 1003 et

708 1029 1019 1114 splendor
1058 1029 1222 1094 lucis
1265 1037 1574 1110 paternae
1618 1027 1722 1102 sit,
1779 1047 1911 1090 une
1969 1026 2105 1091 selo
2160 1035 2430 1108 excepte
2475 1023 2647 1106 qued

708 1125 900 1199 pater
954 1134 1087 1178 non
1146 1125 1262 1179 est.
1362 1112 1676 1193 Accipere
1731 1125 1950 1176 autem
2000 1133 2070 1176 se
2124 1132 2164 1176 a
2219 1122 2407 1194 patre
2460 1111 2644 1186 dixit,

710 1210 788 1267 ut
850 1201 1107 1265 futuras
1174 1198 1646 1264 haereticorum
1692 1197 2029 1278 opiniones
2088 1195 2398 1261 radicitus
2456 1217 2644 1261 ever·

709 1294 900 1353 teret.
988 1284 1249 1350 Deinde
1305 1283 1465 1346 hacc
1519 1284 1807 1365 apertius
1850 1284 2194 1348 insinuans
2249 1294 2399 1364 post
2441 1301 2650 1363 pauca

708 1372 1063 1439 subvertit:
1109 1371 1280 1435 Nam
1324 1390 1526 1451 quum
1570 1388 1654 1432 ex
1696 1369 2063 1433 substantia
2117 1369 2322 1450 patris
2375 1367 2650 1451 prodeat

709 1457 933 1525 emnia
985 1456 1190 1539 patris
1247 1454 1660 1519 aeternaliter
1712 1452 1927 1530 habet,
1975 1455 2391 1518 aeternaliter
2450 1455 2644 1517 etiam

709 1543 838 1609 hac
879 1543 1131 1608 ratione
1174 1561 1259 1604 ex
1304 1560 1379 1604 eo
1423 1539 1673 1621 accepit
1715 1541 1934 1603 omnia
1977 1560 2142 1622 quae
2195 1541 2400 1621 ipsius
2441 1539 2650 1621 patris

710 1637 888 1695 sunt.
976 1627 1202 1691 Vitam
1246 1626 1450 1709 igitur
1489 1624 1739 1707 accipit.
1828 1625 1959 1689 Hic
2014 1625 2213 1700 vides,
2269 1625 2325 1689 si
2382 1644 2648 1705 prorsus

710 1734 941 1781 caecus
983 1733 1113 1777 non
1158 1732 1227 1775 es
1269 1709 1374 1774 vel
1415 1709 1688 1774 limosus
1731 1719 1924 1788 totus,
1971 1710 2125 1793 quid
2163 1709 2323 1775 velit
2358 1709 2651 1794 Oyrillus

709 1820 915 1883 quum
955 1798 1197 1879 inquit.-
1240 1794 1314 1861 Si
1362 1795 1524 1860 nihil
1569 1794 1767 1860 habet
1807 1796 1982 1861 filius
2026 1817 2065 1861 a
2108 1816 2181 1861 se
2223 1797 2382 1878 ipso,
2440 1816 2651 1879 neque

710 1885 911 1952 etiam
976 1882 1238 1946 habebit
1300 1891 1486 1965 pater
1546 1902 1586 1945 a
1642 1902 1713 1945 se
1767 1881 1926 1963 ipso,
2030 1879 2102 1947 Si
2151 1880 2310 1946 haec
2353 1881 2471 1945 tibi
2518 1902 2649 1946 uon

708 1980 868 2037 sunt
901 1968 1077 2044 satis,
1123 1969 1269 2050 lege
1307 1986 1472 2049 quae
1506 1987 1657 2029 mex
1694 1966 2183 2048 appenduntur:
2233 1975 2373 2032 tum
2411 1988 2649 2049 agnos-

707 2075 816 2123 ces
859 2074 1052 2137 quam
1092 2053 1447 2119 oscitanter
1480 2051 1804 2135 Cyl-illum
1839 2052 2220 2135 inspexeris,
2266 2073 2459 2135 quem
2496 2060 2649 2116 tuae

705 2140 1074 2209 sententiae
1125 2138 1292 2204 falso
1349 2138 1544 2221 fingis
1609 2146 2014 2203 assertorem.
2124 2138 2356 2221 Longe
2410 2140 2650 2221 quippe

706 2224 1046 2292 discedens
1098 2245 1141 2289 a
1192 2231 1259 2288 te
1314 2222 1651 2288 diversum
1703 2225 1908 2288 sentit
1958 2244 2153 2306 quam
2207 2235 2420 2307 putes,
2475 2221 2648 2305 qued

705 2311 1031 2460 qulisquis‚
1108 2310 1237 2374 nisi
1304 2307 1555 2374 levibus
1619 2311 1892 2392 argutiis
1957 2308 2232 2385 ducitur,
2295 2311 2482 2376 facile
2547 2311 2647 2373 in-

707 2409 777 2461 te
804 2397 848 2460 li
897 2405 979 2459 et.

852 2418 1124 2545 gVideor
1165 2480 1369 2564 igitur
1409 2477 1667 2543 abunde
1710 2480 1871 2544 satis
1905 2481 2192 2562 strophis
2227 2481 2356 2547 tuis
2395 2501 2479 2545 ex
2514 2483 2649 2564 Uy-

703 2567 840 2635 rilli
882 2565 1339 2631 autoritatibus
1382 2574 1627 2629 temere
1662 2563 1934 2631 detortis
1969 2565 2396 2648 respondisse.
2483 2566 2650 2630 Pro·

700 2653 860 2720 inde
914 2650 1070 2716 hinc
1125 2653 1325 2715 finem
1383 2671 1560 2714 eram
1607 2650 1919 2715 facturus:
1985 2672 2213 2717 verum
2258 2651 2503 2733 aliquot
2545 2670 2650 2714 ar-

802 2747 1022 2803 menta
1062 2746 1214 2800 tuae
1257 2736 1455 2820 priori
1498 2735 1812 2819 epistolae
1852 2736 2102 2802 inserta
2144 2757 2277 2802 non
2338 2738 2650 2801 siverunt.

704 2760 966 2906 &nibus
1019 2822 1253 2886 fratres
1306 2831 1562 2886 nostros
1618 2821 1711 2887 sic
1768 2823 2072 2888 inescasti
2128 2830 2204 2886 ut
2258 2842 2300 2886 a
2342 2836 2458 2887 tua
2500 2843 2651 2886 sen-

701 2910 915 2975 tentia
979 2905 1202 2972 divelli
1269 2929 1402 2972 non
1463 2908 1729 2988 possint.

703 2995 967 3078 integra
1020 2992 1181 3057 mihi
1240 2991 1638 3068 redderetur,
1699 2993 1814 3057 sed
1858 3013 1993 3056 nen
2036 2994 2316 3058 exoravi.

703 3101 836 3147 nus
892 3079 1061 3144 hanc
1117 3099 1224 3143 me
1281 3079 1595 3144 celarunt.
1700 3075 1896 3157 Quod
1944 3099 2072 3161 qua
2113 3080 2364 3143 ratione
2406 3080 2651 3145 factum

702 3167 796 3235 sit
837 3185 920 3230 ne
962 3162 1225 3246 quidem
1267 3163 1581 3246 intellige.
1648 3162 1939 3228 Tandem
1976 3183 2133 3228 vere
2176 3186 2216 3228 a
2256 3165 2457 3229 fratre
2500 3183 2650 3228 nes·

702 3261 811 3318 tro
881 3248 1142 3316 Mutatio
1161 3252 1252 3324 ⁸⁶)
1326 3250 1770 3332 fragmentum
1832 3250 2048 3314 nescio
2113 3248 2284 3331 quod
2348 3249 2649 3331 precibus

701 3339 966 3404 extorsi.
1057 3335 1171 3402 Sic
1214 3343 1432 3399 autem
1479 3333 1784 3398 habebat:
1831 3333 2058 3413 Quum
2098 3333 2293 3400 Pauli
2338 3355 2651 3418 expressa

707 3424 843 3491 sint
886 3422 1084 3487 verba
1124 3419 1292 3505 quod
1338 3420 1408 3483 in
1453 3418 1722 3485 Christo
1763 3419 2020 3484 habitet
2058 3421 2270 3485 omnis
2315 3420 2648 3504 plenitudo

702 3508 1088 3581 divinitatis,
1149 3505 1500 3570 aliundene
1559 3526 1645 3569 an
1703 3525 1742 3568 a
1801 3526 1872 3569 se
1910 3506 2052 3586 ipsa
2108 3507 2196 3570 sit
2248 3505 2362 3572 illa
2406 3505 2645 3571 ‹livini-

699 3594 860 3659 tatis
913 3589 1269 3675 plenitude,
1325 3610 1515 3654 neme
1574 3598 1674 3653 est
1726 3589 1839 3672 qui
1895 3597 2107 3674 neget.
2197 3589 2275 3657 Si
2329 3592 2447 3656 tibi
2492 3611 2644 3657 cum

699 3679 925 3778 fungis
969 3686 1140 3742 esset
1183 3676 1537 3759 negotium,
1588 3673 1860 3752 Calvino,
1905 3677 2123 3741 forsan
2168 3676 2482 3742 eiusmodi
2538 3697 2643 3742 ar-

793 3771 1035 3828 t1arum
1080 3760 1365 3843 strophis
1410 3759 1631 3824 ludere
1693 3759 1990 3826 licuisset.
2079 3763 2175 3827 At
2229 3783 2430 3846 quum
2493 3784 2641 3829 cum

751 3850 825 3928 is,
884 3849 1000 3931 qui
1055 3845 1403 3929 aliquando
1456 3845 1525 3909 iu
1577 3845 1815 3910 scholis
1869 3867 2135 3911 manum
2193 3847 2441 3913 ferulae
2495 3848 2643 3913 sub-

698 3934 1038 4000 duxerunt
1077 3939 1696 4015 praeceptorumque
1738 3952 1935 4015 opera
1966 3932 2066 3998 usi
2111 3942 2283 4009 sunt,
2328 3933 2481 4000 licet
2522 3931 2642 3997 tibi

696 4019 1066 4085 eruditione
1109 4018 1244 4082 sint
1282 4017 1581 4097 impares,
1626 4017 1964 4102 negotium
2018 4019 2120 4095 sit,
2176 4020 2450 4083 miratus
2491 4038 2640 4082 sum

695 4124 817 4172 cur
879 4113 1014 4168 tam
1071 4122 1306 4185 parum
1360 4102 1650 4184 apposite
1706 4104 2126 4170 ratiocinatus
2180 4103 2398 4168 fueris.
2505 4103 2640 4168 De-

693 4188 851 4257 inde
893 4210 1013 4255 cur
1054 4186 1226 4252 hauc
1269 4186 1464 4251 Pauli
1506 4190 1894 4254 sententiam
1949 4209 2114 4270 quae
2170 4194 2281 4251 tuo
2330 4186 2497 4252 nihil
2540 4188 2640 4252 in-

694 4274 905 4342 servit
969 4273 1295 4356 proposito
1367 4273 1723 4348 induxeris,
1782 4274 1913 4338 nisi
1966 4269 2137 4355 quod
2190 4272 2506 4351 intellexi,
2574 4283 2641 4337 te

693 4358 1123 4441 undequaque
1164 4359 1392 4423 furtim
1435 4379 1552 4441 pro
1606 4358 1806 4423 semel
1862 4365 2109 4423 asserta
2166 4359 2472 4441 opinione
2522 4379 2639 4423 vc·

693 4446 841 4511 nari
885 4444 1213 4528 suffragia.
1306 4444 1397 4507 Et
1439 4444 1601 4507 mihi
1640 4443 1879 4508 videris
1912 4444 2121 4508 facere
2163 4443 2335 4525 quod
2371 4444 2640 4510 rabulae

692 4529 1003 4606 forenses,
1052 4530 1199 4611 ’qui,
1265 4528 1422 4593 dum
1486 4528 1772 4609 iniquam
1840 4547 2104 4593 causam
2163 4528 2638 4594 defendendam

693 4624 1145 4698 susceperunt,
1188 4634 1275 4678 ne
1319 4614 1402 4678 ab
1441 4634 1518 4678 ea
1560 4611 1882 4694 excidant,
1939 4614 2152 4679 solent
2194 4614 2373 4698 leges
2415 4614 2643 4680 inver-

693 4707 837 4766 tere
890 4720 1126 4782 easque
1179 4701 1250 4764 in
1305 4706 1641 4780 susceptae
1696 4718 1929 4764 causae
1984 4698 2462 4778 defensionem,
2529 4700 2639 4766 vel

692 4785 1092 4853 reclamante
1132 4784 1539 4860 couscientia,
1583 4804 1778 4868 saepe
1811 4795 2130 4867 torquere.
2218 4785 2365 4851 Non
2411 4786 2637 4871 displi-

693 4885 801 4939 cet
842 4870 1012 4955 qued
1056 4871 1233 4936 citas.
1321 4868 1467 4933 Imo
1510 4869 1783 4934 citatum
1821 4881 2216 4936 veneranter
2248 4871 2634 4954 excipimus,

692 4967 956 5023 tentum
1027 4955 1211 5021 abest
1271 4964 1348 5019 ut
1412 4954 1766 5038 displiceat.
1875 4955 2194 5021 Fatemur
2255 4958 2495 5041 quippe
2559 4958 2633 5023 in

693 5043 964 5109 Christe
1025 5062 1286 5107 emnem
1360 5039 1727 5107 divinitatis
1804 5041 2279 5124 plenitudinem
2346 5063 2629 5109 manere.

1837 2907 2021 2989 Ques
2071 2909 2299 2972 crebre
2345 2907 2529 2971 oravi
2574 2916 2654 2971 ut

2405 2992 2650 3058 Hacte-

691 5330 849 5370 m
877 5244 1875 5370 Μᾴωαεωριαωὲιωωιρ
1910 5314 2049 5383 ,ω
2088 5245 2240 5384 agg·
2258 5245 2344 5302 95.
2365 5246 2483 5303 135.
2504 5245 2633 5317 136)

2354 407 2877 476 EPISTOLAE
2924 410 3049 473 590

4552 410 4670 474 800

2746 597 2918 663 Nam
2973 595 3195 662 omnia
3246 615 3505 678 semper
3556 601 3789 679 potest,
3841 602 3921 660 ut
3975 596 4140 661 nihil
4197 600 4534 677 exceptum
4586 597 4678 664 sit·

2747 683 2919 766 quod
2953 703 3085 747 non
3122 703 3239 765 per
3271 702 3423 746 eum
3457 683 3775 765 praestari
3818 693 4030 764 queat,
4074 693 4149 747 ut
4191 682 4432 747 faceret
4470 702 4543 747 ac
4573 704 4672 748 re-

2748 771 3085 845 formaret,
3152 777 3218 831 et
3276 767 3459 850 lapsa
3511 769 3812 850 erigeret,
3868 778 3936 832 et
3989 777 4253 832 mortua
4308 768 4670 834 vivificaret.

2748 853 2943 921 Unde
2986 855 3099 918 ait:
3149 851 3339 918 Sicut
3393 862 3577 935 pater
3632 854 3827 918 habet
3881 855 4083 918 vitam
4135 854 4204 918 in
4264 863 4470 917 semet
4522 854 4673 934 ipso,

2749 941 2841 1006 sic
2898 938 3078 1003 dedit
3128 937 3262 1003 filie
3321 939 3521 1002 vitam
3579 938 3816 1004 habere
3872 939 3942 1003 in
3996 953 4204 1004 semet
4255 940 4411 1019 ipse.
4499 937 4676 1004 Sicut

2749 1026 2925 1090 enim
2969 1036 3154 1107 pater
3187 1026 3461 1089 suscitat
3493 1035 3784 1089 mortuos
3820 1036 3888 1089 et
3925 1025 4225 1101 vivificat,
4272 1025 4366 1089 sic
4404 1030 4472 1087 et
4511 1025 4675 1089 filius

2747 1132 2909 1194 quos
2952 1110 3095 1175 vult
3138 1110 3441 1176 vivificat.
3509 1110 3738 1192 Neque
3759 1111 3933 1175 enim
3968 1121 4155 1192 pater
4187 1109 4431 1175 iudicat
4463 1130 4676 1191 quem·

2748 1216 2965 1280 quam,
3027 1195 3143 1261 sed
3206 1216 3398 1260 omne
3449 1195 3761 1261 iudicium
3817 1195 4000 1260 dedit
4053 1195 4207 1260 filio.
4313 1192 4489 1275 Quid
4547 1206 4678 1260 tem

2749 1283 2992 1347 iustum
3037 1281 3167 1345 nisi
3211 1294 3286 1345 ut
3329 1281 3563 1352 herum
3605 1302 3772 1364 quae
3815 1282 3966 1346 fecit
4008 1301 4125 1363 per
4166 1281 4355 1345 illum
4408 1280 4530 1362 ipsi
4571 1280 4681 1344 dap

2752 1377 2855 1433 ret
2905 1366 3241 1444 iudicium,
3299 1375 3374 1431 ut
3429 1368 3641 1432 omnis
3697 1365 4056 1431 divinitatis
4110 1365 4447 1448 plenitudo
4503 1365 4680 1430 habi·

2752 1464 2925 1518 taret
2964 1453 3037 1516 in
3080 1454 3237 1534 ipso.
3325 1453 3459 1517 Per
3494 1450 3565 1516 id
3607 1463 3826 1518 autem
3860 1451 4032 1535 qued
4075 1452 4381 1528 diximus,
4429 1471 4684 1516 emnem

2750 1540 2929 1604 illam
2989 1546 3378 1621 potestatem
3429 1547 3498 1603 et
3554 1537 3915 1604 divinitatis
3957 1537 4436 1620 plenitudinem
4490 1538 4561 1600 in
4615 1557 4684 1601 se

2755 1625 3012 1702 habere,
3071 1623 3195 1690 hoc
3249 1632 3366 1699 est,
3425 1625 3640 1689 Deum
3701 1643 3843 1689 esse
3897 1624 4258 1706 perfectum
4316 1623 4456 1704 (qui
4513 1621 4686 1687 enim

2754 1712 2916 1776 haec
2971 1710 3189 1773 omnia
3241 1730 3376 1775 nen
3433 1708 3650 1788 habet,
3705 1730 3835 1774 non
3894 1718 3997 1774 est
4039 1709 4275 1784 Deus),
4333 1729 4496 1772 num
4537 1727 4688 1772 con·

2754 1797 2938 1861 tinue
2997 1794 3354 1870 Christum,
3412 1796 3481 1859 in
3536 1803 3853 1878 quantum
3897 1794 4099 1870 Deus,
4157 1815 4199 1858 a
4250 1815 4320 1859 se
4361 1793 4508 1875 ipso
4550 1812 4688 1858 esse

2751 1882 3142 1946 fatebimur?
3209 1881 3504 1945 Minime.
3593 1879 3725 1961 Qui
3770 1881 3892 1945 hoc
3935 1879 4287 1945 admittant
4320 1879 4451 1942 alie
4494 1897 4688 1960 quae-

2751 1966 2935 2033 rendi
2982 1975 3152 2031 sunt.
3238 1966 3335 2033 Ut
3378 1986 3537 2031 vero
3591 1966 3762 2048 qued
3817 1964 4294 2031 defendendum
4350 1961 4688 2046 suscepisti

2750 2051 3057 2131 stabilias,
3102 2074 3189 2117 ex
3222 2052 3537 2135 preducta
3570 2052 3921 2117 autoritate
3956 2073 4182 2117 ansam
4219 2060 4457 2115 nactus
4489 2050 4690 2113 inter-

2751 2156 2974 2221 rogas:
3034 2135 3403 2203 Aliundcne
3459 2157 3545 2201 au
3604 2158 3644 2202 a
3696 2158 3768 2203 se
3822 2139 3965 2220 ipsa
4016 2137 4103 2202 sit
4159 2136 4272 2200 illa
4328 2134 4690 2200 divinitatis

2751 2222 3130 2306 plenitudo?
3208 2224 3378 2287 'Pum
3432 2222 3515 2287 ad
3573 2223 4168 2307 interrogationem,
4223 2222 4324 2286 cui
4370 2240 4511 2286 una
4548 2216 4693 2285 red·

2753 2309 2969 2375 denda
3008 2329 3143 2373 nen
3186 2317 3327 2373 crat
3367 2309 3719 2390 responsio,
3763 2307 4139 2390 respondes:
4185 2307 4397 2372 Nemo
4440 2314 4545 2372 est
4582 2305 4696 2386 qui

2752 2404 2966 2479 neget.
3064 2394 3215 2475 Qua
3271 2394 3494 2474 utique
3567 2395 3986 2477 responsione
4052 2405 4117 2456 tc
4174 2394 4390 2475 ipsum
4457 2389 4696 2474 prodis,

2752 2492 2947 2562 atque
2985 2499 3180 2562 quam
3223 2500 3456 2562 parum
3502 2480 3593 2543 sis
3634 2480 3704 2542 in
3748 2477 4125 2544 disserendo
4166 2486 4446 2561 argutus
4489 2476 4699 2540 mani·

2753 2568 2969 2631 festas.
3059 2564 3365 2629 Alterum
3424 2563 3745 2647 siquidem
3801 2566 4271 2646 interrogatum
4325 2562 4409 2627 de
4443 2560 4699 2638 ,divini-

2755 2654 2907 2717 tatis
2960 2650 3362 2733 plenitudine
3417 2650 3857 2725 asserendum,
3915 2650 4196 2714 alterum
4238 2669 4401 2713 vere
4446 2667 4699 2731 negan-

2754 2736 2909 2802 dum
2931 2737 3159 2800 fuerat.
3227 2737 3330 2801 Τιι
3351 2756 3528 2813 vero,
3565 2737 3752 2817 quasi
3788 2736 4001 2801 oleum
4039 2755 4374 2815 nunquam
4397 2732 4698 2809 vidisses,

2753 2822 3073 2888 adiecisti:
3119 2821 3328 2886 Nemo
3370 2832 3472 2886 est
3512 2822 3622 2906 qui
3665 2831 3878 2905 neget.
3969 2818 4244 2898 Deinde,
4292 2840 4426 2902 quo
4471 2837 4702 2884 aurem

2753 2928 2981 2973 eorum
3015 2908 3126 2989 qui
3162 2916 3346 2971 tuam
3377 2906 3810 2972 adversantur
3844 2905 4236 2971 sententiam
4271 2905 4698 2987 pervelleres,

2747 2991 3090 3058 addidisti:
3152 2993 3276 3057 Est
3332 3000 3552 3058 tamen
3608 2994 3677 3056 in
3723 3012 3852 3074 quo
3902 2989 4100 3073 aliqui
4145 2990 4493 3066 falluntur,
4553 2989 4704 3072 quia

2753 3100 2886 3145 non
2925 3078 3340 3143 considerant
3372 3098 3613 3143 nomen
3646 3078 3764 3142 filii
3800 3075 3928 3142 dici
3963 3075 4043 3141 de
4076 3097 4375 3158 persona,
4423 3074 4703 3157 ideoque

2752 3165 2822 3229 in
2880 3161 3404 3247 praedicamento
3458 3164 3792 3228 relationis
3845 3163 4182 3228 contineri.
4271 3161 4513 3238 Nemo,
4557 3178 4706 3225 meo

2750 3249 3010 3327 iudicio,
3055 3250 3180 3315 nisi
3226 3247 3498 3314 Sabellii
3542 3269 3760 3314 errore
3803 3249 4176 3324 fascinatus,
4220 3247 4436 3312 filium
4475 3244 4560 3312 dc
4603 3265 4704 3310 se-

2753 3335 2968 3402 cunda
3010 3355 3286 3417 persona
3327 3335 3394 3397 in
3440 3334 3699 3412 divinis,
3741 3332 3810 3397 id
3830 3343 3929 3399 est
3972 3333 4052 3398 de
4086 3333 4301 3408 verbe,
4325 3332 4463 3397 dici
4501 3351 4706 3414 nega-

2752 3423 2938 3498 verit,
2985 3428 3102 3486 aut
3142 3439 3455 3502 personae
3497 3441 3626 3483 non
3671 3420 3866 3484 fuerit
3920 3428 4305 3501 assequutus
4348 3419 4705 3483 rationem.

2751 3505 2960 3572 Cuius
3013 3508 3270 3588 generis
3322 3513 3478 3569 sunt
3528 3526 3659 3569 non
3715 3506 3904 3587 pauci
3947 3525 4228 3587 quorum
4272 3504 4553 3569 nemina
4597 3500 4708 3568 hio

2749 3594 2866 3658 tibi
2909 3591 3193 3675 prudens
3236 3589 3591 3655 dissimulo.
3681 3590 3895 3654 Filius
3949 3591 4187 3672 quippe
4231 3589 4362 3654 Dei
4416 3606 4707 3673 persona

2748 3687 2866 3753 est,
2926 3685 2995 3740 et
3050 3696 3332 3758 persona
3382 3684 3504 3741 est·
3538 3676 3734 3741 filius.
3771 3676 3916 3741 Dei.
4019 3677 4268 3741 Verum
4323 3674 4497 3757 quid
4540 3673 4704 3738 haec

2747 3762 2831 3827 ad
2875 3773 3240 3844 susceptam
3283 3782 3550 3827 causam
3594 3761 3842 3827 faciant
3874 3783 4007 3825 nen
4044 3760 4249 3826 video.
4315 3761 4383 3826 N
4387 3782 4480 3825 en
4526 3760 4705 3824 enim

2745 3849 3067 3929 sequitur:
3134 3846 3350 3912 Filius
3422 3847 3505 3912 de
3561 3867 3837 3930 persona
3891 3848 4313 3923 enunciatur,
4376 3845 4703 3912 Christus

2743 3932 2963 4015 igitur,
3010 3944 3331 4015 quatenus
3377 3934 3558 3998 Deus
3600 3942 3718 4009 est,
3762 3954 3804 3997 a
3845 3955 3916 3998 se
3957 3934 4094 4015 ipso
4137 3934 4279 3996 erit.
4359 3930 4553 4013 Quin
4599 3950 4707 4012 po-

2746 4020 2874 4083 tius
2917 4019 3011 4084 sic
3057 4020 3272 4084 licebit
3313 4019 3642 4101 colligere:
3699 4018 3913 4083 Filius
3958 4019 4080 4083 Dei
4128 4018 4209 4081 de
4251 4038 4546 4100 persona
4589 4035 4704 4100 ge-

2745 4103 2900 4180 nita,
2968 4102 3052 4169 ad
3113 4125 3306 4186 quam
3375 4115 3624 4185 spectat
3683 4104 3898 4169 carnis
3976 4106 4362 4187 assumptio,
4435 4102 4702 4168 dicitur.

2743 4190 2922 4273 Ergo
2945 4190 3268 4263 Christus,
3311 4198 3634 4271 quatenus
3661 4189 3846 4255 Deus
3880 4201 3998 4262 est,
4043 4211 4174 4254 nen
4209 4197 4310 4254 est
4344 4210 4388 4252 a
4427 4209 4504 4253 se
4540 4188 4701 4270 ipso.

2742 4274 2913 4340 Nam
2969 4274 3293 4350 Christus,
3349 4285 3676 4356 quatenus
3730 4276 3934 4346 Deus,
3993 4274 4279 4339 secunda
4327 4275 4408 4339 in
4455 4272 4708 4339 divinis

2740 4380 3022 4443 persona
3074 4370 3191 4437 est,
3245 4360 3316 4424 id
3372 4372 3473 4427 est
3528 4361 3825 4437 verbum,
3882 4362 4135 4426 ratione
4193 4361 4382 4424 cuius
4430 4360 4704 4426 Christo

2740 4446 2810 4510 in
2868 4445 3119 4513 duabus
3175 4447 3429 4511 naturis
3485 4465 3801 4527 personae
3855 4467 4093 4511 nomen
4148 4446 4501 4520 convenit,
4570 4463 4706 4508 neu

2739 4530 2995 4596 ratione
3037 4541 3374 4616 susceptae
3417 4541 3706 4598 naturae.
3796 4530 4092 4598 Subinde
4131 4532 4369 4597 infers:
4420 4531 4704 4611 ideoque

2739 4617 2812 4681 in
2873 4617 3401 4698 praedicamento
3464 4617 3798 4684 relationis
3875 4618 4084 4682 filium
4150 4617 4278 4682 Dei
4343 4613 4700 4683 contineri.

2740 4701 2802 4769 Ο
2849 4702 3176 4787 insignem
3231 4702 3659 4780 dialecticum,
3715 4703 3829 4786 qui
3881 4703 4071 4770 nobis
4122 4714 4404 4786 patrem,
4463 4701 4701 4777 filium,

2739 4788 3043 4870 spiritum
3099 4799 3418 4864 sanctum,
3474 4788 3823 4871 Deumque
3877 4790 4092 4871 ipsum
4147 4787 4423 4854 tandem
4485 4795 4701 4853 totum

2738 4874 2809 4938 in
2851 4874 3327 4957 categoriarum
3363 4875 3909 4940 aristotelicamm
3952 4872 4586 4949 coordinationibus,
4633 4867 4701 4934 id

2738 4968 2839 5025 est
2880 4961 2948 5023 in
2993 4980 3249 5043 genere,
3294 4959 3662 5037 concludet,
3701 4959 3869 5041 quod
3914 4979 4108 5025 nemo
4142 4958 4386 5024 mentis
4423 4975 4700 5041 compoe

2737 5045 3144 5111 concesserit.
3234 5044 3464 5112 Genus
3506 5045 3747 5128 quippe
3789 5045 3976 5129 prius
4030 5055 4131 5111 est
4170 5044 4546 5111 secundum
4592 5044 4698 5108 in-

2737 5129 3073 5196 tellectum
3107 5151 3184 5197 eo
3217 5130 3390 5213 qued
3422 5131 3493 5195 in
3529 5151 3769 5214 genere
3804 5131 4187 5209 continetur,
4225 5138 4295 5196 at
4333 5129 4495 5197 Deo
4527 5126 4692 5195 nihil

2737 5224 2839 5283 est
2894 5217 3094 5299 prius,
3154 5237 3274 5282 nec
3329 5217 3687 5282 secundum
3736 5237 3876 5282 rem
3920 5237 4041 5282 nec
4082 5214 4452 5283 secundum
4497 5212 4695 5283 intel-

2735 5301 3008 5369 lectum:
3050 5302 3469 5368 manifestum
3504 5310 3607 5369 est
3636 5303 3841 5388 igitur
3861 5303 4079 5368 Deum
4110 5302 4185 5367 in
4217 5301 4411 5369 nullo
4447 5319 4699 5389 genere
