5050 6167
600 468 725 530 715

597 653 762 721 dant
803 652 1035 718 oleum.
1126 649 1449 732 Cuperem
1487 650 1688 733 quieti
1722 650 1928 733 ipsius
1971 648 2345 714 consultum
2389 649 2556 714 citra

598 740 1022 807 ecclesiarum
1074 738 1424 802 iacturam:
1491 735 1606 800 sed
1662 757 1867 819 quum
1923 734 2046 800 hoc
2105 755 2312 799 unum
2370 742 2557 799 curet

599 833 680 892 ut
722 845 832 892 eas
876 822 1200 901 aedificet,
1260 822 1431 887 nihil
1474 823 1761 902 omittet,
1819 841 2033 904 neque
2093 828 2165 885 tu
2221 822 2281 885 ei
2341 819 2554 886 deeris

600 909 869 978 oonsilio
912 917 978 974 et
1022 909 1344 992 precibus,
1390 929 1556 991 quae
1592 908 1798 990 pluris
1833 908 2040 971 multo
2086 914 2244 971 sunt
2286 907 2552 987 quibus-

599 1017 857 1080 cunque
900 993 1486 1078 conspirationibus
1540 1015 1672 1057 non
1718 995 1860 1058 sine
1904 992 2132 1056 Bacho
2179 1000 2246 1055 et
2286 991 2554 1056 Venere

469 1129 476 1136 -
597 1084 887 1164 maligne
929 1082 1135 1147 factis.
1227 1079 1498 1145 Gaudeo
1552 1091 1617 1143 te
1672 1100 1801 1144 uno
1858 1099 2052 1160 opere
2070 1079 2128 1162 ⁴)
2188 1078 2554 1143 instituisse

597 1168 861 1234 rabidas
904 1166 1128 1231 beluas
1181 1167 1437 1249 fugare,
1496 1186 1580 1229 ne
1634 1176 1915 1247 pergant
1970 1163 2374 1245 simplicibus
2427 1165 2552 1226 im-

598 1274 863 1338 ponere,
911 1251 1057 1330 sed,
1118 1253 1175 1315 si
1220 1272 1387 1334 quae
1431 1253 1606 1314 inter
1648 1251 1795 1315 illas
1841 1258 1997 1313 sunt
2041 1249 2386 1324 sanabiles,
2447 1269 2552 1312 re-

598 1340 801 1405 deant
853 1338 936 1403 ad
994 1337 1333 1402 meliorem
1390 1343 1692 1400 mentem.
1784 1333 1982 1400 Adsit
2036 1335 2153 1399 tibi
2206 1335 2551 1412 Dominus,

598 1432 666 1491 et
720 1432 965 1507 quanto
1032 1433 1248 1505 pestes
1300 1423 1451 1487 illae
1518 1429 1669 1486 sunt
1729 1422 2134 1485 nocentiores
2198 1427 2264 1485 et
2329 1421 2551 1502 plures

594 1510 901 1587 laedunt,
961 1517 1146 1572 tanto
1202 1517 1275 1573 tu
1318 1507 1765 1590 praesentiora
1806 1506 2157 1572 admoveas
2200 1506 2555 1588 pharmaca

600 1607 668 1663 et
710 1595 1096 1678 praevenias
1154 1593 1525 1660 salubribus
1584 1591 1923 1656 antidotis:
1993 1592 2164 1674 quod
2209 1612 2552 1673 speramus

599 1683 963 1747 Dominum
1017 1700 1136 1763 per
1190 1686 1253 1743 te
1297 1680 1642 1745 facturum.
1732 1678 2206 1742 Gratissimum
2252 1678 2377 1741 fuit
2419 1677 2550 1741 fra-

598 1769 812 1834 tribus
854 1766 922 1830 id
965 1764 1330 1850 intelligere
1387 1763 1559 1847 quod
1615 1763 2037 1846 proposuisti,
2097 1772 2164 1828 et
2219 1773 2446 1828 contra
2486 1771 2553 1827 te

599 1854 858 1919 salvum
914 1852 1220 1934 cupiunt,
1284 1870 1655 1916 successum
1715 1858 2087 1931 precantur.
2173 1847 2343 1912 Vale
2387 1848 2553 1913 bene

598 1945 667 2003 et
711 1946 922 2003 tecum
970 1945 1084 2002 tua
1125 1958 1309 2012 uxor,
1364 1937 1568 2000 frater
1611 1955 1760 2000 cum
1804 1955 1926 2000 sua
1967 1953 2190 1999 sorore
2235 1942 2301 1998 et
2344 1954 2551 1999 socru.

600 2022 812 2106 Cupio
855 2022 1118 2087 salvum
1174 2021 1680 2098 Bernardinum,
1744 2021 2178 2099 Genistonum,
2234 2018 2556 2086 Davidem

597 2116 667 2176 et
708 2129 934 2173 omnes
975 2109 1133 2191 pios.
1224 2108 1533 2173 Neocomi
1579 2111 1678 2170 27.
1726 2106 1893 2172 Maii
1942 2111 2123 2170 1544.

1828 2242 2133 2308 Farellus
2179 2250 2350 2308 tuus.

773 2414 1083 2482 Claudius
1102 2413 1159 2500 ⁵)
1206 2414 1661 2496 Gratianopoli
1695 2414 1923 2478 literas
1959 2413 2200 2478 obtulit
2237 2433 2403 2495 quae
2440 2413 2551 2479 ad-

595 2503 834 2569 missae
875 2501 1175 2579 fuerunt,
1237 2510 1303 2566 et
1346 2499 1680 2565 decretum
1726 2507 1801 2564 ut
1842 2520 2008 2581 quae
2051 2522 2171 2564 rex
2216 2499 2555 2564 obtinebat

595 2587 1120 2664 restituerentur,
1168 2587 1438 2667 aliisque
1482 2584 1653 2651 dicta
1698 2584 1852 2649 dies.
1944 2585 2187 2650 Olfacit
2225 2583 2380 2667 quid
2417 2585 2552 2651 sint

598 2673 837 2740 dicturi
880 2721 897 2736 .
944 2722 960 2738 .
1008 2722 1022 2736 .
1071 2723 1086 2737 .
1110 2676 1222 2748 ἼΗ)
1312 2671 1470 2750 Sua,
1517 2693 1652 2736 non
1696 2670 1926 2749 aliena,
1972 2671 2115 2736 iure
2159 2672 2291 2736 iam
2339 2682 2548 2753 parta,

596 2759 862 2843 elargiri
907 2777 1098 2841 posse
1149 2767 1434 2836 veretur,
1477 2777 1562 2820 ne
1626 2755 1912 2821 multum
1955 2757 2203 2841 negotii
2246 2758 2548 2838 supersit.

593 2843 703 2910 De
746 2864 822 2908 eo
864 2864 984 2925 pro
1028 2864 1156 2926 quo
1197 2842 1640 2908 laboravimus
1659 2844 1713 2919 ⁷)
1766 2843 1887 2922 ait,
1943 2844 2280 2919 nuncium,
2336 2841 2392 2906 si
2436 2863 2551 2926 pe-

592 2929 795 2996 tendo
836 2938 1345 3011 perseverasset,
1405 2928 1592 2994 facile
1647 2927 2066 2993 obtenturum
2111 2928 2310 2993 fuisse
2352 2937 2428 2993 ut
2468 2928 2551 2992 li-

591 3015 968 3093 beraretur,
1025 3017 1133 3096 qui
1180 3015 1450 3100 gravius
1505 3012 1681 3097 apud
1725 3014 2265 3096 vicepraefectum
2310 3015 2550 3096 premi-

590 3106 723 3167 tur.
812 3097 1177 3166 Suaderem
1213 3100 1439 3166 literas
1482 3099 1587 3166 vel
1631 3098 1828 3164 huius
1870 3108 2135 3165 senatus
2178 3100 2384 3163 mitti:
2427 3120 2550 3183 ego

589 3186 871 3253 aliorum
934 3195 1228 3267 optarem
1293 3184 1463 3250 addi.
1553 3186 1772 3249 Tuum
1833 3185 2178 3251 eonsilium
2241 3206 2548 3270 cuperem

590 3269 979 3356 intelligere.

1370 3462 1774 3471 ——ma

1494 3679 1645 3750 552.

627 3830 1103 3902 GALVINUS
1143 3831 1627 3899 MINIS'PRIS
1671 3830 2483 3901 NEOCOMENSIBUS.

584 4002 1259 4173 &ffiamerellum
1301 4004 1590 4088 colleyam
1627 4008 1839 4069 contra
1886 4003 2149 4070 Gortesii
2188 4006 2543 4072 calumnias

590 4260 741 4326 (Duo
786 4264 1005 4313 exstant
1050 4259 1210 4312 huius
1257 4260 1521 4330 epistolae
1557 4259 1888 4330 exemplaria
1923 4259 2261 4326 authentica,
2308 4261 2538 4315 alterum

584 4330 903 4384 Genevense
951 4327 1079 4381 Cod.
1120 4327 1251 4397 106,
1299 4329 1391 4382 rol.
1441 4326 1542 4381 108
1588 4329 1759 4398 ipsius
1794 4329 1999 4382 autoris
2046 4347 2207 4382 manu
2243 4335 2541 4397 exaratum,

585 4397 819 4450 alterum
872 4396 1240 4451 Neocomense
1308 4398 1393 4451 cui
1460 4398 1653 4450 saltem
1706 4397 1931 4467 propria
1987 4415 2149 4450 manu
2202 4397 2538 4468 subscripsit.

583 4465 880 4518 Praeterea
926 4465 1209 4519 habuimus
1245 4466 1517 4519 Turretini
1555 4466 1683 4519 God.
1726 4465 1848 4530 111,
1895 4466 1985 4518 fol.
2021 4465 2117 4533 90,
2165 4467 2381 4519 Simleri
2422 4468 2538 4520 Vol.

580 4533 672 4602 ⁶6,
707 4544 763 4587 et
782 4536 1063 4588 Bemense
1086 4536 1225 4604 Epp.
1249 4535 1459 4657 VIIssAE.
1484 4533 1617 4657 ι,ὃδξΙι
1647 4534 1907 4670 3ἓέιῗΙίοΘ
1946 4551 2106 4589 versa
2142 4541 2325 4589 exstat
2358 4535 2417 4589 in
2452 4535 2539 4590 ed.

1447 4622 1483 4657 n
1525 4644 1537 4655 .
1601 4643 1615 4658 .
1753 4645 1764 4656 .

787 4756 846 4820 4)
886 4755 1015 4812 Sca.
1050 4772 1166 4810 non
1197 4755 1499 4825 separatim
1544 4756 1693 4812 edita
1733 4758 1939 4827 gallica
1974 4757 2538 4828 Psychopamychiae

583 4827 849 4882 versione.
921 4825 1023 4881 (N.
1058 4826 1180 4892 534,
1216 4831 1329 4880 not.
1366 4826 1445 4888 9.)

788 4894 849 4956 5)
886 4894 1016 4948 Iam
1061 4894 1200 4949 alibi
1242 4896 1309 4949 de
1353 4894 1704 4949 Faunorum
1757 4895 1922 4949 rebus
1975 4894 2287 4950 domesticis
2330 4894 2536 4948 dictum

577 4970 689 5019 est:
737 4963 1049 5018 Gauckerw
1094 4982 1149 5018 a.
1188 4963 1324 5018 1535
1371 4964 1435 5016 in
1479 4963 1705 5019 vivtctda
1750 4965 2009 5032 coniecto,
2057 4980 2225 5032 quum
2263 4962 2536 5018 Claudius

578 5034 695 5088 iam
727 5033 950 5087 biennio
984 5037 1152 5087 antea
1184 5034 1250 5087 in
1282 5033 1594 5087 Helvetiam
1639 5049 1696 5086 se
1736 5034 2055 5102 recepisset,
2104 5032 2266 5087 curia
2301 5032 2531 5087 Gratiae

576 5103 909 5227 mma
935 5101 1126 5238 ...mm
1121 5118 1310 5237 Ἥ
1337 5102 1925 5240 &afflat
1947 5102 2534 5242 1838822‘82t·8‘⁸8⁶...8.0“10

577 5240 660 5296 N·
695 5240 965 5376 538(ϋηοῆὶὲιε
983 5240 1317 5363 6docabulum
1355 5307 1584 5362 dubiam
1616 5310 1931 5365 metimus.

782 5378 842 5446 7)
880 5377 965 5444 Cf.
1002 5378 1081 5433 N.
1117 5376 1240 5445 534,
1277 5381 1389 5431 not.
1428 5378 1496 5431 10
1529 5384 1581 5433 et
1612 5379 1715 5433 538
1747 5385 1860 5435 not.
1894 5378 1946 5433 2.

2132 457 2660 528 EPISTOLAE
2709 465 3049 527 551—553

4488 468 4615 530 716

2657 650 2981 716 Ministris
3046 650 3232 715 verbi
3287 649 3416 715 Dei
3483 649 3605 714 sub
3670 651 3984 715 comitatu
4041 650 4475 717 Neocomensi
4542 652 4616 718 in

2915 737 3078 801 urbe
3123 744 3189 801 et
3229 737 3299 801 in
3344 756 3502 820 agro
3545 731 3854 802 fratribus
3898 737 4272 803 carissimis.
4304 739 4355 821 ¹)

2832 873 3068 938 Gratia
3123 880 3190 937 et
3242 893 3372 955 pax
3432 873 3616 939 vobis
3674 893 3716 936 a
3758 874 3904 938 Deo
3962 883 4149 956 patre
4202 883 4271 939 et
4324 873 4616 940 Domino

2657 960 2810 1024 Iesu
2858 957 3140 1023 Christo.
3231 959 3366 1022 Iam
3411 968 3564 1023 ante
3624 958 3870 1042 aliquot
3918 980 4179 1025 menses
4233 980 4462 1024 rumor
4504 959 4614 1025 hic

2658 1055 2935 1128 vagatus
2981 1054 3138 1120 erat,
3185 1043 3298 1110 sed
3343 1046 3658 1110 obscurus
3701 1057 3767 1109 et
3803 1045 4057 1122 dubius,
4107 1044 4454 1111 Gortesz’um
4494 1044 4616 1109 Ca-

2644 1131 2917 1211 punculi
2959 1151 3277 1213 generum
3334 1131 3545 1194 multa
3585 1130 3724 1194 illic
3766 1130 4114 1196 maledicta
4167 1131 4484 1215 sparsisse
4534 1131 4616 1197 de

2664 1215 3084 1297 Champerello
3104 1218 3161 1292 ²)
3223 1215 3472 1299 collega
3513 1226 3770 1294 nostro,
3828 1237 3993 1297 quae
4051 1238 4182 1281 non
4244 1225 4618 1299 spectarent

2658 1310 2915 1367 tantum
2960 1301 3041 1365 ad
3087 1323 3294 1366 unum
3339 1301 3699 1380 hominem,
3756 1301 3870 1367 sed
3915 1303 3985 1366 in
4029 1322 4373 1367 commune
4416 1302 4616 1367 huius

2657 1388 2969 1454 ecclesiae
3026 1387 3305 1453 dedecus
3363 1387 3826 1453 redundarent.
3932 1386 4108 1469 Quia
4165 1400 4386 1452 tamen
4431 1387 4617 1453 nullo

2656 1482 2832 1539 certo
2877 1479 3100 1538 autore
3142 1471 3213 1536 id
3257 1473 3341 1537 ad
3377 1495 3493 1537 nos
3539 1473 3824 1538 delatum
3865 1483 4024 1552 erat,
4069 1474 4417 1539 tacendum
4461 1494 4617 1539 cen-

2657 1561 2935 1637 suimus,
2996 1581 3080 1623 ne
3136 1580 3219 1623 ex
3263 1558 3472 1623 nihilo
3530 1568 3644 1623 aut
3703 1558 3835 1624 levi
3877 1558 3958 1624 de
4001 1580 4197 1626 causa
4239 1560 4616 1624 videremur

2656 1646 2881 1709 turbas
2923 1665 3204 1709 movere.
3295 1645 3423 1709 Illa
3466 1665 3717 1727 quoque
3774 1646 3941 1709 ratio
3984 1666 4106 1710 nos
4149 1645 4388 1724 tenuit,
4443 1644 4616 1728 quod

2656 1731 2904 1795 nullius
2951 1732 3143 1811 pretii
3178 1731 3510 1795 hominem
3557 1733 3671 1795 vix
3715 1730 3990 1814 dignum
4037 1731 4538 1808 arbitrabamur,
4555 1732 4616 1880 δὲ

2659 1817 2739 1881 de
2782 1837 2909 1898 quo
2954 1814 3298 1880 refutando
3343 1837 3635 1880 essemus
3670 1817 3960 1882 solliciti:
4010 1818 4394 1899 praesertim
4439 1838 4570 1900 apu

2658 1923 2794 1979 vos,
2841 1901 3074 1984 quibus
3115 1902 3276 1966 satis
3320 1923 3644 1984 superque
3702 1910 3926 1967 notam
3981 1924 4122 1967 esse
4175 1904 4316 1968 eius
4359 1912 4615 1984 proter-

2657 1988 2837 2052 viam
2896 1997 2966 2052 et
3019 1987 3497 2069 impudentiam
3557 1988 3864 2054 credibile
3919 2000 4077 2052 erat.
4183 1989 4377 2053 Nunc
4434 2007 4615 2065 vero,

2659 2074 2812 2155 quia
2853 2082 2988 2138 tota
3032 2094 3138 2138 res
3185 2095 3225 2137 a
3268 2073 3398 2137 fido
3456 2074 3699 2138 nuncio
3741 2074 3930 2139 nobis
3973 2075 4100 2139 fuit
4141 2074 4368 2139 ordine
4412 2094 4615 2156 expo-

2658 2159 2813 2236 sita,
2871 2157 3066 2223 simul
3121 2160 3277 2241 quia
3329 2160 3544 2242 ipsum
3598 2160 3669 2223 in
3715 2181 3835 2224 sua
3888 2160 4069 2226 rabie
4111 2180 4384 2243 pergere
4428 2159 4615 2224 audi·

2656 2265 2838 2323 mus,
2897 2244 3092 2309 veriti
3150 2265 3377 2309 sumus
3432 2267 3515 2310 ne
3571 2245 3638 2309 id
3693 2245 3961 2310 tandem
4013 2244 4342 2312 socordiae
4401 2245 4616 2328 magis

2657 2350 2854 2412 quam
2899 2330 3251 2412 patientiae
3296 2331 3712 2408 tribueretur,
3759 2332 3817 2396 si
3853 2341 4227 2414 pateremur
4270 2330 4456 2396 nulla
4498 2350 4616 2412 op-

2655 2416 2866 2498 posita
2895 2415 3284 2498 purgatione
3319 2418 3410 2480 ita
3447 2437 3565 2480 nos
3601 2416 3816 2499 palam
3844 2417 4119 2483 traduci.
4185 2418 4395 2482 Porro
4432 2415 4616 2482 nullo

2657 2501 2930 2566 artifieio
2988 2509 3284 2579 utemur,
3347 2501 3461 2567 sed
3522 2501 3864 2567 historiam
3920 2504 4115 2567 istam
4168 2501 4477 2581 breviter,
4537 2509 4617 2566 ut

2655 2586 2871 2664 habet,
2921 2609 2995 2652 ac
3040 2587 3424 2669 simpliciter
3467 2589 3907 2665 narrabimus,
3964 2612 4046 2653 ex
4092 2610 4221 2671 qua
4263 2589 4614 2653 aestimare

2654 2672 2839 2820 {robis
2880 2681 3253 2756 promptum
3300 2673 3389 2737 sit
3424 2693 3620 2756 quam
3657 2677 3891 2739 merito
3933 2674 4276 2740 ecclesiam
4318 2683 4614 2739 nostram

2684 2767 2917 2823 aceret.

2828 2841 3052 2922 Quum
3098 2864 3137 2906 a
3182 2862 3405 2909 socero
3461 2864 3578 2908 suo
3633 2843 3762 2910 huc
3821 2845 4059 2910 missus
4105 2856 4309 2924 esset,
4367 2844 4615 2928 aliquot

2657 2926 2795 2993 dies
2856 2928 3181 3012 transegit
3232 2930 3300 2993 in
3360 2930 3554 3006 urbe,
3615 2939 3967 3012 antequam
4025 2931 4212 2997 nobis
4269 2929 4611 3009 indicaret,

2657 3014 2782 3079 sibi
2829 3014 3184 3096 quidquam
3219 3035 3363 3079 esse
3407 3036 3557 3080 cum
3586 3013 4007 3097 Ghamperello
4051 3018 4314 3100 negotii.
4389 3014 4613 3082 Simul

2656 3107 2852 3182 atque
2895 3100 3171 3165 verbum
3215 3100 3386 3178 fecit,
3434 3111 3568 3166 tres
3610 3122 3694 3165 ex
3737 3101 4009 3184 collegio
4053 3111 4276 3168 nostro
4320 3100 4612 3168 destina-

2653 3185 2876 3250 vimus
2910 3186 3021 3268 qui
3062 3193 3397 3250 tentarent
3424 3205 3650 3250 eorum
3688 3188 4166 3253 controversias
4201 3206 4610 3271 componere.

2652 3270 2928 3335 Initium
2972 3271 3219 3336 factum
3279 3279 3379 3336 est
3423 3290 3462 3334 a
3503 3271 3865 3339 rationibus
3914 3271 4326 3355 Ghamperelli
4368 3271 4610 3355 quibus

2653 3358 3120 3439 perscripserat
3165 3356 3320 3439 quid
3366 3355 3537 3421 domi
3577 3377 3733 3423 suae
3775 3359 4197 3441 expendisset
4229 3360 4609 3443 Agnetusst)

2651 3442 2788 3507 Eos
2832 3451 3133 3524 sumptus
3177 3442 3435 3507 restitui
3482 3442 3608 3508 sibi
3650 3444 4052 3526 postulabat:
4154 3444 4285 3510 uod
4326 3450 4611 3510 restaret

2651 3549 2786 3592 non
2830 3528 3174 3593 recusabat
3215 3527 3496 3592 fratrum
3541 3529 3812 3595 arbitrio
3851 3532 4121 3613 pauperi
4169 3551 4248 3596 us
4281 3527 4610 3609 distribui,

2651 3614 2843 3678 sicuti
2888 3613 3172 3696 Aynetas
3222 3616 3361 3697 ipse
3416 3613 3862 3680 mandaverat.
3966 3616 4279 3684 eortasius
4329 3615 4412 3681 ad
4467 3615 4610 3680 sin-

2649 3699 2807 3782 gula
2849 3700 3066 3782 capita
3108 3699 3439 3764 rationum
3473 3709 3590 3764 aut
3622 3702 3927 3766 movebat
3969 3715 4184 3786 caput,
4231 3709 4347 3767 aut
4387 3700 4608 3766 excla-

2648 3783 2869 3849 mabat
2922 3783 3337 3850 manifestam
3391 3806 3535 3851 esse
3588 3786 3959 3853 falsitatem.
4050 3787 4271 3868 Quum
4327 3785 4608 3852 subinde

2647 3870 2880 3952 iurgiis
2936 3879 3002 3934 et
3058 3871 3366 3936 conviciis
3422 3872 3925 3951 contenderent,
3984 3875 4080 3938 ita
4136 3872 4606 3938 tumultuando

2647 3953 2957 4020 dimidius
3003 3955 3137 4021 fere
3182 3956 3320 4022 dies
3364 3968 3784 4040 consumptus
3828 3957 3973 4023 fuit.
4061 3959 4207 4024 Iam
4250 3980 4454 4041 quum
4499 3958 4604 4022 iu-

2645 4040 2994 4105 reiurando
3039 4051 3359 4108 assereret
3405 4040 3870 4124 champerellus
3923 4066 3994 4111 se
4041 4045 4207 4109 bona
4249 4043 4378 4109 fide
4420 4058 4604 4110 retu-

2645 4124 2800 4190 lisse
2841 4127 2905 4190 id
2952 4125 3163 4192 solum
3210 4129 3278 4191 in
3325 4129 3612 4194 rationes
3655 4128 3825 4211 quod
3870 4131 3994 4196 sibi
4039 4128 4403 4210 deberetur,
4447 4132 4604 4195 cita-

2643 4219 2748 4275 ret
2791 4214 2988 4278 etiam
3033 4221 3231 4278 testes
3267 4214 3338 4277 in
3373 4214 3709 4280 nonnullis
3744 4215 4084 4298 capitibus,
4134 4237 4215 4280 an
4255 4215 4600 4280 debuimus

2644 4318 2797 4362 eum
2840 4298 2998 4363 furti
3043 4298 3396 4365 damnare?
3484 4299 3756 4366 Nullum
3812 4309 3914 4366 est
3968 4311 4106 4366 tam
4157 4301 4461 4384 iniquum
4505 4304 4600 4367 iu-

2646 4455 2764 4462 ..-.-

2694 4551 2821 4612 552.
2861 4552 2919 4617 1)
2958 4551 3264 4622 Inscriptio
3298 4553 3457 4608 nulla
3492 4555 3648 4609 adest
3679 4556 3744 4609 in
3778 4556 4082 4625 exemplari
4116 4556 4439 4611 Genevenei.

2642 4688 2719 4743 N.
2755 4622 2908 4742 4162)
2916 4621 3032 4744 ,8ῗῖ
3067 4621 3440 4746 φαῗμέἶξο
3476 4624 3937 4764 ἷὶοῗᾉπὲρω
3839 4631 3952 4680 '²⁰⁸'
3973 4626 4188 4750 {routg-
4212 4625 4596 4750 §Qu-acam
4538 4625 4590 4680 θ’

2637 4730 3160 4840 περοιίο’ἰηεοπεᾷπ
3185 4732 3446 4829 declarat’,
3484 4779 3607 4816 eum
3633 4737 3832 4885 &pstea
3865 4765 3932 4818 ob
3960 4780 4175 4833 pravos
4206 4710 4384 4819 werpes
4418 4778 4591 4819 remo-

2637 4827 2874 4905 omagium
2909 4833 3143 4882 cua-avit.
3215 4830 3476 4898 (Gaberel
3508 4832 3561 4886 I.
3599 4833 3630 4885 3
3704 4832 3745 4899 .)
4212 4850 4215 4854 ’

2843 4897 2902 4958 3)
2942 4901 3334 4953 arbitraremur
3369 4900 3448 4957 N.

2723 5034 2734 5046 ο
2795 5033 2807 5046 .
2842 4964 2899 5045 4)
2935 4966 3496 5048 Aquam-nuliam
3540 4966 3655 5021 iam
3698 4969 3856 5038 apud
3889 4970 3970 5023 B'
4075 4970 4086 4982 '
4120 4985 4178 5024 es
4220 4969 4443 5026 obvium
4487 4971 4585 5024 ha·

2637 5034 2806 5088 buum
2838 5039 2985 5089 mter
3023 5036 3242 5091 Cazmm
3275 5038 3583 5103 familiares
3620 5037 3726 5102 (N.
3767 5038 3848 5091 14.
3889 5041 4006 5106 15),
4079 5041 4312 5095 ortassis
4355 5040 4587 5094 eundem

2636 5103 3004 5228 “fffwpr'ff
3049 5106 3729 5230 P'ffiwammss
3635 5107 4082 5245 ¹⁵³⁹(swfi
4111 5108 4586 5249 &fimes-180*

2633 5188 2869 5297 gwossmo
2897 5191 3181 5324 pgrwzmi
3212 5243 3458 5313 spatium
3493 5245 3751 5314 praefuit
3792 5220 4006 5302 scholae
4041 5248 4350 5303 Genevensi
4359 5290 4377 5317 ,
4428 5261 4586 5318 quem

2633 5309 2953 5393 Bjetantfip.
2999 5314 3083 5381 ll)
3119 5312 3394 5380 Aquetum
3439 5320 3705 5370 nommat.
3777 5315 3868 5375 De
3911 5317 4083 5371 Δηώ·
4125 5319 4257 5386 (sic)
4304 5320 4465 5374 libris
4497 5331 4581 5372 re-

2632 5380 2778 5434 lictis
2812 5381 3032 5437 dixerat
3065 5381 3327 5437 Fareaus
3360 5382 3440 5438 N.
3475 5383 3597 5438 498.
