5050 6167
666 414 795 479 727

1580 598 1735 670 55⁹.

900 729 1577 807 BULL‘INGERUS
1620 734 2397 802 MELANOHTHONI.

849 910 1139 976 Amaras
1199 909 1272 974 in
1333 909 1551 973 sinum
1623 908 1816 974 amici
1891 907 2152 989 effundit
2213 906 2498 988 querelas
2561 906 2639 971 de

670 996 943 1065 Lutheri
989 995 1249 1079 epistola
1307 994 1395 1059 ad
1445 992 1932 1059 Frosehoverwm
1985 998 2199 1058 eontra
2264 993 2637 1058 Turicenses

672 1084 932 1166 scripta,
976 1087 1033 1146 et
1065 1080 1413 1165 yeneratim
1466 1080 1544 1145 de
1595 1080 1732 1144 eius
1781 1077 2159 1143 vehementia
2200 1084 2258 1143 et
2299 1078 2638 1160 asperitate

670 1171 748 1235 in
782 1168 1097 1234 Helvetios
1112 1218 1127 1246 ,
1184 1166 1339 1232 dum
1390 1164 1527 1230 sola
1566 1164 1896 1230 eoncordia
1937 1169 1995 1229 et
2045 1168 2265 1229 mutua
2305 1164 2638 1229 tolerantia

672 1255 932 1322 ecelesia
973 1252 1303 1334 aedificari
1343 1254 1543 1333 queat.

678 1425 816 1490 (Per
860 1423 1043 1477 Bullin
1114 1422 1164 1474 ri
1216 1436 1596 1474 amanuensem
1643 1421 1849 1490 scripta
1893 1425 2077 1474 exstat
2109 1421 2167 1474 in
2203 1420 2423 1473 Archiv.
2459 1421 2636 1475 Turio.

674 1494 823 1548 Plnt.
859 1492 955 1546 VL
993 1508 1061 1544 vo
1086 1531 1098 1544 .
1135 1488 1278 1557 117⁸,
1316 1490 1445 1543 olim
1482 1490 1654 1544 Scrin.
1700 1492 1760 1542 C.
1797 1490 1883 1558 Ep
1925 1530 1936 1542 .
1987 1489 2048 1542 Τ.
2082 1488 2124 1541 Ῑ.
2178 1488 2269 1542 fol.
2306 1488 2427 1542 257.
2499 1488 2636 1541 Sim-

671 1563 822 1616 lerus
857 1561 1024 1614 habet
1060 1560 1163 1612 vol.
1185 1557 1273 1611 55.
1328 1559 1624 1627 Inscriptio
1661 1559 1810 1611 nulla
1915 1563 2015 1611 est.
2081 1557 2401 1612 Germanice
2435 1556 2638 1627 legitur

941 1645 1027 1697 ap.
1063 1627 1318 1682 Hessinm
1353 1628 1412 1681 in
1448 1628 1582 1680 Vita
1617 1627 1915 1697 Bullinger.
1953 1644 2007 1696 p.
2041 1624 2145 1680 402
2181 1629 2363 1695 seqq.)

670 1834 762 1845 —
824 1836 899 1848 -
960 1834 1045 1846 -
1097 1834 1185 1845 —
1242 1832 1329 1844 —
1387 1834 1472 1844 υ-
1518 1834 1601 1844 -
1652 1834 1730 1844 -
1774 1833 1859 1843 ——
1904 1833 1989 1845 -
2032 1834 2120 1844 —
2160 1833 2249 1844 —
2290 1834 2378 1844 —
2423 1835 2505 1845 -ι
2549 1834 2636 1845 -

846 1883 1158 1948 Hortaris
1184 1883 1230 1962 ¹)
1295 1889 1400 1961 ut,
1468 1883 1523 1948 si
1580 1903 1747 1967 quae
1805 1904 1892 1947 ex
1948 1884 2182 1949 vestris
2238 1883 2322 1948 ad
2366 1903 2488 1948 nos
2532 1905 2634 1948 re-

672 1968 977 2053 gionibus
1033 1967 1429 2034 horridiores
1483 1968 1718 2034 literae
1778 1968 2186 2047 scribuntur,
2255 1969 2502 2034 malum
2567 1967 2635 2033 id

669 2054 1022 2120 obruamus
1065 2053 1328 2119 silentio
1372 2063 1724 2138 nostraque
1768 2062 1909 2120 arte
1949 2054 2288 2119 leniamus.
2376 2055 2634 2119 Verum

670 2139 827 2223 quid
871 2138 1074 2219 dices,
1131 2141 1225 2204 mi
1273 2139 1599 2220 Philippe,
1659 2139 1719 2206 si
1773 2140 2004 2205 literae
2060 2139 2441 2206 huiusmodi
2497 2140 2635 2204 sint

670 2234 746 2291 ut
787 2223 1051 2290 difficile
1109 2226 1198 2289 sit
1246 2223 1330 2288 ad
1374 2246 1485 2291 eas
1525 2226 1746 2304 silere,
1805 2246 1927 2291 nec
1983 2225 2125 2290 ulla
2180 2226 2431 2308 possint
2488 2233 2632 2290 arte

667 2309 901 2376 leniri?
970 2312 1074 2376 De
1119 2309 1204 2375 D.
1242 2311 1520 2375 Martini
1563 2310 1830 2376 Lutheri
1872 2311 2083 2376 literis
2123 2311 2367 2394 loquor.
2433 2311 2631 2377 Noris

667 2417 757 2462 an
799 2395 1054 2462 nescias
1096 2396 1478 2480 ignoramus
1493 2447 1509 2474 ,
1572 2396 1734 2463 tales
1793 2396 2141 2463 Latherum
2197 2396 2280 2462 ad
2324 2395 2633 2463 Fre-scho-

664 2501 884 2547 verum
928 2490 1229 2547 nostrum
1274 2482 1611 2564 scripsisse
1645 2482 1869 2548 literas
1891 2485 1945 2561 ²)
1993 2490 2185 2566 (quas
2219 2482 2397 2548 haud
2434 2480 2630 2548 dubie

668 2588 789 2633 nos
832 2588 965 2632 non
1009 2568 1313 2650 ignorare
1356 2567 1755 2650 minimeque
1812 2568 2017 2633 latere
2081 2568 2319 2645 voluit)
2373 2576 2449 2632 ut
2492 2588 2629 2633 non

669 2653 831 2718 satis
893 2654 1144 2735 possint
1208 2653 1436 2717 mirari
1501 2654 1616 2736 qui
1680 2674 1790 2718 eas
1857 2652 2090 2737 legunt
2142 2653 2273 2719 viri
2338 2653 2495 2718 boni
2559 2660 2629 2719 et

666 2735 860 2817 docti,
879 2739 935 2816 Β)
1001 2736 1157 2821 quid
1222 2738 1493 2803 Luthero
1558 2738 1881 2818 evenerit,
1962 2738 2136 2822 quod
2212 2748 2400 2804 tanta
2474 2759 2627 2804 cum

664 2822 1098 2901 immodestia,
1157 2829 1234 2888 ut
1274 2845 1360 2889 ne
1403 2822 1561 2906 quid
1618 2822 1831 2889 dicam
1886 2825 2201 2903 acerbius,
2260 2833 2394 2889 tam
2448 2822 2626 2891 diras

662 2909 736 2974 in
803 2930 922 2973 nos
988 2908 1296 2974 effuderit
1362 2909 1852 2975 criminationes
1917 2919 2113 2992 atque
2170 2910 2620 2976 contumelias.

662 2995 758 3059 Et
813 2994 968 3078 quia
1024 2995 1191 3060 forte
1258 2995 1528 3078 ignoras
1591 3016 1755 3077 quas
1831 2996 2191 3078 scripserit,
2257 2996 2484 3079 paucis
2549 2997 2624 3061 in

663 3080 886 3146 sinum
930 3080 1126 3145 amici
1170 3089 1236 3145 et
1276 3081 1500 3146 fratris
1545 3079 1877 3145 effundam
1913 3079 2230 3165 quidquid
2264 3081 2333 3146 id
2376 3089 2478 3148 est
2517 3082 2625 3146 in-

662 3164 1000 3230 iuriarum.
1060 3165 1225 3230 Mox
1248 3166 1329 3231 ab
1351 3166 1542 3231 initio
1566 3164 1908 3248 epistolae:
1955 3166 2183 3251 Neque
2207 3187 2348 3251 ego,
2384 3168 2622 3251 inquit,

662 3271 874 3333 neque
920 3250 1095 3315 ullae
1136 3252 1265 3317 Dei
1312 3251 1620 3317 ecclesiae
1665 3251 1869 3316 ullam
1928 3273 2078 3318 cum
2136 3253 2376 3318 vest-ris
2433 3273 2623 3336 prae-

660 3333 1063 3402 dicatoribus
1119 3336 1645 3402 communionem
1704 3335 1947 3403 habere
1988 3346 2281 3420 possunt.
2371 3337 2623 3405 Sumus

659 3422 884 3503 itaque
930 3420 1196 3487 Lethen·
1247 3420 1490 3488 iudicio
1547 3424 1781 3488 resecti
1835 3443 1876 3487 a
1931 3425 2259 3489 consortio
2322 3425 2623 3490 omnium

660 3513 1066 3586 sanctorum,
1141 3506 1349 3572 veluti
1427 3508 1613 3590 impii
1690 3514 1759 3572 et
1842 3508 2210 3590 pertinaces
2286 3509 2618 3576 haeretici.

658 3592 721 3656 E
805 3611 842 3656 6
878 3599 1106 3656 nostra
1142 3591 1438 3658 doctrina
1472 3591 1968 3675 corruptissima
2000 3603 2118 3675 est,
2162 3616 2318 3680 ergo
2357 3604 2622 3661 nostrae

659 3611 973 3743 6111366166
1016 3698 1151 3742 non
1193 3685 1349 3742 sunt
1406 3677 1718 3744 ecclesiae
1776 3678 2028 3745 Christi
2083 3680 2199 3746 sed
2242 3701 2622 3766 synagogae

656 3762 1004 3830 satanicae.
1095 3761 1201 3827 Ab
1256 3762 1631 3829 huiusmodi
1684 3764 1858 3830 enim
1915 3767 2374 3832 communione
2424 3769 2622 3833 iussit

657 3856 920 3914 sanctos
964 3848 1292 3914 abstinere
1326 3848 1674 3932 apostolus.
1775 3850 1904 3917 His
1963 3860 2182 3918 autem
2238 3851 2426 3935 quid,
2484 3872 2616 3930 oro,

654 3942 913 4084 Efferat
954 3933 1025 3997 in
1069 3953 1192 3999 1166
1233 3935 1521 4000 atrocius
1562 3935 1667 4001 vel
1710 3936 2027 4020 cogitari?
2116 3937 2261 4003 Imo
2320 3936 2621 4021 adiungit

710 4019 724 4033 '
806 4019 1134 4101 protinus:
1183 4018 1391 4085 Doleo
1422 4020 1569 4087 illos
1603 4029 1947 4105 tantopere
1977 4023 2272 4088 laborare
2294 4033 2360 4088 et
2394 4032 2618 4088 tamen

657 4102 1002 4169 damnatos
1066 4125 1208 4170 esse
1271 4115 1465 4188 atque
1516 4107 1822 4189 perditos.
1925 4107 2322 4175 Careremus
2395 4108 2616 4191 itaque

654 4209 818 4255 vera
859 4190 932 4254 in
975 4188 1321 4257 Christum
1363 4189 1522 4257 fide:
1568 4192 1883 4277 quidquid
1940 4195 2118 4259 enim
2174 4214 2261 4258 ex
2306 4193 2437 4259 fide
2481 4215 2616 4258 non

653 4282 772 4353 est,
816 4284 1153 4358 peccatum
1189 4285 1306 4344 est.
1375 4278 1468 4342 Et
1502 4279 1615 4361 qui
1656 4299 1790 4344 non
1835 4277 2045 4344 credit
2082 4280 2157 4343 16
2198 4280 2616 4363 unigenitum

652 4358 784 4424 Dei
803 4361 1015 4430 filium
1051 4363 1186 4428 iam
1219 4362 1543 4429 iudicatus
1568 4371 1685 4428 est.
1744 4366 2033 4430 Rursus:
2071 4361 2254 4431 Satis
2295 4364 2612 4430 admoniti

652 4454 845 4524 sunt,
902 4447 1142 4529 inquit,
1199 4457 1278 4512 ut
1319 4450 1706 4533 resipiscant
1747 4450 1829 4515 ab
1873 4471 2095 4516 errore
2147 4459 2213 4517 et
2254 4473 2341 4516 ne
2385 4472 2611 4517 secum

648 4531 927 4598 miseros
996 4532 1293 4599 homines
1361 4535 1624 4617 rapiant
1703 4534 1785 4600 ad
1849 4537 2124 4617 inferos,
2200 4536 2314 4602 sed
2392 4536 2611 4602 nullas

649 4615 900 4683 habent
952 4637 1147 4685 aures
1203 4619 1288 4684 ad
1345 4641 1511 4695 sana
1566 4620 1838 4686 consilia
1880 4629 1999 4688 etc.
2092 4622 2278 4704 Quis,
2335 4642 2468 4702 oro,
2514 4622 2611 4686 mi

654 4759 733 4766 ,-

680 4837 812 4901 550.
853 4839 910 4907 1)
950 4839 1009 4893 si
1044 4856 1184 4908 quae
1218 4840 1529 4895 scribuntur
1563 4859 1632 4896 ex
1665 4841 1752 4896 his
1785 4844 2097 4913 regionibus
2134 4843 2397 4914 epistolae
2431 4844 2607 4898 horri-

648 4909 830 4963 diores
866 4909 934 4961 ab
971 4908 1259 4977 aliquibus,
1295 4927 1394 4966 nos
1429 4916 1612 4965 tamen
1647 4912 1844 4981 reliqui
1880 4912 2158 4967 foveamus
2194 4930 2513 4967 consensum
2550 4919 2609 4967 et

649 4978 944 5031 amicorum
981 4978 1411 5033 coniunctionem
1454 4981 1600 5033 inter
1645 4997 1769 5046 nos,
1822 4998 1923 5036 nec
1958 4983 2130 5051 magis
2166 4981 2353 5036 divelli
2390 4992 2607 5037 nostras

647 5046 903 5099 ecclesias
939 5045 1180 5099 sinamus
1214 5053 1312 5103 ete.
1372 5048 1758 5105 Melanckthon
1782 5050 2107 5120 Bullinyero
2140 5049 2227 5105 25.
2251 5052 2424 5107 Mart.
2452 5049 2606 5106 1544.

654 5114 845 5185 (Gorp.
888 5113 1016 5177 Res.
1064 5115 1121 5168 V.
1158 5113 1306 5181 342.)

855 5181 914 5248 2)
954 5183 1028 5238 N.
1063 5181 1186 5254 555,
1219 5190 1330 5239 not.
1361 5185 1412 5238 4.

855 5251 916 5317 3)
955 5253 1190 5307 Hessius
1235 5254 1269 5308 1.
1317 5253 1350 5307 1.
1399 5261 1653 5323 excerpta
1689 5258 1897 5324 promit
1939 5273 2007 5312 οε
2050 5257 2226 5312 literis
2269 5257 2607 5326 Bibliandrt‘,

644 5321 931 5394 Mycona,
974 5322 1205 5394 Bm,
1249 5321 1504 5379 staura-⁸·
1546 5325 1613 5379 aa
1642 5324 1827 5380 eadem
1873 5342 1952 5396 ep.
1988 5326 2227 5383 Lachere
2256 5328 2606 5397 mentium.

2227 406 2756 477 EPIS'POLAE
2804 408 3141 470 559-560

4553 406 4665 471 728

2636 609 2642 616 ·
2746 592 3072 679 Philippe,
3122 614 3412 679 unquam
3470 614 3589 661 nos
3644 589 4026 658 admonuit?
4131 587 4298 672 Quis
4351 588 4429 656 de
4467 610 4670 659 errore

2741 681 2815 746 in
2872 680 3167 747 doctrina
3233 678 3559 747 convicit?
3657 678 3804 743 Imo
3866 676 4250 742 obtulerunt
4311 675 4672 744 Helveticae

2740 766 3052 833 ecclesiae
3072 767 3541 832 confessionem
3562 764 3718 831 fidei
3739 783 3897 829 suae
3919 762 4208 840 Luthero,
4252 760 4672 829 submiserunt

2740 851 2953 918 eidem
3007 862 3075 918 et
3126 851 3629 919 declarationem
3694 849 4120 916 articulorum
4184 847 4266 913 de
4329 848 4672 915 ministerio

2740 937 2927 1004 verbi
2970 946 3039 1003 et
3082 939 3146 1003 vi
3211 948 3786 1004 sacramentorum.
3869 936 3955 1000 In
4009 934 4092 1001 iis
4135 941 4356 999 tamen
4390 934 4674 1000 omnibus

2739 1024 2908 1089 nihil
2964 1023 3305 1091 damnavit
3356 1023 3702 1101 Lutkerus,
3757 1021 4006 1087 nullius
4063 1041 4181 1086 nos
4245 1019 4481 1085 erroris
4534 1040 4674 1086 oon-

2740 1109 2928 1188 vicit,
2988 1110 3175 1176 nulla
3227 1110 3671 1176 admonitione
3722 1108 3804 1174 ab
3862 1107 3997 1171 ullo
4040 1106 4203 1172 falso
4247 1104 4540 1189 dogmate
4579 1126 4675 1172 re-

2738 1197 2960 1261 traxit.
3072 1194 3325 1279 Scripsi
3399 1195 3709 1279 privatim
3779 1214 3900 1277 ego
3973 1213 4228 1276 quoque
4293 1189 4555 1256 Luthero
4613 1197 4677 1256 et

2740 1282 3103 1349 obtestatus
3147 1303 3325 1361 sum,
3386 1283 3443 1347 si
3487 1281 3645 1365 quid
3699 1279 3940 1347 erroris
3992 1277 4065 1342 16
4121 1283 4347 1342 nostra
4399 1275 4679 1343 doctrina

2741 1389 2883 1434 esse
2926 1368 3118 1447 norit,
3165 1369 3369 1433 amice
3413 1375 3482 1433 et
3533 1367 3822 1432 fraterne
3865 1364 4125 1430 indicet.
4215 1361 4466 1444 Scripsi
4507 1360 4678 1426 deni·

2739 1475 2865 1537 que
2909 1455 3203 1518 omnium
3245 1454 3526 1519 fratrum
3569 1458 3636 1518 et
3668 1452 4136 1528 ministrorum,
4182 1450 4295 1532 qui
4338 1448 4679 1532 Γ1113611666

2740 1539 3051 1605 ecclesiae
3093 1539 3568 1618 ministramus,
3637 1539 3820 1604 iussu
3864 1546 3933 1602 et
3969 1535 4252 1601 nomine.
4342 1533 4680 1599 Caeterum

2739 1625 2849 1690 1116
2892 1646 2978 1690 ne
3035 1624 3307 1690 verbum
3364 1623 3630 1709 quidem
3679 1622 4036 1705 respondit.
4125 1621 4187 1686 N
4191 1641 4321 1686 unc
4376 1618 4534 1685 satis
4574 1617 4679 1682 ad-

2740 1711 2977 1776 monit-i
3021 1710 3240 1777 nullas
3283 1710 3367 1775 ad
3411 1730 3576 1775 sana
3632 1708 3908 1775 consilia
3962 1727 4153 1772 aures
4207 1705 4554 1781 habemus,
4611 1724 4681 1770 ac

2740 1796 3043 1862 homines
3085 1806 3351 1861 nostrae
3406 1795 3561 1861 fidei
3619 1794 3901 1861 creditos
3956 1793 4293 1859 nobiscum
4338 1790 4682 1873 abripimus

2740 1881 2824 1947 ad
2875 1890 3142 1946 tartara.
3246 1882 3512 1947 Atrocia
3574 1887 3732 1946 sunt
3785 1879 3975 1956 haec,
4043 1899 4272 1944 verum
4331 1884 4683 1960 sequuntur

2739 1968 3072 2034 atrociora.
3158 1966 3347 2045 Nolo,
3390 1968 3638 2051 inquit,
3699 1986 3842 2031 esse
3884 1965 4208 2049 particeps
4252 1961 4679 2028 damnationis

2737 2074 2961 2119 eorum
3010 2074 3085 2119 66
3128 2052 3550 2135 blasphemae
3595 2051 3960 2130 doctrinae,
4015 2051 4147 2114 imo
4201 2048 4405 2114 orabo
4456 2056 4524 2113 et
4574 2046 4678 2111 do-

2737 2139 2893 2205 cebo
2931 2147 3161 2204 contra
3210 2138 3361 2204 illos
3414 2138 3496 2203 ad
3555 2139 3755 2203 finem
3808 2157 4015 2220 usque
4059 2136 4232 2202 vitae
4287 2154 4491 2200 meae.
4578 2133 4680 2198 En

2736 2226 2958 2289 omnia
3031 2233 3259 2290 nostra
3335 2224 3823 2290 damnationem
3883 2232 4245 2305 nuncupat,
4326 2218 4682 2286 doctrinam

2735 2321 3029 2375 nostram
3065 2310 3517 2394 blasphemam
3561 2309 3864 2392 appellat.
3932 2307 4282 2374 Publicum
4326 2327 4400 2372 66
4434 2305 4681 2371 hostem

2734 2404 3031 2461 nostrum
3100 2397 3236 2461 fore
3310 2394 3484 2479 apud
3546 2394 3769 2460 Deum
3833 2401 3903 2460 et
3978 2394 4277 2459 homines
4342 2390 4680 2475 promittit.

2733 2482 2934 2565 Apud
2979 2480 3200 2547 Deum
3244 2481 3561 2565 precibus,
3603 2479 3778 2563 apud
3817 2480 4118 2545 1161611166
4159 2477 4479 2544 doctrina.
4552 2476 4681 2541 Nec

2733 2588 2880 2650 spes
2925 2576 3028 2632 est
3069 2567 3258 2631 illum
3317 2564 3664 2649 aliquando
3709 2564 4074 2631 rediturum
4127 2565 4201 2629 in
4242 2564 4530 2648 gratiam
4571 2580 4682 2625 no·

2730 2653 3000 2733 biscum‚
3056 2674 3261 2737 quum
3304 2673 3375 2718 se
3418 2661 3868 2737 pugnaturum
3924 2659 4158 2717 contra
4210 2669 4331 2715 nos
4372 2646 4684 2731 spondeat

2731 2737 2815 2805 ad
2869 2740 3071 2804 finem
3127 2759 3334 2821 usque
3393 2738 3584 2803 vitae.
3686 2737 3969 2821 Insuper
4026 2746 4094 2801 et
4133 2735 4299 2801 illud
4345 2731 4680 2818 appendit:

2729 2823 2916 2890 Deus
2959 2825 3132 2890 adsit
3183 2821 3573 2888 miserandis
3617 2824 3939 2900 ecclesiis,
3993 2831 4076 2886 ut
4129 2821 4496 2888 liberentur
4539 2827 4681 2883 tan-

2730 2909 2878 2975 dem
2936 2932 2976 2975 a
3038 2909 3220 2975 falsis
3274 2909 3409 2975 illis
3474 2907 4030 2993 praedicatoribus
4086 2915 4154 2973 et
4214 2905 4679 2974 seductoribus.

2727 2994 2925 3076 Quid,
2972 3015 3105 3074 oro,
3163 3003 3391 3062 contra
3431 3016 3550 3060 nos
3591 3014 3880 3077 unquam
3924 2992 4028 3061 vel
4071 2995 4213 3077 ipse
4255 3013 4434 3076 papa
4475 2990 4682 3056 horri-

2729 3080 2926 3147 bilius
2967 3080 3303 3146 intonuit?
3394 3079 3642 3147 Sumus
3681 3081 3808 3145 iam
3859 3087 3928 3145 et
3970 3080 4241 3145 Luthero
4282 3077 4681 3162 pseudopro·

2723 3166 2960 3250 phetae
3003 3177 3072 3233 et
3113 3165 3519 3244 seductores,
3579 3163 3761 3249 digni
3815 3166 4130 3230 nimirum
4171 3165 4283 3247 qui
4328 3164 4681 3237 obruamur

2724 3251 3068 3336 lapidibus,
3115 3263 3182 3318 et
3223 3253 3296 3317 in
3338 3272 3501 3335 quos
3549 3251 4034 3317 animadvertat
4072 3250 4422 3316 iustissimi
4466 3248 4680 3314 cuius-

2727 3359 2852 3422 que
2886 3338 3120 3405 iudicis
3155 3338 3430 3423 gladius,
3476 3336 3714 3421 quibus
3747 3337 4182 3404 interdicatur
4216 3336 4357 3420 igni
4395 3342 4464 3401 et
4498 3351 4676 3430 aqua:

2723 3426 2946 3507 Atque
2988 3424 3093 3492 his
3135 3423 3437 3489 omnibus
3491 3423 3780 3488 nondum
3834 3424 4231 3506 impotenter
4273 3422 4438 3488 satis
4482 3419 4679 3485 animi

2725 3510 2830 3576 sui
2874 3518 3127 3577 aestum
3171 3519 3401 3575 contra
3445 3529 3564 3573 nos
3608 3509 3868 3587 effudit,
3928 3509 4057 3575 nisi
4108 3508 4228 3574 sub
4289 3509 4499 3573 finem
4539 3505 4680 3569 lite-

2725 3617 2950 3662 rarum
2992 3596 3192 3660 etiam
3249 3594 3412 3659 illud
3457 3594 3955 3678 superadderet:
4014 3593 4266 3659 Rident
4312 3593 4482 3659 haec
4536 3611 4679 3656 nos·

2725 3690 2846 3758 tra,
2890 3679 3006 3746 sed
3048 3680 3416 3763 plorabunt,
3461 3680 3575 3746 ubi
3617 3680 3998 3745 invenerint
4040 3678 4360 3746 iudicium
4395 3674 4680 3760 Zuinglii

2724 3787 2915 3849 quem
2973 3774 3353 3849 sequuntur.
3451 3766 3639 3830 Deus
3698 3776 3919 3832 servet
3968 3766 4430 3831 innocentium
4489 3761 4680 3830 corda

2723 3850 2805 3916 ab
2851 3872 3078 3916 eorum
3122 3852 3412 3917 venenol
3480 3850 3631 3915 Non
3675 3849 3986 3930 ridemus,
4036 3851 4356 3932 Philippo,
4399 3851 4535 3915 imo
4570 3848 4677 3912 do-

2721 3936 2814 4001 let
2854 3935 3042 4001 nobis
3084 3956 3220 4000 non
3274 3935 3723 4016 mediocriter,
3781 3938 3996 4003 virum
4051 3945 4314 4002 tantum
4373 3935 4502 4002 sibi
4557 3931 4679 4016 ipsi

2721 4031 3020 4105 ereptum
3072 4022 3290 4087 furere
3352 4024 3446 4089 sic
3503 4029 3733 4087 contra
3785 4022 4209 4089 immerentes
4227 4074 4242 4099 ,
4318 4029 4389 4087 et
4445 4026 4677 4086 semet-

2717 4108 2937 4191 ipsum
3013 4105 3404 4174 dedecorare
3484 4109 3879 4191 turpissime.
3999 4108 4377 4192 Zuinylium
4455 4109 4677 4173 beatae

2719 4194 3073 4259 memoriae
3128 4192 3209 4258 de
3260 4195 3505 4278 pietate
3559 4203 3628 4259 et
3679 4192 3888 4260 literis
3939 4196 4183 4277 optime
4235 4196 4553 4260 meritum

2717 4279 2962 4345 inferos
3007 4277 3326 4345 detrudit:
3369 4278 3597 4345 eodem
3634 4299 3753 4343 nos
3786 4279 4053 4363 colligat
4087 4277 4348 4359 iudicio,
4396 4297 4674 4363 quorum

2719 4364 3086 4431 doctrinam
3127 4387 3259 4431 non
3304 4386 3541 4449 aquam
3585 4365 3777 4445 vitae,
3836 4365 3950 4430 sed
3994 4386 4326 4431 venenum
4372 4373 4441 4431 et
4483 4384 4675 4448 pocu-

2717 4451 2854 4515 lum
2898 4451 3129 4516 mortis
3172 4460 3480 4517 aeternae
3535 4471 3677 4518 esse
3719 4450 3978 4517 iudicat.
4069 4450 4224 4532 Qua
4263 4452 4434 4531 iam,
4492 4450 4673 4516 obse-

2714 4557 2842 4615 cro,
2888 4545 3031 4600 arte
3065 4557 3410 4618 possumus
3444 4545 3704 4602 tantum
3744 4537 3949 4602 lenire
3993 4537 4264 4617 malum,
4312 4548 4385 4602 et
4428 4536 4672 4602 malum

2715 4621 2981 4706 quidem
3025 4623 3289 4688 Lutheri
3345 4621 3580 4689 iudicio
3639 4621 4040 4690 incurabile?
4139 4622 4279 4690 Nec
4337 4636 4441 4691 est
4502 4618 4670 4707 quod

2715 4707 2976 4773 dubites
3020 4707 3100 4774 de
3144 4708 3369 4774 literis.
3441 4709 3718 4774 Manum
3762 4718 3829 4774 et
3871 4709 4137 4792 signum
4181 4709 4456 4776 Lutheri
4497 4707 4666 4783 novi,

2712 4816 2913 4876 quum
2957 4795 3140 4876 prius
3180 4795 3376 4859 etiam
3421 4794 3602 4860 illius
3639 4796 3997 4877 acceperim
4033 4795 4271 4861 literas.
4343 4796 4500 4861 Non
4533 4813 4667 4857 cre-

2713 4877 2929 4946 dimus
2982 4889 3205 4944 autem
3259 4881 3449 4945 illum
3499 4880 3569 4944 in
3625 4879 3819 4963 plane
3874 4881 3964 4945 im
4014 4881 4109 4947 ios
4164 4889 4232 4946 et
4282 4883 4666 4948 manifestos

2711 4967 2898 5032 verbi
2941 4964 3068 5031 Dei
3126 4966 3347 5032 hostes
3405 4965 3729 5031 atrociora
3778 4966 3955 5031 effun
4004 4988 4114 5032 ere
4160 4968 4477 5050 potuisse.
4575 4963 4665 5031 Ut

2711 5060 2932 5117 autem
2985 5052 3272 5118 maxime
3325 5051 3756 5117 concedamus
3814 5074 3934 5118 nos
3987 5073 4209 5117 errare
4265 5054 4341 5118 in
4404 5051 4661 5138 negotio

2710 5137 3173 5215 eucharistiae,
3231 5158 3318 5203 an
3374 5137 3470 5201 ita
3525 5157 3787 5202 eramus
3844 5137 4221 5216 abiiciendi,
4282 5135 4659 5213 damnandi,

2709 5222 3182 5290 conculcandi?
3271 5223 3417 5288 Iam
3461 5241 3617 5287 vero
3672 5245 3876 5307 quum
3931 5223 4187 5288 sincera
4243 5233 4313 5290 et
4370 5247 4540 5309 pura
4580 5221 4662 5288 sit

2707 5312 2778 5375 in
2822 5310 3113 5377 ecclesiis
3165 5309 3410 5374 nostris
3461 5308 3759 5375 doctrina
3815 5308 3895 5375 de
3945 5310 4357 5393 poenitentia
4401 5319 4472 5377 et
4511 5329 4660 5395 gra-
