5050 6167
419 428 493 490 21
2095 426 2260 489 1540
2302 422 2771 491 FEBRUAR.

411 614 694 682 solutam
754 611 1099 697 disciplina
1112 661 1129 688 ,
1192 613 1359 680 mire
1420 611 1756 678 turbatam
1828 617 1897 677 et
1961 610 2364 695 dissipatam,

408 721 576 786 quae
618 699 802 783 prius
843 720 1055 782 paene
1095 700 1324 765 interit
1357 719 1555 783 quam
1595 706 1757 763 nata
1798 698 1901 763 sit.
1991 697 2095 762 Tu
2139 697 2362 781 igitur,

409 786 679 854 ebsecro
694 837 711 865 ,
777 785 996 869 aliquo
1057 784 1328 851 consilio
1390 793 1458 850 et
1532 782 1972 849 admonitione
2046 784 2172 850 hac
2245 804 2365 848 nos

409 874 591 939 leves
634 872 951 950 molestia,
995 878 1067 936 et
1107 871 1279 938 hane
1322 870 1510 937 sedes
1568 869 2144 954 perturbationem.
2232 869 2364 934 Mi-

407 960 587 1025 nime
631 958 810 1024 enim
851 956 1129 1023 dubium
1173 967 1274 1022 est
1316 959 1476 1040 quin
1520 977 1637 1022 vos
1679 976 1933 1039 quoque
1992 954 2366 1021 huiusmodi

409 1051 763 1112 exerceant
844 1051 913 1110 et
985 1044 1326 1127 exagitent
1398 1042 1856 1128 cogitationest
1929 1062 2056 1125 quo
2137 1043 2212 1105 fit
2289 1048 2367 1105 ut

408 1151 671 1215 sperem
726 1151 833 1196 me
885 1129 1128 1196 vestris
1182 1128 1473 1196 consiliis
1530 1137 1597 1195 et
1640 1128 1907 1194 monitis
1956 1149 2088 1192 non
2132 1147 2367 1210 parum

406 1216 777 1283 adiumenti
818 1225 1296 1299 percepturum.
1361 1213 1599 1281 Saluta
1641 1235 1881 1297 quaeso
1918 1234 2063 1279 meo
2098 1212 2366 1277 nomine

405 1302 696 1386 collegas
738 1310 809 1368 et
849 1310 1252 1385 symmystas
1296 1311 1459 1382 tuos,
1501 1301 1738 1365 fratres
1772 1300 1843 1363 in
1867 1298 2155 1364 Domino
2179 1297 2366 1364 nobis

407 1389 715 1455 omnibus
776 1385 1421 1454 observandissimos.
1544 1384 1858 1452 Salutant
1934 1393 2002 1450 te
2080 1383 2367 1469 collegae

406 1476 543 1541 mei
583 1482 653 1540 et
692 1475 930 1540 iratres
973 1475 1087 1556 qui
1130 1470 1306 1557 apud
1348 1493 1468 1538 nos
1511 1480 1687 1537 sunt.
1774 1470 1946 1536 Vale
2001 1471 2247 1554 optime
2300 1477 2369 1535 et

402 1580 627 1627 meam
678 1559 1143 1643 loquacitatem
1199 1559 1353 1626 boni
1404 1557 1690 1625 consule.
1804 1557 2202 1623 Lausannae
2261 1559 2363 1621 20.

404 1645 756 1712 Februarii
807 1650 990 1713 1540.

1382 1781 1570 1846 Tuus
1613 1778 1859 1844 Petrus
1904 1778 2195 1844 Viretus.

1310 2257 1460 2327 21⁰.

850 2394 1439 2465 LIBERTETUS
1485 2392 1923 2462 OALVINO.

586 2571 981 2639 Praemissis
1022 2571 1256 2653 paucis
1298 2567 1374 2634 de
1423 2565 1647 2633 Garolo
1703 2572 1762 2632 ct
1803 2567 2142 2649 disciplina
2186 2566 2366 2632 eccle-

401 2660 689 2736 siastica,
729 2658 1001 2723 rationes
1043 2655 1247 2721 reddit
1288 2655 1362 2720 de
1392 2654 1626 2737 neyotio
1657 2653 2030 2718 venditionis
2062 2651 2369 2717 librorum

410 2744 750 2823 olivetani,
791 2763 957 2810 nunc
998 2742 1247 2808 tandem
1287 2742 1374 2807 ad
1414 2739 1606 2822 finem
1636 2739 1987 2821 perductae.

670 2914 783 2980 (Ex
818 2913 1157 2985 autographo
1192 2912 1323 2966 bibl.
1358 2911 1562 2966 Genev.
1598 2909 1729 2965 Cod.
1765 2907 1883 2975 109,
1920 2909 2012 2964 fol.
2047 2907 2125 2974 2.)

584 3104 728 3172 Suo
762 3103 999 3170 loanni
1033 3099 1316 3169 Calvino
1352 3100 1538 3166 fratri
1573 3104 1640 3164 et
1674 3099 1883 3165 amico
1918 3099 2363 3183 integerrimo.

1767 3220 2195 3305 Argentinae.

586 3360 659 3428 S.
749 3361 853 3427 De
914 3359 1177 3444 negotio
1240 3355 1455 3425 Caroli
1510 3356 1679 3423 nihil
1725 3379 1899 3424 nunc
1942 3357 2154 3424 scribo
2195 3352 2370 3439 qued

404 3448 638 3515 emnia
679 3447 1013 3530 superiore
1058 3442 1461 3510 hebdomade
1505 3442 1787 3510 viderim
1842 3442 2016 3528 apud
2075 3440 2370 3508 Comitem

409 3542 476 3601 et
536 3533 838 3611 Virctum,
883 3541 951 3596 et
989 3551 1157 3615 quae
1199 3529 1553 3613 scripsistis
1596 3537 1664 3596 et
1702 3550 1869 3613 quae
1909 3529 2039 3612 ipsi
2071 3549 2148 3595 ac
2185 3526 2371 3593 Zebe-

405 3623 613 3690 amos
652 3616 1073 3702 respondent.
1159 3615 1389 3682 Unum
1431 3623 1694 3681 tantum
1737 3614 2047 3693 dixerim,
2105 3620 2370 3679 mutuas

408 3708 613 3773 hasce
655 3702 1246 3771 demonstrationes
1300 3698 1385 3767 ad
1440 3701 1610 3767 serio
1667 3700 2112 3784 quaerendam
2165 3699 2369 3766 eccle·

410 3792 747 3859 siasticam
824 3789 1239 3872 disciplinam
1315 3788 1670 3869 plurimum
1748 3785 2138 3862 conducere,
2206 3785 2373 3851 citra

409 3898 614 3963 quam
668 3875 888 3943 nescio
946 3896 1076 3958 qua
1130 3874 1457 3958 possimus
1510 3872 1911 3938 conscientia
1964 3870 2211 3936 diutius
2264 3871 2373 3936 hic

406 3964 826 4040 ministrare,
886 3981 1092 4043 quum
1147 3959 1270 4025 hac
1316 3959 1392 4024 in
1445 3966 1633 4042 parte
1694 3958 1788 4023 sic
1859 3957 1941 4022 ab
1999 3956 2372 4022 huiusmodi

408 4049 674 4115 miseris
751 4044 1127 4112 hominibus
1202 4046 1442 4110 misere
1520 4045 1993 4127 prostituamur
2066 4040 2371 4126 quotidie,

412 4136 575 4202 dum
654 4131 1061 4217 simplicitati
1139 4139 1399 4196 nostrae
1476 4131 1699 4195 fucum
1773 4130 1986 4195 facere
2068 4128 2376 4194 noverint

623 4218 700 4285 ὀ.
787 4216 938 4299 Quo
982 4217 1063 4281 fit
1105 4223 1183 4281 ut
1223 4216 1468 4281 bonum
1524 4224 1827 4282 nostrum
1879 4213 2374 4281 maledicentiae

412 4308 504 4373 sit
544 4241 922 4371 obnoxium.
1012 4304 1117 4368 De
1161 4304 1427 4386 negotio
1470 4311 1586 4366 tuo
1620 4322 1697 4368 ac
1735 4301 1958 4366 fratris
1998 4300 2163 4364 mihi
2199 4320 2374 4365 com-

411 4395 616 4459 misso
660 4390 951 4456 breviter
994 4388 1231 4471 accipe.
1322 4387 1598 4453 Habetis
1640 4388 1968 4451 rationem
2016 4383 2373 4463 divisionis,

415 4476 916 4563 appretiationis
969 4474 1284 4540 librorum
1338 4473 1450 4556 qui
1500 4472 1572 4537 in
1629 4480 1874 4537 sortem
1929 4480 2218 4536 vestram
2272 4471 2375 4535 in-

412 4564 735 4631 ciderunt.
802 4561 912 4627 Ex
947 4561 1184 4643 quibus
1220 4558 1570 4626 nonnullos
1616 4557 1782 4622 mihi
1822 4556 2067 4622 indicto
2112 4557 2376 4623 servavi

414 4650 630 4734 pretio
672 4667 884 4731 usque
927 4646 1013 4711 ad
1055 4666 1386 4712 summam
1429 4648 1511 4708 42
1553 4647 1619 4710 fl.
1672 4650 1707 4706 5
1754 4665 1803 4708 s.
1894 4642 2081 4707 Alios
2138 4643 2375 4725 partim

418 4733 690 4801 vendidi
704 4785 722 4814 ,
845 4734 1040 4798 artim
1119 4730 1503 4814 bibliopolae
1580 4727 2044 4796 Lausannensi
2111 4727 2377 4793 venales

417 4819 680 4887 tradidi.
838 4817 966 4884 uod
1008 4817 1249 4883 bonam
1302 4823 1554 4900 partem
1605 4813 1770 4880 mihi
1826 4813 2211 4879 retinuerim
2254 4813 2380 4880 hac

420 4908 681 4973 ratione
733 4905 976 4971 factum
1030 4902 1424 4969 existimetis
1439 4953 1455 4980 ,
1515 4923 1600 4967 ne
1655 4900 1885 4966 fratris
1928 4900 2379 4966 annotationes

419 4992 585 5058 mihi
623 4991 889 5076 quidem
924 4990 1240 5073 perutiles
1266 4988 1414 5054 aliis
1435 4989 1506 5052 in
1527 5008 1775 5052 vanum
1796 4988 2377 5063 committerentur,

420 5100 507 5145 ne
573 5078 789 5143 dicam
851 5074 1430 5142 calumniatoribus
1448 5126 1462 5152 ,
1529 5075 1643 5157 qui
1698 5081 2089 5137 aranearum
2144 5078 2382 5136 natura

468 5164 701 5231 raediti
775 5165 970 5228 flores
1029 5164 1108 5226 -in
1175 5181 1502 5227 venenum
1575 5166 1643 5224 et
1717 5158 1887 5224 retia
1964 5163 2377 5223 convertunt.

422 5185 560 5316 god
602 5250 849 5315 multos
889 5247 1139 5314 libellos
1174 5245 1481 5331 profanos
1522 5265 1886 5329 parumque
1938 5242 2206 5326 pudicos
2257 5241 2384 5308 hac

424 5337 678 5403 ratione
722 5334 894 5402 dicto
935 5334 1178 5399 retinui
1233 5332 1444 5417 pretio
1487 5349 1573 5397 ex
1615 5329 1881 5413 quibus,
1939 5335 2017 5394 ut
2058 5325 2256 5393 didici
2300 5325 2385 5392 ab

4346 436 4437 499 22

2467 613 2628 696 ipso,
2675 612 2921 698 aliquid
2962 614 3220 682 fructus
3264 615 3609 699 decerpere
3649 627 3942 700 potuero.
4032 619 4231 686 Nunc
4272 642 4436 705 sup-

2467 707 2810 782 putemus:
2855 700 3224 785 Reeepistis
3280 705 3358 765 14
3401 708 3512 793 V,
3559 702 3794 786 quibus
3846 704 4176 771 addantur
4231 709 4269 769 2
4315 713 4430 799 V,

2468 805 2632 868 ques
2677 784 2962 852 Michael
3000 808 3124 870 pro
3169 787 3407 853 Bibliis
3453 789 3676 854 latinis
3720 811 3792 855 se
3836 790 4022 856 vobis
4057 792 4436 860 soluturum

2468 871 2736 956 recepit.
2806 871 2978 937 Item
3021 873 3306 955 pretium
3351 873 3724 939 Bibliorum
3768 897 3844 943 ac
3887 877 4047 959 psal.
4070 876 4256 944 hebr.
4294 882 4332 942 6
4357 880 4425 945 fl.

2478 961 2555 1020 10
2598 977 2648 1022 s.
2697 978 2847 1022 cum
2893 957 3102 1023 tribus
3156 958 3392 1026 libellis
3437 960 3690 1044 gallicis
3725 982 3887 1044 quos
3929 982 4051 1045 pro
4090 963 4428 1032 laboribus

2469 1042 2596 1125 ipsi
2643 1042 2946 1109 Michaeli
3000 1064 3076 1109 ac
3125 1044 3461 1110 Guilielmo
3513 1045 3823 1112 dederam
3891 1053 3966 1112 10
4009 1070 4060 1113 s.
4151 1046 4433 1115 Summa

2470 1128 2770 1192 omnium
2812 1150 2980 1212 quae
3021 1151 3142 1212 pro
3186 1130 3466 1214 receptis
3509 1138 3666 1196 sunt
3705 1132 4006 1198 habenda
4047 1138 4129 1198 82
4176 1135 4240 1199 fl.
4288 1140 4325 1198 4
4373 1156 4425 1200 s.

2471 1212 2851 1297 Supersunt
2902 1235 2990 1279 ex
3049 1218 3166 1281 106
3210 1218 3277 1281 fl.
3339 1223 3376 1280 6
3423 1238 3474 1281 s.
3566 1221 3644 1280 24
3691 1219 3755 1283 fl.
3805 1222 3843 1282 2
3890 1241 3939 1284 s.
4042 1220 4152 1285 Ex
4195 1219 4430 1303 quibus

2471 1298 2749 1365 detrahe
2788 1304 2823 1363 2
2848 1306 2943 1390 V
2962 1300 3207 1367 solares
3228 1322 3390 1385 quos
3423 1324 3596 1368 nunc
3628 1303 3838 1384 mitto,
3876 1304 4053 1370 unde
4082 1312 4433 1371 remanent

2478 1390 2554 1449 14
2601 1386 2665 1450 fl.
2735 1390 2810 1450 10
2855 1408 2903 1451 s.
3008 1385 3143 1451 Sed
3199 1409 3432 1453 vereor
3479 1407 3565 1452 ne
3614 1389 3789 1454 ultra
3843 1387 4134 1456 medium
4189 1389 4430 1458 horum

2471 1491 2556 1536 ex
2598 1469 2859 1537 indictis
2948 1472 3127 1538 retiis
3171 1472 3603 1539 decidendum
3645 1482 3977 1557 postremo
4013 1476 4252 1542 veniat.
4323 1477 4432 1543 De

2471 1557 2834 1640 exemplari
2947 1609 2959 1622 .
3010 1558 3083 1622 Τ.
3130 1558 3224 1624 10.
3276 1558 3604 1626 Gis-ardus
3662 1569 3727 1625 et
3783 1561 4104 1628 Antonius
4161 1562 4432 1628 Vellen-

2470 1643 2564 1709 sis
2589 1644 2636 1721 ¹)
2683 1642 2996 1709 dixerunt
3036 1663 3243 1726 pauca
3276 1665 3417 1712 esse
3456 1646 3528 1710 in
3574 1667 3649 1711 eo
3688 1653 3952 1729 praeter
3973 1647 4065 1713 Io.
4094 1646 4434 1714 Michaelis

2471 1727 2855 1808 editionem,
2915 1730 3100 1795 cuius
3165 1738 3589 1816 prototypum
3653 1753 3796 1797 esse
3859 1742 4182 1798 asserunt.
4281 1734 4431 1817 Ego

2472 1828 2700 1879 tamen
2751 1815 3047 1881 exactius
3102 1813 3173 1880 id
3227 1816 3614 1897 expendam.
3704 1817 4068 1902 Exemplar
4110 1840 4269 1884 vero
4309 1819 4431 1884 Bi-

2470 1899 2755 1965 bliorum
2799 1901 2989 1966 fratri
3041 1900 3458 1968 Armentiano
3513 1901 3939 1985 tradideram,
4004 1905 4115 1988 qui
4215 1909 4435 1971 taeter

2472 2006 2550 2051 ea
2611 2006 2778 2069 quae
2841 1985 2923 2051 ad
2988 1985 3562 2071 chalcographiam
3627 1990 3971 2056 conferunt
4047 2011 4094 2054 n
4192 2010 4232 2054 a
4294 1990 4434 2057 fere

2472 2079 2944 2137 annotamenta
2984 2074 3307 2157 reperisse
3350 2094 3420 2138 se
3464 2075 3716 2140 asserit.
3806 2073 3943 2142 Sed
3997 2083 4065 2140 et
4119 2076 4259 2159 ipse
4317 2075 4434 2140 de-

2471 2157 2657 2223 lusus
2692 2167 2810 2223 est.
2883 2158 3017 2225 Ubi
3054 2159 3233 2224 enim
3275 2159 3786 2240 pentateuchum
3830 2162 3912 2227 ab
3948 2181 4027 2227 eo
4062 2171 4432 2228 correctum

2471 2253 2891 2309 extorserunt
2911 2244 3201 2310 Antonio
3226 2243 3503 2326 Marc-²)
3541 2256 3607 2309 et
3630 2244 3959 2325 Μοναπᾱο,
3994 2247 4149 2314 huic
4171 2247 4434 2313 muneri

2470 2328 3000 2395 incumbentibus
3052 2329 3243 2394 illum
3299 2331 3793 2412 praeterierunt.
3892 2333 3957 2398 N
3959 2352 4033 2397 ec
4081 2330 4436 2398 defuerunt

2471 2414 2583 2496 qui
2678 2412 2973 2479 dicerent
3065 2414 3460 2481 Olivetenum
3546 2416 3991 2499 quiescentem
4065 2418 4204 2484 suis
4295 2439 4432 2484 non

2470 2498 2770 2583 indigere
2789 2498 3139 2566 laboribus.
3208 2497 3343 2566 Sed
3371 2500 3454 2566 iis
3487 2501 3848 2585 respondeo
3884 2503 4433 2586 anabaptisticam

2469 2606 2614 2650 esse
2657 2585 3183 2663 satisfactionem,
3228 2605 3395 2668 quae
3438 2606 3575 2651 non
3618 2589 3796 2664 satis,
3841 2589 3972 2653 imo
4015 2589 4205 2667 nihil,
4266 2589 4432 2653 mihi

2470 2690 2548 2735 ac
2600 2670 2727 2752 piis
2781 2671 3084 2736 omnibus
3141 2671 3353 2736 faciat.
3461 2672 3559 2736 De
3608 2671 3785 2739 Petri
3800 2674 3858 2746 ⁸)
3917 2676 4121 2738 nostri
4165 2693 4432 2757 procra-

2470 2756 2822 2820 stinatione
2884 2776 2961 2822 ac
3013 2755 3418 2840 negligentia
3482 2757 3537 2821 si
3593 2779 3773 2824 nunc
3837 2779 4146 2825 enarrare
4202 2759 4434 2825 liceret

2471 2839 2901 2920 incommoda,
2947 2861 3113 2925 quae
3157 2841 3557 2925 pauperculo
3614 2843 3808 2909 fratri
3865 2845 4086 2910 omnia
4144 2865 4262 2910 sua
4307 2845 4431 2927 piis

2472 2926 2698 2993 usibus
2750 2929 3101 3010 exponenti
3156 2928 3604 3012 contigerunt,
3663 2928 3922 2995 abunde
3977 2927 4434 2997 excusandum

2471 3013 2841 3079 censeretis.
2943 3011 3137 3094 Quod
3191 3022 3415 3080 autem
3467 3015 3537 3080 iu
3591 3016 3936 3097 postremis
3993 3016 4160 3082 meis
4217 3015 4430 3080 literis

2472 3096 2748 3178 excidit,
2838 3116 2984 3163 mco
3070 3097 3462 3165 vertendum
3540 3101 3718 3167 vitio.
3841 3100 4059 3182 Quam
4139 3101 4432 3185 primum

2470 3182 2750 3263 licuerit,
2791 3182 3243 3267 persoluturus
3277 3191 3379 3250 est
3419 3187 3643 3252 omnia
3683 3186 3964 3252 fideliter
4007 3194 4074 3253 et
4115 3187 4250 3252 iam
4289 3187 4432 3269 ipse

2471 3291 2732 3336 mecum
2788 3271 2859 3335 iu
2918 3270 3039 3336 hoc
3095 3269 3486 3338 laboramus.
3591 3271 3760 3338 Vale
3808 3273 4165 3339 amicorum
4209 3271 4428 3338 decus.

2470 3354 2710 3455 Saluta
2785 3357 2843 3421 si
2918 3356 3134 3438 placet
3207 3358 3474 3456 nomine
3557 3365 3782 3425 nostro
3861 3358 4301 3455 (Alexandri).
4353 3376 4431 3423 ac

2471 3438 4432 3613 amm?{ffmffiufflfflzimaffimsszdffl‘t3m

2474 3614 2586 3697 qui
2629 3613 2789 3678 olim
2832 3613 2980 3678 istic
3023 3613 3385 3696 parochum
3428 3614 3661 3698 agebat
3703 3615 3912 3681 bonus
3937 3615 4057 3680 vir.
4121 3614 4433 3679 Fratrem

2473 3708 2665 3764 tuum
2708 3707 2777 3762 et
2820 3697 3163 3764 Enardum
3205 3698 3372 3763 mihi
3419 3700 3786 3765 carissimos
3840 3722 3970 3765 non
4026 3698 4428 3783 praeteribis.

2475 3783 3209 3850 Commendatissimam
3277 3784 3509 3851 habete
3572 3786 3745 3850 hanc
3802 3786 4145 3851 eeclesiam
4202 3791 4271 3850 et
4324 3804 4432 3850 me

2472 3871 2886 3954 potissimum
2930 3891 3007 3936 ac
3050 3889 3277 3935 omnes
3318 3871 3390 3934 in
3427 3871 3730 3953 precibus
3765 3871 4024 3937 vestris.
4116 3868 4433 3953 Quando·

2473 3954 2738 4040 quidem
2769 3953 2989 4026 ‚Satan
3031 3954 3266 4021 iisdem
3309 3956 3513 4022 initiis
3571 3978 3647 4023 ac
3703 3977 3822 4041 per
3863 3956 4127 4023 eosdem
4171 3956 4434 4022 ruinam

2473 4042 2643 4107 mihi
2718 4040 3011 4107 minatur
3085 4048 3161 4107 ut
3235 4041 3420 4107 vobis
3494 4041 3806 4108 Genevae
3826 4094 3843 4123 ,
3910 4042 4042 4109 nisi
4104 4042 4434 4108 Dominus

2475 4128 2809 4194 averterit.
2898 4127 3178 4193 Tononii
3224 4130 3326 4193 21.
3373 4127 3568 4194 Febr.
3629 4132 3810 4192 1510.

3279 4264 3465 4331 Tuus
3510 4272 3794 4348 quantus
3835 4273 4121 4348 quantus
4164 4273 4267 4331 est

3344 4349 3723 4433 Ohristoph.
3769 4350 4175 4417 Libertinus.

2652 4553 2879 4636 Quum
2940 4555 3014 4619 in
3071 4553 3288 4620 reditu
3348 4577 3431 4621 ex
3498 4555 3726 4620 Berua
3786 4555 4026 4621 harum
4090 4553 4436 4622 turbarum

2478 4640 2695 4725 gratia
2752 4639 3148 4707 Gaucherius
3202 4640 3370 4705 mihi
3425 4640 3838 4716 occurrisset,
3906 4649 4173 4727 rogatus
4230 4662 4272 4706 a
4327 4660 4435 4706 me

2477 4732 2617 4792 tres
2691 4735 3034 4793 coronatos
3103 4725 3278 4793 Petri
3356 4727 3618 4792 nomine
3695 4724 3965 4792 tradidit
4046 4746 4207 4810 quos
4281 4744 4440 4791 cum

2701 4901 2900 4909 ..———-

2518 4999 2660 5074 210..
2689 5001 2750 5061 l)
2787 5001 2883 5054 An
2922 4999 3242 5081 Rynacus?
3274 4999 3374 5066 (N.
3413 4998 3557 5064 156.)

2688 5068 2751 5133 2)
2795 5069 3119 5123 Marcurtw.

2487 5137 2760 5263 ...a
2787 5136 3477 5273 maerere&
3500 5137 3868 5275 mm

2481 5291 2640 5346 quem
2673 5223 3072 5409 {3333ch
3105 5244 3436 5330 Alexander.

2902 5360 2962 5398 nc

3987 5150 4244 5191 aenomaus
4304 5138 4439 5202 fuit.

3933 5244 3945 5257 .
3969 5201 4088 5273 185,
4123 5204 4223 5260 ubi
4254 5205 4441 5273 etiam,

3961 5425 4030 5477 28
