5050 6167
376 411 492 476 sol

386 595 725 666 contineri.
815 592 1005 661 Adde
1061 593 1234 677 quod
1284 592 1597 677 quidquid
1640 594 1710 659 in
1752 613 1995 678 genero
2037 598 2331 659 contine-

388 692 517 760 tur,
563 693 678 746 aut
720 679 1105 765 simpliciter
1145 689 1212 745 et
1252 680 1530 762 proprie,
1575 677 2119 763 quemadmodum
2182 700 2331 763 spe-

387 768 521 835 cies
563 775 631 832 et
670 786 837 848 quae
880 766 1004 831 sub
1047 766 1144 832 eis
1185 767 1626 841 continentur,
1685 773 1804 831 aut
1845 785 1965 848 por
2007 765 2332 830 reductio-

385 873 561 932 nem,
615 852 718 917 uti
769 852 1110 934 principia.
1169 853 1338 916 sicut
1392 859 1705 935 punctum
1752 860 1818 915 et
1856 852 2080 916 unitas
2121 850 2333 934 quoad

387 958 595 1024 genus
638 938 1039 1019 quantitatis,
1095 945 1175 1001 ut
1215 938 1536 1087 pringiipia
1577 935 2000 1012 reducunt-ur,
2058 937 2336 1002 caecitas

387 1035 611 1091 autem
653 1023 993 1104 omnisque
1036 1022 1321 1105 privatio
1490 1043 1699 1104 genus
1740 1023 1840 1088 sui
1885 1020 2166 1087 habitus.
2241 1024 2337 1086 At

386 1120 625 1176 neutro
669 1107 860 1173 modo
895 1107 1114 1172 Deum
1155 1116 1407 1189 patrem
1454 1107 1663 1172 filium
1698 1129 1774 1174 ac
1808 1107 2111 1190 spiritum
2147 1127 2334 1173 sanc-

386 1201 531 1260 tum
570 1195 640 1259 in
674 1194 1150 1277 categoriarum
1185 1192 1507 1259 cancellos
1540 1194 1707 1259 citra
1729 1194 2123 1276 impietatem
2150 1192 2334 1258 theo-

383 1279 580 1364 logus
622 1279 1032 1347 concluserit.
1091 1278 1283 1359 Quod
1327 1299 1483 1344 vero
1517 1299 1637 1362 per
1670 1278 2114 1345 reductionem
2153 1279 2336 1344 Deus

382 1377 577 1451 pater
628 1376 747 1431 etc.
802 1366 874 1429 in
929 1385 1170 1449 genere
1226 1385 1358 1429 non
1415 1365 1845 1444 contineatur,
1901 1373 2083 1446 patet
2130 1386 2214 1429 ex
2257 1385 2334 1429 eo

381 1449 561 1536 quod
614 1451 1026 1535 principium,
1083 1449 1254 1534 quod
1307 1451 1380 1514 in
1422 1449 1685 1535 aliquod
1729 1470 1937 1533 genus
1979 1449 2331 1527 reducitur,

382 1547 580 1603 extra
648 1558 856 1621 genus
925 1535 1088 1602 illud
1147 1556 1557 1619 nequaquam
1620 1533 2017 1601 extenditur.
2139 1534 2333 1601 Sicut

381 1629 709 1708 punctum
732 1621 858 1687 nisi
880 1622 1082 1687 solius
1123 1622 1507 1704 quantitatis
1548 1621 1900 1687 continuae
1936 1621 2331 1704 principium

382 1727 530 1774 esse
569 1717 800 1791 potest,
842 1709 1063 1773 unitas
1106 1727 1267 1772 vero
1309 1706 1647 1783 discretae,
1682 1707 1865 1772 Deus
1885 1715 2106 1772 autem
2128 1707 2332 1772 totius

381 1814 529 1860 esse
553 1793 945 1878 principium
969 1801 1088 1858 est.
1151 1790 1375 1872 Quare
1396 1813 1515 1875 per
1534 1791 1976 1857 reductionem
2002 1793 2069 1857 in
2092 1812 2333 1877 genere

380 1900 516 1946 non
557 1880 703 1944 erit.
769 1878 1123 1945 Caeterum
1153 1878 1210 1942 si
1231 1876 1521 1961 plurium
1546 1878 1816 1943 deorum
1836 1877 2332 1961 possibilitatem

380 1965 561 2032 nolis
624 1964 988 2042 admittere,
1055 1963 1440 2046 simpliciter
1504 1983 1582 2029 ac
1647 1964 1908 2048 proprie
1973 1964 2192 2029 Deum
2259 1964 2331 2027 in

379 2070 632 2136 genere
674 2070 808 2114 non
850 2070 924 2116 es
963 2048 1407 2116 conclusurus.

512 2135 807 2202 Fatebor
827 2134 1089 2219 quidem
1112 2133 1240 2199 duo
1262 2134 1329 2198 in
1355 2133 1597 2199 divinis
1617 2133 2164 2218 praedicamenta,
2208 2135 2335 2201 sci-

378 2219 541 2288 licet
578 2219 1006 2287 substantiam
1043 2227 1112 2285 et
1145 2217 1226 2283 ad
1263 2218 1511 2303 aliquid
1549 2220 1593 2285 i.
1616 2240 1673 2286 e.
1709 2220 1928 2302 aliqua
1963 2220 2045 2285 ad
2082 2241 2154 2286 se
2187 2219 2336 2300 dici,

381 2306 515 2374 alia
542 2326 708 2372 vero
734 2306 1125 2390 respective:
1150 2306 1368 2370 Deum
1398 2326 1576 2382 vero,
1608 2306 1725 2390 qui
1753 2304 2043 2371 absolute
2078 2304 2334 2386 dicitur,

379 2400 502 2458 aut
546 2399 808 2476 patrem
852 2402 967 2456 aut
1007 2390 1218 2456 filium
1270 2390 1381 2473 qui
1424 2390 1716 2468 relative,
1774 2391 1846 2456 in
1904 2400 2142 2456 neutro
2180 2412 2332 2458 con·

381 2477 718 2545 cluserim.
805 2476 1083 2542 Interim
1105 2484 1324 2540 autem
1347 2474 1503 2541 dum
1541 2477 1635 2542 sic
1669 2474 1861 2554 ludis,
1883 2475 1989 2543 vel
2022 2484 2097 2541 ut
2119 2477 2338 2542 verius

384 2561 603 2629 dicam
623 2562 884 2641 luderis,
910 2560 1356 2646 Augustinum
1378 2561 1558 2639 citas,
1581 2583 1773 2646 quem
1799 2572 1950 2628 tuae
1971 2563 2338 2627 sententiae

382 2649 593 2734 fingis
634 2655 1043 2726 assertorem,
1139 2649 1208 2710 ui
1243 2647 1314 2710 in
1356 2646 1467 2712 Ps.
1508 2651 1589 2711 68
1626 2647 1919 2713 scribens
1956 2647 2337 2731 interrogat,

383 2733 658 2801 idemne
672 2733 759 2798 sit
773 2740 960 2815 pater
971 2753 1060 2816 qu
1156 2731 1332 2797 filius
1342 2730 1375 2794 ⁶?
1432 2732 1539 2798 Ad
1554 2754 1752 2817 quam
1763 2733 2340 2816 interrogationem

383 2818 755 2905 Augustini
777 2815 978 2884 verba
997 2817 1192 2901 paulo
1213 2817 1536 2883 diversius
1555 2838 1749 2901 quam
1772 2816 2057 2884 habeant
2073 2818 2339 2900 profers.

385 2903 507 2974 Sic
556 2905 733 2970 enim
787 2902 1066 2969 habent:
1111 2900 1495 2968 Secundum
1550 2902 1985 2970 substantiam
2037 2902 2156 2968 tibi
2201 2901 2339 2967 dixi

384 2990 514 3058 hoc
566 3010 710 3057 esse
750 2989 964 3056 fllium
1004 2985 1177 3071 quod
1219 2995 1424 3070 pater,
1482 3010 1618 3054 non
1658 2985 2016 3054 secundum
2057 2988 2124 3053 id
2169 2985 2339 3071 quod

385 3075 640 3144 dicitur
678 3074 762 3140 ad
795 3073 993 3148 alind,
1029 3074 1070 3139 i.
1096 3093 1151 3137 e.
1187 3072 1547 3138 wcundum
1582 3073 1751 3156 quod
1785 3074 2062 3140 relative
2083 3073 2339 3142 dicitur.

383 3162 542 3231 Hoc
598 3161 774 3227 enim
816 3158 1008 3226 modo
1047 3158 1406 3241 Augustini
1460 3180 1852 3242 responsum
1893 3159 2341 3242 accipiendum

386 3245 724 3314 duxerim.
822 3246 924 3312 Tu
980 3264 1137 3310 vero
1193 3243 1389 3327 longe
1446 3243 1772 3310 diversam
1834 3244 2175 3310 attexuisti
2237 3266 2343 3309 re-

384 3332 834 3419 sponsionem,
864 3329 1111 3396 scilicet
1142 3328 1500 3396 secundum
1522 3328 1956 3396 substantiam
1978 3329 2151 3396 idem
2180 3350 2342 3409 esse,

385 3441 530 3487 non
593 3413 949 3483 secundum
1013 3414 1185 3498 quod
1240 3413 1421 3480 aliud
1476 3411 1563 3479 ad
1613 3412 1811 3479 aliud.
1901 3413 2127 3495 Quum
2170 3415 2344 3480 filius

387 3504 477 3572 ad
519 3512 780 3588 patrem
823 3501 1078 3578 dicitur,
1124 3520 1254 3565 non
1292 3498 1470 3565 aliud
1515 3498 1597 3564 ad
1633 3497 1808 3564 aliud
1843 3498 2097 3566 dicitur.
2143 3498 2343 3566 Aliud

388 3591 644 3677 quippe
683 3595 937 3671 patrem
976 3586 1191 3663 afilio,
1236 3605 1357 3652 nec
1377 3584 1587 3651 filium
1622 3582 1802 3649 aliud
1836 3603 1877 3648 a
1898 3593 2083 3667 patre
2105 3584 2347 3650 dixerit

388 3695 629 3752 nemo,
695 3670 1218 3755 quandoquidem
1280 3681 1472 3754 pater
1527 3677 1596 3735 et
1657 3670 1834 3733 filius
1896 3690 2102 3733 unum
2168 3679 2343 3747 sunt,

388 3761 780 3842 nullamque
857 3758 1033 3822 inter
1109 3776 1219 3822 eos
1294 3756 1423 3822 nisi
1497 3754 1866 3820 haereticus
1929 3753 2345 3820 essentialem

393 3850 633 3931 (quam
700 3853 924 3909 tamen
989 3841 1166 3908 aliud
1233 3841 1501 3906 denotat
1606 3839 1958 3923 protulerit
2023 3840 2344 3923 assignari

393 3931 903 3999 distinctionem.
982 3929 1132 3993 Non
1177 3926 1572 4012 gravaberis,
1619 3925 1774 3990 dum
1810 3947 1928 4008 per
1961 3927 2166 3991 otium
2198 3925 2347 3991 liee-

392 4019 514 4096 bit,
568 4016 722 4099 quid
766 4035 886 4099 per
928 4013 1105 4078 aliud
1148 4011 1230 4077 ad
1274 4011 1468 4090 aliud,
1513 4011 1668 4076 dum
1713 4012 1921 4076 filium
1966 4010 2048 4076 ad
2093 4018 2342 4093 patrem

391 4105 627 4178 refers,
685 4099 1103 4166 intellexeris.
1192 4096 1587 4163 Huiusmodi
1646 4097 1938 4180 loquutio
1995 4094 2345 4161 admodum

392 4189 572 4256 mibi
617 4186 832 4251 aliena
875 4185 1020 4249 visa
1075 4191 1194 4259 est,
1250 4182 1724 4264 dicendumque
1781 4183 1948 4247 alius
2006 4179 2089 4245 ad
2145 4182 2344 4246 alium

392 4272 657 4362 putavi.
744 4270 997 4353 Nempe
1039 4269 1209 4333 alius
1252 4277 1454 4350 pater,
1500 4266 1670 4331 alius
1712 4266 1921 4332 filius:
1970 4287 2106 4332 non
2148 4265 2343 4345 aliud,

395 4360 515 4444 qui
562 4356 730 4422 nolit
769 4357 838 4422 in
884 4354 1330 4422 Arianismum
1374 4352 1678 4429 incidere,
1723 4352 1938 4418 dicere
1978 4353 2343 4418 conveniet.

398 4446 579 4512 'l'um
603 4443 785 4526 quasi
808 4442 1112 4524 Iopaeam
1130 4441 1219 4519 ⁸¹¹)
1255 4457 1497 4503 canens
1534 4436 1871 4522 adiungis:
1912 4437 2049 4503 Ista
2075 4437 2345 4503 distinc-

397 4532 589 4598 tione
629 4527 952 4604 adbibita,
996 4525 1154 4608 quid
1197 4524 1486 4608 ambigui
1525 4522 1806 4606 amplius
1850 4522 2111 4588 manet?
2200 4523 2346 4589 Hoc

400 4636 569 4684 sane
623 4618 921 4697 superest
981 4611 1154 4693 quod
1210 4608 1655 4692 respondendo
1707 4608 1875 4674 nihil
1929 4606 2345 4691 respondisti,

400 4714 474 4768 et
517 4697 849 4786 probando
892 4697 1064 4761 nihil
1102 4697 1447 4781 probatum
1487 4700 1605 4765 est.
1649 4694 1891 4776 vilique
1939 4692 2047 4777 (ut
2080 4692 2346 4780 dicitur)

400 4785 760 4855 lenticulae
817 4790 1227 4867 unguentum
1284 4778 1712 4846 immiscuisti.
1797 4780 2139 4845 Postremo
2182 4799 2349 4864 quae

403 4893 497 4940 ex
540 4868 873 4956 trigesimo
926 4887 1099 4933 nono
1145 4875 1432 4934 tractatu
1487 4863 1849 4949 Augustini
1900 4864 1973 4930 in
2030 4865 2349 4931 Ioannem

404 4959 595 5035 citas,
638 4955 873 5039 quibus
912 4962 1170 5038 patrem
1208 4963 1277 5018 et
1308 4952 1516 5017 filium
1550 4970 1754 5015 unum
1787 4970 1929 5015 esse
1952 4949 2346 5034 principium

404 5051 762 5120 asseverat,
797 5059 1011 5125 neque
1045 5046 1197 5105 tuae
1231 5057 1442 5122 neque
1475 5057 1659 5114 meae
1691 5035 2068 5103 inserviunt
2099 5055 2349 5117 causae,

620 5313 716 5379 37)
750 5314 890 5383 ἶσοι·
924 5314 988 5368 Io
1022 5328 1212 5381 paean.

628 5399 849 5457 Galatas·
875 5412 1060 5468 opera.
1143 5396 1253 5452 Vol.
1291 5392 1397 5447 XI.

2084 405 2246 468 1544
2287 401 2698 470 DEOEMB.

4252 415 4382 480 802

2436 611 2649 675 neque
2704 592 3203 661 incommodant.
3311 595 3499 662 Nihil
3548 618 3706 664 sane
3763 595 4168 666 habitudinis
4226 619 4384 668 cum

2435 677 2770 763 paradoxo
2812 700 2930 763 pro
2973 701 3100 764 quo
3144 688 3715 749 controversemur
3757 683 4019 749 habent.
4339 731 4344 740 -

2610 764 2888 831 Caetera
2929 776 3151 831 autem
3207 788 3372 850 quae
3419 781 3566 834 tuae
3610 770 3812 851 priori
3851 771 4163 853 epistolae
4201 771 4383 838 inse-

2437 849 2768 930 rebantur,
2835 853 2944 917 ubi
3008 852 3212 918 semel
3273 853 3527 919 reddita
3588 855 3852 932 fuerint,
3918 855 4229 922 diluenda
4293 860 4383 931 (si

2438 934 2771 1001 Dominus
2815 937 3187 1014 donaverit)
3231 939 3603 1006 curabimus
3647 940 4042 1026 diligentius.
4101 943 4385 1010 Interim

2438 1029 2656 1085 autem
2702 1021 2865 1088 haec
2908 1024 3145 1105 accipe,
3191 1031 3384 1109 atque
3426 1026 3646 1090 omnia
3700 1028 3848 1092 boni
3897 1028 4180 1106 consule,
4225 1049 4382 1095 con-

2438 1104 2737 1190 donaque
2800 1108 3115 1192 quidquid
3178 1109 3248 1174 in
3314 1117 3378 1175 te
3443 1110 3690 1177 dictum
3744 1123 3844 1178 est
3904 1114 4382 1181 amarulentius

2439 1213 2637 1275 quam
2692 1192 2933 1259 deceat.
3031 1195 3179 1260 Hoc
3232 1197 3406 1260 enim
3458 1198 3581 1263 feci
3637 1196 3906 1264 liberius
3925 1200 4015 1282 ⁸⁸)
4069 1211 4181 1265 tuo
4234 1221 4383 1284 pro-

2440 1286 2709 1343 vocatus
2755 1280 3074 1362 exemplo.
3161 1280 3567 1347 Percurrens
3620 1284 3860 1367 quippe
3917 1294 4067 1349 tuae
4105 1285 4385 1351 Institu-

2437 1363 2636 1428 tionis
2671 1363 2847 1430 locos
2880 1366 3127 1449 aliquot
3160 1367 3368 1432 multa
3390 1377 3542 1432 tuae
3563 1367 3971 1434 incivilitatis
3993 1391 4032 1434 a
4159 1381 4384 1437 menta

2435 1448 2700 1528 offendi,
2743 1471 2911 1532 quae
2954 1451 3037 1516 ad
3084 1451 3206 1517 hoc
3251 1473 3356 1518 me
3397 1462 3763 1520 moverunt.
3835 1455 4019 1521 Vale.
4148 1476 4262 1524 aec
4295 1454 4380 1522 ad

2435 1540 2502 1599 te
2544 1535 2776 1619 scripsi
2817 1544 2892 1602 ut
2933 1535 3185 1603 docear.

3205 1831 3607 1841 --———.—.-—.

3335 2047 3484 2120 591.

2922 2143 3395 2252 oALleU's
3438 2185 3902 2253 FARELLO.

2611 2351 2716 2419 De
2760 2352 3100 2421 carmelita
3141 2355 3251 2421 ino
3291 2354 3474 2438 quale
3514 2355 3842 2423 eonsilium
3878 2356 4084 2423 Vir-eto
4125 2358 4380 2426 dale-rit.

2442 2436 2664 2524 Mayis
2707 2439 2898 2505 etiam
2937 2439 3316 2507 stomachum
3367 2442 3426 2507 ei
3477 2446 3671 2507 movet
3716 2441 4068 2526 Gapunculi
4122 2444 4384 2528 epistola

2440 2523 2526 2588 ad
2589 2544 2782 2606 quam
2842 2526 3120 2608 fratrum
3183 2547 3547 2610 responsum
3609 2528 3742 2592 iam
3793 2533 4100 2609 paratum
4151 2534 4258 2609 est,
4325 2534 4383 2595 et

2439 2609 2706 2709 libellus,
2748 2612 2852 2675 eui
2892 2631 3045 2675 num
3099 2617 3158 2678 et
3215 2613 3514 2695 quomodo
3570 2615 3934 2695 respondere
3985 2614 4195 2681 debeat
4246 2616 4386 2700 ipss

2441 2715 2518 2760 ex
2559 2715 2760 2762 amwo
2800 2698 3060 2779 quaerit.

2443 2865 2635 2932 (Manu
2672 2866 2877 2935 scripta
2908 2884 3019 2921 non
3053 2873 3250 2922 exstat.
3312 2868 3538 2937 Legitur
3571 2869 3629 2923 in
3664 2868 3747 2922 ed.
3784 2867 3985 2923 Genev.
4021 2885 4074 2938 p.
4098 2867 4185 2931 91.
4221 2867 4386 2925 Laus.

2582 2950 2634 3003 p.
2677 2932 2793 3001 199,
2829 2934 3043 2990 Hanov.
3081 2953 3134 3006 p.
3172 2934 3293 3005 223,
3327 2936 3552 2991 Chouet.
3588 2953 3642 3007 p.
3678 2936 3795 3005 122,
3832 2938 4013 2992 Amet.
4049 2953 4102 3007 p.
4137 2935 4250 3006 55.)

2614 3120 2722 3189 De
2780 3121 3118 3190 Ganndita
3144 3120 3193 3209 Ι)
3251 3145 3452 3206 quum
3508 3145 3630 3209 ego
3686 3124 4020 3191 consultus
4075 3145 4287 3191 essem
4345 3146 4386 3194 a

2460 3205 2685 3288 Virdo,
2726 3210 2949 3274 statim
2991 3208 3149 3292 quid
3203 3211 3513 3276 sentirem
3570 3210 3899 3294 respondi:
3956 3231 4042 3276 ne
4099 3210 4386 3294 amplius

2445 3291 2761 3359 fratribus
2802 3293 3118 3360 molestus
3162 3301 3351 3362 esset.
3440 3294 3595 3360 Alia
3648 3295 3868 3360 omnia
3917 3296 4165 3361 frustra
4221 3296 4388 3362 mihi

2446 3377 2692 3444 tentari
2736 3377 3142 3445 videbantur.
3232 3379 3402 3445 Nam
3457 3387 3535 3445 ut
3585 3391 4023 3447 accerseretur
4079 3379 4209 3447 fide
4263 3403 4387 3466 pu·

2447 3462 2633 3541 blica,
2678 3487 2721 3529 n
2808 3484 2888 3529 ue
2928 3463 3238 3549 expedire
3281 3464 3654 3531 censebam:
3710 3487 3831 3533 nec
3881 3487 4173 3548 unquam
4217 3467 4385 3534 Bor·

2447 3547 2713 3614 natibus
2725 3485 2998 3615 elinisset
3048 3570 3449 3648 persuasum.
3534 3553 3647 3616 An
3703 3559 3779 3616 tu
3820 3550 3950 3617 illis
3996 3552 4387 3634 consuleres,

2446 3641 2522 3699 ut
2541 3642 2676 3699 tam
2702 3636 3023 3718 proiectae
3045 3635 3486 3718 impudentiae
3521 3636 3668 3702 cani
3702 3635 3937 3701 darent
3958 3635 4390 3703 maledicendi

2447 3717 2949 3802 impunitatem?
3047 3720 3217 3785 Nam
3297 3722 3354 3785 si
3431 3719 3653 3787 addita
3727 3721 3943 3805 aliqua
4005 3723 4392 3804 exceptione

2445 3805 2695 3870 vellent
2737 3804 3134 3891 restringere
3176 3805 3318 3872 eius
3362 3805 3711 3882 licentiam,
3763 3816 4032 3890 negaret
4075 3808 4198 3874 sibi
4241 3827 4392 3872 csse

2446 3895 2688 3956 tutum.
2776 3890 2962 3973 Quin
3018 3893 3216 3957 etiam
3257 3912 3388 3958 non
3442 3893 3608 3976 petit
3660 3892 3813 3974 quia
3870 3893 4092 3957 venire
4146 3891 4402 3974 cupiat„

2446 3974 2701 4040 Verum
2740 3976 2798 4041 si
2841 3984 3061 4061 posset
3101 3977 3412 4054 obtinere,
3462 3977 3909 4043 circumferret
3954 3976 4080 4043 huc
4123 3985 4192 4043 et
4230 3976 4394 4042 illuc

2448 4066 2517 4124 et
2555 4079 2626 4124 se
2668 4059 2943 4128 iactaret
2983 4061 3156 4147 apud
3196 4063 3549 4146 imperitos,
3593 4062 3706 4145 qui
3747 4062 3902 4127 inde
3946 4063 4398 4130 coniecturam

2448 4145 2742 4210 facerent
2783 4167 2933 4212 eum
2975 4170 3117 4214 esse
3158 4148 3462 4230 aliquem.
3564 4147 3643 4213 Si
3697 4169 3920 4214 nosses
3976 4149 4115 4213 eius
4169 4147 4385 4229 impu·

2448 4228 2755 4310 dentiam,
2798 4238 3120 4299 statueres
3178 4235 3377 4299 etiam
3432 4234 3659 4318 procul
3714 4234 3908 4300 dubio
3962 4252 4027 4297 m
4119 4233 4173 4298 ‘s
4230 4231 4389 4298 hinc

2447 4314 2801 4383 arcendum
2860 4337 3021 4396 esse,
3080 4339 3276 4400 quam
3332 4318 3461 4384 fide
3517 4319 3781 4402 publica
3833 4339 4070 4385 evocan
4122 4338 4251 4394 um,
4310 4325 4390 4382 ut.

2447 4402 2716 4487 impune
2756 4423 2908 4468 cum
2941 4422 3182 4486 magno
3218 4404 3562 4487 supercilio
3597 4403 3942 4470 Christum
3976 4402 4394 4487 blasphema-

2449 4496 2568 4552 ret.
2657 4486 2828 4552 Nam
2871 4488 3114 4554 centies
3158 4487 3388 4569 victus,
3444 4489 3586 4554 sine
3630 4488 3845 4555 fronte
3890 4503 4109 4554 tamen
4154 4489 4391 4554 trium-

2448 4572 2658 4655 phum
2699 4579 2903 4637 canet.
2991 4572 3324 4652 Insistere,
3384 4581 3461 4637 ut
3509 4573 3641 4639 fide
3701 4573 3959 4658 publica
4014 4580 4235 4639 tutum
4289 4571 4392 4638 illi

2449 4677 2779 4723 accessum
2837 4677 3058 4736 cures,
3117 4658 3316 4724 nimis
3371 4666 3475 4724 est
3529 4659 3897 4725 ridiculum.
4001 4659 4153 4742 Quo
4210 4659 4392 4724 enim

2448 4741 2588 4808 loco
2631 4742 2833 4807 talem
2882 4742 3279 4810 nebulonem
3334 4764 3477 4810 esse
3529 4745 3766 4826 putas?
3854 4745 4041 4812 Haec
4094 4747 4168 4810 in
4221 4744 4394 4811 meis

2502 5032 2608 5093 5⁹1
2618 4964 2730 5096 58813
2754 4967 3221 5092 lssbegsstzusngctqu·
3279 5032 3504 5088 Caluini
3534 5047 3860 5101 responsum
3890 5049 4007 5089 non
4036 5039 4234 5091 emutat.
4289 5034 4393 5092 Eo

2453 5100 4392 5171 sequentibueouigaeesneqotiumfnammdoquiainddtionae

2452 5171 2609 5293 gum
2640 5170 2829 5293 afa-m
2847 5175 3606 5309 mmmm
3648 5172 3966 5296 &aam’as
4008 5172 4162 5311 {gra
4202 5173 4390 5299 Vssraeo

2453 5313 2620 5363 mutor
2648 5307 2851 5375 funerat
3390 5279 3410 5308 ³
4401 5335 4408 5348 .

3914 5397 3983 5452 51
