5050 6167
651 389 771 453 131

652 583 814 640 tunc
849 571 1351 639 deliberabimus
1385 589 1603 636 coram
1644 568 1880 634 melius
1926 566 2237 651 quidnam
2274 564 2606 651 agendum

653 660 759 727 sit.
850 658 1063 742 Vagos
1103 658 1262 722 istos
1307 677 1591 732 errones,
1612 656 1672 737 ²)
1716 674 1879 737 quos
1932 654 2118 719 nullo
2170 653 2444 719 consilio
2488 651 2606 718 sed

653 744 792 812 sola
822 744 1094 809 levitate
1127 742 1448 809 cursitare
1467 740 1813 824 intelliges,
1850 761 1982 804 non
2005 753 2107 805 est
2127 738 2296 823 quod
2320 738 2604 804 multum

651 850 944 896 moreris.

826 916 930 980 De
968 913 1267 997 Philippo
1314 912 1480 977 mihi
1524 932 1684 977 sane
1727 910 1905 975 dolet
1946 909 2119 994 quod
2165 919 2301 975 tam
2344 909 2602 975 diutino

650 1001 879 1066 morbo
920 1000 1292 1065 afflictatur.
1381 998 1653 1062 Iuvenis
1696 1007 1797 1061 est
1853 996 2027 1080 pins,
2082 995 2443 1075 modestus,
2500 997 2602 1060 in-

650 1095 854 1170 teger,
898 1085 1208 1169 prudens,
1254 1091 1330 1150 ut
1364 1083 1526 1147 mihi
1562 1082 1837 1147 videtur.
1914 1082 2149 1164 Itaque
2184 1083 2242 1147 si
2275 1082 2602 1147 Dominus

652 1191 805 1238 eum
851 1172 1038 1237 nobie
1079 1183 1315 1246 servet,
1361 1170 1673 1253 optimam
1720 1188 1901 1251 spem
1958 1168 2039 1232 de
2080 1167 2286 1250 ipsius
2337 1168 2602 1252 ingenio

653 1257 937 1340 concepi.
1049 1255 1382 1322 Salutabis
1448 1276 1601 1319 eum
1679 1253 2027 1338 diligenter
2105 1274 2250 1319 meo
2314 1254 2598 1319 nomine.

652 1343 989 1420 Alterum,
1055 1362 1181 1426 quo
1236 1341 1447 1424 magis
1490 1352 1592 1406 est
1649 1339 2027 1416 destitutus,
2088 1360 2210 1422 ope
2265 1346 2334 1404 et
2375 1339 2602 1405 solatio

654 1428 964 1494 debemus
1018 1427 1376 1493 sublevare.
1481 1424 1674 1507 Quod
1731 1425 1811 1490 de
1867 1424 2093 1490 vetula
2125 1429 2409 1502 narras,
2448 1426 2604 1507 quia

653 1515 927 1578 monstri
995 1513 1207 1578 simile
1271 1523 1441 1590 erat,
1508 1533 1643 1577 non
1707 1510 1891 1594 potui
1954 1511 2177 1575 statim
2231 1510 2469 1577 adduci
2525 1519 2604 1575 ut

654 1598 1006 1666 crederem.
1097 1598 1324 1682 Neque
1370 1613 1590 1663 tamen
1634 1605 1879 1661 temere
1923 1597 2169 1661 factum
2213 1595 2327 1662 abs
2371 1605 2438 1661 te
2481 1618 2602 1681 pu-

652 1685 873 1751 tabam
917 1682 1089 1767 quod
1124 1706 1229 1749 me
1264 1705 1633 1762 monueras,
1671 1704 1873 1766 quum
1912 1702 2017 1746 res
2050 1689 2226 1747 esset
2247 1682 2604 1746 multorum

656 1769 1067 1836 sermonibus
1145 1769 1429 1853 vulgata.
1552 1769 1778 1851 Neque
1853 1769 2029 1833 enim
2110 1766 2604 1833 dissimulanter

655 1855 924 1921 ferenda
980 1855 1166 1921 nobis
1219 1865 1374 1920 sunt
1431 1876 1596 1936 quae
1656 1854 1753 1918 ita
1816 1853 2187 1919 rumoribus
2250 1853 2600 1930 iactantur,

655 1941 912 2007 etiamsi
949 1940 1240 2006 obscuris
1275 1949 1342 2005 et
1375 1960 1607 2023 parum
1644 1939 1871 2004 firmis.
1960 1938 2129 2003 Nam
2170 1948 2414 2004 temere
2448 1960 2601 2004 con·

656 2028 808 2092 ficta
840 2027 1205 2110 opprimere
1237 2026 1430 2091 officii
1465 2025 1673 2090 nostri
1706 2044 1909 2107 quum
1945 2023 2052 2100 sit,
2089 2045 2223 2089 non
2256 2044 2601 2107 possumus

654 2133 887 2178 verum
922 2132 962 2176 a
994 2112 1157 2177 falso
1197 2109 1581 2189 discernere,
1628 2110 1683 2175 si
1720 2109 2133 2194 negligenter
2166 2110 2601 2192 praeterimus

656 2218 732 2263 ea
787 2218 953 2280 quae
1009 2206 1165 2264 sunt
1216 2198 1287 2262 in
1342 2217 1455 2262 ore
1514 2196 1827 2261 omnium.
1916 2194 1981 2258 N
1984 2215 2112 2259 unc
2166 2194 2279 2260 ubi
2336 2194 2600 2260 Carolus

654 2304 789 2348 non
842 2293 1095 2348 tantum
1160 2281 1240 2347 de
1305 2280 1436 2346 illis
1500 2280 1759 2347 indiciis
1822 2279 2149 2358 lasciviae,
2215 2302 2300 2345 ex
2364 2281 2600 2364 quibus

654 2368 970 2451 suspicari
1016 2368 1337 2452 flagitium
1392 2368 1605 2451 magis
1660 2386 1855 2449 quam
1913 2363 2201 2430 iudicare
2254 2365 2426 2444 licet,
2484 2364 2601 2431 sed

654 2453 735 2519 de
772 2454 1020 2536 nuptiis
1053 2454 1252 2519 etiam
1287 2452 1720 2530 confirmavit,
1756 2451 2019 2535 penitus
2052 2450 2371 2534 obstupui.
2433 2452 2598 2517 Por-

654 2549 913 2605 tentum
957 2550 1055 2606 est
1098 2560 1257 2604 sane
1293 2536 1465 2622 quod
1500 2539 1734 2603 merito
1757 2536 1964 2602 sancti
1989 2557 2214 2603 omnes
2235 2537 2600 2603 abominari

653 2624 909 2691 debent.
1000 2623 1180 2706 Quid
1217 2626 1393 2690 enim
1429 2624 1640 2708 magis
1679 2622 1937 2688 videtur
1971 2621 2355 2700 fabulosum,
2400 2643 2600 2705 quam

651 2732 855 2794 quum
897 2709 1071 2793 apud
1132 2719 1355 2793 poetas
1411 2709 1713 2792 legimus,
1772 2706 2081 2774 mulieres
2139 2709 2601 2792 sexagenariae

650 2796 865 2862 adhuc
906 2795 1252 2862 catullire?
1342 2795 1549 2876 Atqui
1594 2793 1855 2859 anicula
1886 2793 2014 2858 ista
2046 2795 2600 2878 septuagesimum

650 2883 785 2947 iam
829 2882 1076 2966 attigit:
1122 2880 1333 2946 filium
1378 2879 1575 2945 habet
1618 2900 1696 2944 ea
1736 2885 1969 2957 aetate,
2013 2898 2181 2961 quae
2214 2878 2598 2946 mulieribus

650 2968 852 3033 etiam
886 2967 1257 3051 coniugatis
1290 2966 1489 3031 finem
1511 2963 1799 3030 libidinis
1821 2964 2056 3029 afferre
2078 2963 2284 3030 debet.
2343 2964 2598 3031 Saltem

652 3054 709 3118 si
753 3053 894 3119 viro
946 3052 1141 3119 alicui
1197 3049 1487 3117 devexae
1540 3051 1673 3116 iam
1731 3050 1966 3116 aetatis
2013 3070 2084 3115 se
2127 3050 2597 3130 coniunxisset,

735 3147 908 3204 terat
961 3137 1342 3216 obtendere,
1409 3157 1480 3202 se
1536 3134 1714 3201 aliud
1769 3135 2123 3219 quaesiisse
2175 3156 2369 3219 quam
2424 3136 2599 3202 thori

695 3223 923 3290 elitias.
1011 3223 1205 3289 Nunc
1247 3242 1511 3288 omnem
1553 3240 1689 3285 non
1731 3227 1995 3286 tantum
2019 3218 2461 3287 defensionem
2482 3222 2599 3289 sed

652 3310 851 3375 etiam
906 3307 1344 3375 excusationis
1399 3307 1679 3390 speciem
1731 3307 1852 3372 sibi
1910 3304 2170 3372 ademit.
2278 3308 2469 3374 Belle
2529 3329 2600 3374 se

650 3393 990 3462 consulere
1033 3394 1167 3460 suis
1217 3393 1573 3458 rationibus
1628 3400 1971 3475 putarunt,
2024 3414 2228 3476 quum
2282 3394 2364 3459 ad
2419 3394 2599 3459 clan-

651 3479 962 3548 culariam
987 3478 1500 3545 benedictionem
1533 3479 1986 3562 confugerent:
2024 3477 2141 3543 sed
2175 3481 2600 3561 experientur

648 3565 839 3632 brevi
891 3564 1080 3630 ambo
1125 3585 1322 3647 quam
1366 3564 1452 3629 sit
1494 3563 1928 3646 periculosum
1969 3585 2122 3629 cum
2166 3563 2310 3631 Deo
2351 3565 2599 3631 ludere.

650 3649 730 3719 Si
768 3652 901 3717 iam
943 3651 1203 3735 quaeris
1245 3649 1402 3734 quid
1446 3649 1641 3714 officii
1686 3650 1783 3715 tui
1826 3650 1930 3728 sit,
1990 3652 2103 3717 vix
2158 3649 2278 3715 tibi
2332 3671 2600 3735 possum

651 3735 975 3821 expedire.
1032 3736 1206 3801 Nam
1241 3737 1361 3801 etsi
1395 3735 1835 3820 obiurgandos
1855 3755 2082 3801 severe
2103 3755 2353 3817 censeo,
2389 3757 2599 3820 neque

649 3823 720 3888 id
742 3823 1030 3906 effugere
1051 3842 1171 3887 nos
1193 3841 1380 3904 posse
1402 3821 1531 3887 nisi
1551 3821 1764 3887 officio
1796 3828 2019 3886 nostro
2050 3819 2274 3888 deesse
2293 3822 2596 3901 velimus,

649 3908 803 3992 quia
844 3917 1065 3972 tamen
1109 3905 1398 3991 periculo
1440 3928 1571 3972 non
1615 3915 1812 3985 caret,
1856 3928 2019 3990 opus
2054 3917 2156 3972 est
2179 3927 2421 3991 magna
2443 3929 2596 3973 cau-

649 3995 844 4072 tione,
890 4005 968 4058 ut
1006 4014 1088 4059 ne
1129 3991 1499 4060 exacerbati
1541 4013 1582 4057 a
1623 3990 1830 4070 nobis,
1880 3990 2104 4058 eadem
2140 4012 2269 4075 qua
2303 3993 2600 4059 coierunt

650 4079 1036 4158 temeritate,
1102 4080 1344 4144 maiore
1410 4078 1660 4162 flagitio
1726 4079 2151 4162 gravioreque
2205 4077 2597 4144 offendiculo

651 4164 993 4232 dissiliant.
1080 4165 1279 4250 Ergo,
1339 4164 1465 4228 nisi
1508 4163 1859 4248 singularis
1901 4163 2119 4246 aliqua
2153 4164 2400 4229 occasio
2421 4166 2596 4231 viam

654 4251 770 4315 tibi
813 4252 1054 4328 fecerit,
1102 4270 1238 4315 non
1281 4249 1548 4315 consulo
1590 4261 1666 4315 ut
1710 4248 1984 4315 verbum
2037 4270 2188 4315 cum
2241 4270 2319 4315 ea
2373 4250 2590 4316 facias.

653 4335 774 4404 Sin
802 4357 958 4402 vero
981 4347 1421 4420 opportunum
1442 4334 1790 4418 aliquando
1816 4334 2030 4413 fuerit,
2074 4342 2335 4400 tantum
2380 4344 2597 4401 osten-

654 4421 791 4499 das,
833 4444 978 4487 eam
1014 4438 1248 4506 parum
1283 4440 1440 4486 suae
1474 4420 1941 4486 existimationi
1975 4428 2043 4485 et
2076 4420 2385 4486 ecclesiae
2422 4420 2597 4486 aedi-

653 4508 939 4574 ficationi
964 4508 1389 4583 consuluisse,
1427 4506 1546 4571 tibi
1579 4506 1867 4590 graviter
1890 4506 2247 4590 displicere,
2286 4514 2353 4572 et
2387 4507 2597 4573 nemi-

652 4614 806 4659 nem
859 4614 1001 4658 esse
1056 4614 1324 4677 gravem
1383 4592 1860 4675 honestumque
1914 4591 2243 4657 hominem
2300 4592 2412 4677 qui
2464 4613 2594 4658 non

650 4679 939 4745 maxime
985 4679 1334 4762 improbet:
1390 4689 1456 4742 te
1514 4678 1711 4742 etiam
1755 4697 1885 4742 non
1927 4676 2241 4758 dubitare,
2286 4678 2445 4762 quin
2490 4678 2599 4744 hic

651 4765 819 4832 mihi
863 4763 1316 4830 acerbissimus
1337 4763 1880 4846 tristissimusque
1902 4764 2183 4830 nuncius
2206 4766 2295 4829 sit
2312 4764 2594 4830 futurus.

650 4849 931 4917 Interim
975 4859 1213 4928 tamon,
1258 4871 1343 4915 ne
1387 4870 1650 4932 prorsus
1672 4848 1777 4914 vel
1800 4849 2143 4934 frangatur
2164 4849 2271 4915 vel
2296 4861 2612 4934 erumpat·

649 4935 721 5002 in
765 4936 1107 5014 insaniam,
1164 4955 1243 5000 ea
1295 4956 1424 5019 qua
1466 4934 1707 5019 poteris
1762 4934 2110 5001 verborum
2164 4934 2440 5000 lenitate
2496 4935 2594 5000 rei

650 5023 1069 5105 asperitatem
1126 5021 1411 5106 mitiges,
1467 5030 1535 5085 et
1589 5020 1872 5086 horteris
1927 5030 2003 5086 ut
2067 5020 2238 5086 male
2293 5027 2592 5104 coeptum

653 5313 665 5324 ¹
855 5243 915 5308 2)
951 5243 1107 5297 those
1142 5245 1311 5314 flying
1345 5251 1559 5367 reperte
1610 5243 1789 5298 which
1838 5258 1932 5297 are
1967 5242 2163 5311 spread
2212 5241 2345 5295 with
2380 5259 2451 5296 no
2486 5241 2597 5296 evil

648 5319 827 5367 mtent
862 5314 961 5367 but
994 5312 1129 5367 from
1166 5329 1315 5368 mere
1348 5314 1403 5368 id
1426 5331 1457 5368 e
1488 5314 1641 5384 folly.

2180 377 2708 446 EPISTOLAE
2754 382 3113 445 265--267

4535 382 4654 446 132

2707 565 2978 633 meliore
3020 568 3203 634 exitu
3245 588 3666 651 compensare
3704 568 3982 636 studeat.
4068 568 4374 652 Denique
4405 568 4503 633 ita
4536 567 4658 634 tibi

2707 651 3063 732 moderare,
3112 663 3186 719 ut
3227 656 3446 720 omnia
3486 654 3652 719 mihi
3695 655 3955 739 integra
3989 655 4125 720 sint
4157 676 4358 737 quum
4393 674 4654 720 venero.

2877 738 2960 804 In
3004 740 3346 805 vocatione
3390 739 3766 806 Genevensi
3817 741 3916 808 ita
3953 762 4101 806 sum
4145 739 4498 824 perplexus
4547 737 4655 805 vel

2707 824 2922 906 potius
2966 826 3278 891 confusus
3322 828 3558 904 anime,
3605 835 3681 892 ut
3712 827 3827 893 vix
3859 825 4133 892 audeam
4174 827 4463 910 cogitare
4495 822 4656 908 quid

2705 909 2870 974 mihi
2916 911 3240 995 agendum
3286 913 3388 978 sit.
3490 910 3685 993 Quod
3727 912 3785 978 si
3821 908 4079 995 quando
4121 912 4191 977 in
4237 911 4406 978 banc
4448 909 4655 977 medi-

2705 996 3020 1061 tationem
3064 997 3416 1082 ingredior,
3457 998 3710 1062 exitum
3748 997 4002 1063 nullum
4044 998 4328 1064 invenio.
4417 998 4654 1080 Imque

2704 1083 3091 1164 quantisper
3153 1083 3276 1149 hac
3349 1084 3680 1149 anxietate
3744 1083 4183 1168 constringor,
4261 1084 4423 1149 mihi
4504 1104 4653 1149 sum

2704 1168 2940 1234 merito
2992 1179 3368 1252 suspectus,
3423 1167 3696 1252 ideoque
3749 1168 3895 1235 aliis
3949 1190 4055 1235 me
4097 1169 4461 1253 regendum
4504 1189 4654 1252 per-

2704 1254 2913 1318 mitto.
3012 1253 3288 1320 Interim
3347 1275 3651 1340 rogemus
3698 1254 4061 1320 Dominum
4119 1265 4191 1320 ut
4244 1256 4424 1320 viam
4465 1253 4654 1322 nobis

2705 1337 3126 1405 demonstret.
3229 1340 3426 1419 Vale,
3484 1341 3578 1405 mi
3631 1342 3848 1406 frater.
3937 1339 4176 1407 Saluta
4215 1341 4380 1406 mihi
4423 1361 4652 1408 aman-

2706 1424 2955 1490 tissime
2997 1446 3226 1490 omnes
3269 1438 3548 1494 nostros.
3636 1427 4069 1506 Wormaciae,
4113 1432 4208 1491 14.
4247 1425 4650 1494 Decembris.

3945 1563 4262 1630 Calvinus
4305 1571 4478 1629 tuus.

2877 1763 3099 1846 Quum
3165 1769 3483 1834 missurus
3546 1790 3753 1834 essem
3823 1769 3944 1834 has
4019 1768 4246 1836 literas
4325 1776 4652 1836 venerunt

2704 1848 2947 1917 alterae
2970 1859 3119 1918 tuae
3140 1851 3374 1935 quibus
3395 1853 3889 1937 epithalamium
3926 1853 4251 1921 describis.
4318 1852 4654 1921 Audacter

2703 1949 2878 2002 certe
2941 1938 3058 2003 abs
3123 1945 3189 2004 te
3252 1940 3497 2005 factum
3562 1953 3688 2018 est,
3809 1938 3942 2005 uod
4012 1961 4212 2005 ausus
4276 1962 4347 2006 es
4421 1939 4646 2006 Mam».

2705 2022 2993 2105 aggredi,
3040 2024 3152 2106 qui
3194 2044 3326 2089 non
3377 2025 3564 2091 facile
3606 2047 3677 2090 se
3803 2027 4084 2105 moneri,
4142 2026 4384 2092 nedum
4426 2046 4650 2108 repre-

2703 2106 2906 2172 hendi
2961 2109 3225 2192 patitur.
3331 2109 3605 2176 Gaudeo
3659 2119 3880 2176 tamen
3935 2111 4096 2176 adeo
4153 2110 4315 2178 bene
4357 2114 4647 2179 cessisse.

2703 2190 2931 2258 Simus
2974 2214 3131 2277 ergo
3174 2199 3466 2261 contenti
3508 2196 3634 2262 hac
3677 2198 3886 2262 amica
3926 2197 4476 2281 expostulatione,
4531 2220 4650 2263 ne-

2701 2299 2827 2361 que
2870 2279 3149 2345 ulterius
3184 2280 3494 2348 ecclesiae
3533 2291 3798 2348 nostrae
3819 2283 3922 2348 ius
3943 2304 4430 2366 prosequamur.
4502 2284 4651 2351 Hoc

2701 2364 3077 2516 {xcmpiltiim
3121 2366 3287 2430 forte
3331 2367 3402 2518 ig
3436 2376 3769 2518 Ροῖίξιὲιιω
3795 2389 3918 2519 no}
3941 2367 4344 2521 admonebit&
4373 2390 4458 2434 ne
4492 2369 4652 2520 qltliid

2747 2471 2897 2515 eo
3003 2471 3532 2534 nepraerm1
3663 2476 3757 2518 ur.
3920 2476 4428 2538 ncomugius
4575 2476 4652 2522 oc

2702 2542 3294 2620 temperamentum
3337 2560 3600 2604 servare
3645 2546 3710 2604 te
3767 2539 3985 2618 velim,
4031 2562 4114 2606 ne
4157 2561 4243 2606 ex
4283 2540 4506 2606 stultis
4545 2543 4652 2608 in-

2702 2622 2847 2686 sani
2881 2623 3060 2687 fiant.
3133 2622 3309 2690 Novi
3343 2624 3606 2704 fastum,
3641 2625 4158 2704 amarulentiam,
4205 2627 4653 2711 arrogantiam

2702 2707 3140 2774 mulierculae.
3229 2709 3556 2775 Monacho
3601 2710 3912 2776 hibernas
3964 2723 4188 2777 noctes
4233 2710 4409 2778 domi
4449 2713 4652 2780 nimis

2701 2791 2809 2857 lon
2898 2814 2931 2857 s
2973 2814 3117 2859 esse
3161 2802 3335 2877 puto.
3409 2793 3802 2861 'I'imendum
3837 2817 3992 2881 ergo
4036 2818 4120 2862 ne
4161 2797 4244 2861 ad
4289 2797 4652 2864 fallendum

2700 2891 2805 2942 tae
2858 2880 2988 2944 'um
3032 2879 3161 2945 alio
3204 2900 3275 2944 se
3317 2881 3621 2946 conferat.
3699 2880 3848 2948 Scis
3887 2883 4063 2947 enim
4107 2883 4262 2949 huic
4305 2884 4653 2950 hominum

2704 2965 2932 3048 generi
2951 2984 3094 3030 esse
3114 2963 3375 3031 errandi
3410 2966 3847 3053 privilegium.
3919 2966 4274 3035 Stumium
4315 2969 4649 3050 admonui,

2702 3051 2967 3116 tametsi
3028 3051 3323 3117 facturus
3380 3059 3613 3137 sponte
3663 3060 3835 3133 erat,
3900 3053 4071 3137 quod
4124 3054 4313 3138 petis.
4414 3054 4651 3139 Itaque

2700 3135 2820 3201 illa
2850 3157 2972 3219 per
3008 3133 3357 3203 Orationem
3369 3137 3425 3223 ⁸)
3468 3138 3693 3206 literas
3725 3139 4016 3224 recipiet.
4080 3139 4268 3219 Vale,
4313 3140 4651 3208 carissime

2701 3222 2922 3288 frater.
3011 3221 3196 3290 Haec
3237 3223 3553 3304 celeriter,
3596 3246 3798 3309 quum
3840 3225 4124 3292 nuncius
4166 3225 4368 3292 vellet
4407 3247 4649 3310 equum

2702 3306 3153 3375 conscendere.
3243 3308 3482 3377 Saluta
3541 3310 3707 3377 mihi
3759 3311 4148 3379 amicissime
4442 3314 4455 3327 '

2703 3401 2772 3460 et
2812 3393 3150 3462 Enardum
3192 3401 3258 3460 et
3300 3395 3462 3463 alios
3503 3418 3746 3465 omnes.

3942 3531 4262 3601 Calvinus
4305 3542 4474 3602 tuus.

3479 3791 3874 3802 *a

3592 3975 3739 4045 2⁶6.

3249 4111 3587 4180 CAPI'PO
3629 4115 4091 4181 FARELLO.

2871 4282 3069 4363 Dolet,
3115 4284 3388 4350 amicum
3427 4306 3543 4351 suo
3583 4285 3850 4369 hospitio
3891 4306 4013 4351 non
4053 4306 4241 4353 usum
4282 4307 4414 4354 esse
4454 4309 4647 4371 neque

2701 4389 2850 4521 2023
2867 4368 3536 4540 &MC-aloinum
3578 4373 4131 4458 Arymoratemes
4189 4372 4649 4443 Genevemibus

2701 4625 2814 4690 (Ex
2867 4627 3203 4697 autographo
3253 4627 3383 4680 bibl.
3439 4626 3640 4682 Gener.
3695 4624 3826 4681 Ood.
3875 4624 4009 4696 110,·
4041 4627 4136 4681 fol.
4187 4626 4271 4682 64.
4373 4630 4644 4688 Sohodula

3227 4696 3431 4750 nullam
3464 4695 3632 4749 babet
3663 4694 4110 4764 inscriptionem.)

4403 4889 4618 4955 rtmac‘
4615 4890 4642 4957 i

4348 4993 4426 5039 eo
4490 4995 4640 5041 sum

2697 5054 3006 5139 fatigatus
3041 5064 3116 5119 ut
3152 5065 3217 5120 te
3257 5075 3476 5121 coram
3497 5054 3778 5121 invisere
3798 5076 3930 5120 non
3952 5058 4292 5141 potuerim.
4363 5058 4639 5127 Utinam

2696 5140 2937 5225 frugali
2992 5160 3067 5206 ac
3132 5142 3315 5206 tenui
3378 5159 3606 5206 mensa
3669 5140 3899 5208 domus
3951 5163 4135 5209 meae
4189 5165 4350 5211 usus
4403 5146 4640 5215 fuisses

2901 5263 3393 5381 efflatam
3430 5311 3536 5376 (N.
3572 5310 3688 5382 197,
3726 5318 3834 5369 noe.
3873 5311 3975 5381 ιι)

2871 4881 2941 4950 S.
2989 4883 3231 4948 'I'otum
3265 4893 3521 4966 tempus
3563 4883 4082 4966 pomeridianum
4126 4907 4276 4952 cum

2698 4968 2980 5052 quodam
3054 4969 3461 5053 anabaptista
3537 4970 3937 5053 consumpsi,
4008 4979 4203 5055 atque
