5050 6167
578 422 704 487 28⁷

577 616 707 689 tur,
749 606 1055 691 pluresne
1100 605 1346 672 vellent
1390 602 1719 671 Famam·-
1772 622 1860 668 an
1920 602 2173 668 nollent
2213 621 2333 685 pro
2372 622 2522 684 pas-

576 701 737 760 tore.
801 690 939 760 Sed
969 711 1094 759 nec
1124 698 1261 756 tam
1295 690 1537 756 multos
1570 710 1714 756 esse
1746 690 1860 772 qni
1895 709 2045 754 eum
2080 687 2295 753 nolint
2325 707 2522 769 quam

578 779 695 864 qni
737 777 963 844 velint.
1050 776 1132 843 Id
1174 775 1378 860 quod,
1432 776 1698 853 fratres,
1754 782 2008 840 certum
2065 783 2196 849 est,
2252 773 2311 838 si
2354 773 2522 838 acci-

622 864 848 932 iantur
889 862 985 928 illi
1023 883 1300 945 quorum
1345 862 1661 928 autoritas
1714 860 1787 926 in
1829 859 2101 943 agendis
2142 859 2338 925 rebus
2381 878 2523 923 esse

578 885 791 1029 gebat,
834 949 1123 1015 seniores
1177 947 1320 1014 dico
1375 968 1451 1013 ac
1503 947 1746 1030 primos
1801 966 2086 1029 quosque
2135 945 2205 1009 in
2257 943 2523 1009 familiis

578 1056 657 1103 ac
698 1034 1027 1101 domibus:
1085 1035 1196 1117 qni
1251 1053 1478 1100 omnes
1529 1040 1860 1117 pastorem
1902 1052 2097 1097 suum
2140 1038 2522 1112 sequuntur,

577 1120 988 1206 paucissimis
1029 1120 1338 1204 exceptis,
1380 1118 1510 1183 illis
1544 1116 1804 1199 quidem
1841 1116 2000 1200 ipsis
2043 1117 2153 1198 qui
2196 1116 2324 1179 iam
2368 1114 2524 1179 inde

579 1207 663 1274 ab
706 1206 926 1284 initio,
980 1226 1180 1287 quum
1227 1203 1520 1271 Farellus
1559 1202 1870 1269 Neocomi
1921 1201 2194 1267 verbnm
2238 1199 2370 1265 Dei
2422 1220 2523 1265 se—

576 1294 878 1369 minaret,
924 1291 1122 1356 verbo
1177 1301 1244 1356 et
1284 1289 1586 1355 ministro
1637 1290 1780 1354 eius
1821 1308 2079 1371 semper
2121 1287 2521 1352 restiterunt.

580 1377 759 1460 Quid
803 1377 1041 1442 mirum
1095 1379 1151 1441 si
1204 1375 1403 1441 etiam
1459 1396 1635 1441 nunc
1677 1372 2031 1439 resistant?
2122 1370 2254 1454 Qui
2299 1382 2523 1436 tamen

578 1463 911 1530 seniorum
951 1462 1440 1545 primorumque
1483 1481 1812 1536 numerus,
1867 1461 1925 1525 si
1969 1479 2117 1524 cum
2162 1457 2356 1522 turba
2398 1456 2524 1554 las-

578 1548 961 1617 civientinm
1004 1546 1514 1614 adolescentium
1570 1546 2010 1621 conferantur,
2054 1544 2201 1626 quis
2245 1563 2378 1607 non
2425 1564 2523 1608 v1·

581 1634 696 1701 det
729 1653 923 1699 sanos
956 1653 1155 1715 quam
1189 1633 1454 1698 insanos
1488 1651 1632 1697 esse
1664 1631 2019 1715 pauciores,
2058 1628 2524 1711 melioremque

580 1728 838 1806 partem
893 1738 933 1783 a
991 1719 1234 1784 maiore
1290 1717 1510 1784 vinci?
1613 1715 1905 1799 Sperant
1960 1727 2207 1792 autem,
2269 1712 2525 1779 Far-ello

580 1826 718 1871 non
759 1811 1050 1888 pastore,
1104 1803 1220 1869 sed
1272 1802 1399 1868 alio
1442 1802 1659 1868 nescio
1697 1822 1825 1884 quo
1869 1802 1973 1866 cui
2016 1820 2216 1883 supra
2257 1797 2524 1864 modum

580 1890 871 1968 inhiant,
923 1890 1164 1956 otiosos
1220 1888 1561 1956 festorum·
1582 1888 1720 1954 dies
1762 1894 1831 1952 et
1872 1886 2259 1952 saltationes
2301 1894 2370 1951 et
2410 1905 2526 1949 ne-

582 1976 827 2061 quitiae
861 1995 1053 2040 omne
1088 1995 1296 2059 genus
1332 1976 1401 2039 in
1436 1973 1665 2039 urbem
1702 1974 2110 2039 refluxurum
2149 1992 2317 2037 esse:
2363 1990 2529 2053 quae

582 2061 808 2128 omnia
847 2072 1107 2144 pastore
1143 2059 1395 2125 Farello
1432 2057 1494 2124 vi
1540 2057 1726 2124 verbi
1770 2058 1896 2123 Dei
1939 2078 2182 2141 magna
2223 2078 2303 2121 ex
2342 2062 2531 2139 parte

582 2146 986 2213 exsularunt.
1062 2144 1287 2225 Quare
1328 2166 1443 2210 vos
1475 2165 1758 2223 oramus,
1802 2144 2036 2209 fratres
2079 2141 2415 2215 carissimi,
2461 2151 2534 2205 ut

584 2232 879 2298 adsiduis
922 2229 1005 2295 ad
1050 2231 1409 2296 Dominum
1463 2230 1766 2313 precibus
1815 2228 2003 2295 nobis
2043 2229 2113 2292 in
2159 2239 2343 2293 tanta
2383 2247 2530 2310 per-

583 2317 957 2383 turbatione
991 2315 1239 2393 adsitis,
1284 2325 1702 2396 nostramque
1735 2325 1812 2379 ut
1846 2312 2350 2380 sollicitudinem
2385 2333 2531 2377 ves-

583 2411 756 2469 tram
817 2423 959 2469 esse
1023 2401 1429 2467 existimetis.
1541 2399 1896 2483 Quumque
1960 2399 2132 2483 ipse,
2197 2399 2306 2481 qui
2372 2398 2532 2463 hwc

584 2489 797 2555 scribo
840 2489 1059 2553 iussus
1102 2508 1141 2552 a
1174 2485 1502 2563 fratribus,
1548 2492 1618 2550 et
1658 2495 1879 2567 pastor
1912 2484 2382 2567 Neapolitanae
2424 2503 2529 2548 ec-

584 2574 819 2641 clesiae
841 2571 1115 2639 Clodius
1140 2571 1416 2639 Clericus
1433 2573 1459 2611 ⁷
1512 2570 1737 2636 literas
1764 2571 1985 2637 fratris
2008 2570 2216 2636 nostri
2236 2569 2529 2634 Bernam

583 2660 792 2729 simus
825 2679 972 2725 cras
995 2656 1079 2723 ad
1114 2665 1413 2724 senatum
1483 2655 1738 2734 elatnri,
1785 2677 1825 2721 a
1866 2656 2051 2722 vobis
2095 2655 2294 2721 etiam
2337 2662 2531 2737 atque

584 2745 782 2812 etiam
825 2752 1056 2827 petunt
1096 2744 1330 2808 fratres
1374 2742 1597 2816 vestri,
1638 2750 1715 2806 ut
1756 2742 1811 2806 si
1844 2750 2141 2808 vestrum
2185 2740 2353 2806 alter
2391 2761 2530 2805 am-

583 2828 753 2897 bove
809 2830 1029 2913 aliqua
1078 2828 1312 2895 valetis
1366 2828 1746 2906 autoritate,
1804 2827 1914 2892 vel
1966 2825 2139 2910 apud
2194 2826 2533 2891 ministros

582 2916 954 2983 Bernatum
969 2965 987 2993 ,
1040 2913 1147 2979 vel
1199 2914 1409 2979 civem
1465 2911 1821 2996 quemlibet
1859 2913 1972 2995 qui
2015 2910 2259 2995 aliquid
2310 2912 2532 2995 possit,

584 3000 814 3068 literas
857 2999 941 3065 ad
983 3020 1093 3066 eos
1136 3019 1329 3082 qnam
1372 2998 1660 3082 primum
1704 2997 2023 3075 scribatis,
2045 3000 2102 3078 8)
2163 3006 2278 3063 aut
2319 2999 2376 3063 si
2419 2997 2533 3062 alii

585 3087 723 3157 sint
763 3086 1014 3152 Biellae
1067 3084 1179 3168 qui
1247 3083 1554 3167 prodesse
1623 3083 1777 3150 huic
1829 3084 1925 3149 rei
1989 3082 2219 3150 eadem
2284 3084 2534 3149 ratione

584 3173 878 3252 valeant,
938 3192 1047 3237 eos
1102 3191 1188 3236 ne
1229 3170 1304 3235 in
1360 3179 1549 3235 tanta
1590 3170 1977 3236 necessitate
2020 3168 2348 3236 scribendi
2390 3169 2533 3235 offi-

585 3259 764 3326 cium
817 3257 1342 3340 praetermittant
1397 3254 1852 3355 exhortemini.
1951 3253 2252 3336 Quorum
2308 3254 2535 3353 literas

586 3350 863 3495 {3233
865 3340 1497 3503 ..1³53thfo
1517 3338 2392 3510 afflstissgssssdffididnssffl
2405 3348 2537 3491 ⁰222

586 3514 717 3579 via.
806 3511 1013 3595 quue
1055 3533 1176 3597 pro
1225 3519 1441 3576 vestro
1481 3511 1555 3576 in
1595 3511 1869 3596 gloriam
1912 3512 2042 3578 Dei
2085 3512 2349 3596 egregio
2395 3523 2535 3577 stu-

587 3598 699 3665 dio
745 3618 941 3681 quam
986 3598 1275 3662 maxima
1315 3597 1611 3680 poteritis
1656 3596 1999 3682 diligentia
2040 3598 2268 3682 agetis,
2314 3620 2398 3663 ne
2441 3598 2535 3662 ita

585 3685 800 3751 omnis
841 3682 1188 3766 disciplina
1230 3690 1566 3748 evertatur
1608 3683 2059 3761 ecclesiastica,
2103 3682 2219 3748 sed
2261 3682 2535 3748 honeste

587 3780 787 3853 atque
841 3768 1073 3833 ordine
1127 3775 1363 3834 cuncta
1404 3769 1591 3833 fiant:
1648 3789 1816 3834 neve
1866 3769 2008 3834 sine
2064 3768 2284 3852 aliqua
2337 3790 2537 3835 causa

584 3855 898 3938 improbis
952 3852 1176 3931 liceat,
1233 3873 1686 3938 quemcunque
1738 3863 1916 3921 certe
1969 3855 2201 3937 pieque
2254 3856 2536 3939 pastoris

585 3941 973 4024 fungentem
1015 3940 1228 4005 officio
1282 3940 1455 4005 ferre
1511 3959 1647 4004 non
1707 3941 1990 4023 possint,
2050 3962 2169 4006 suo
2213 3939 2536 4006 arbitratu

584 4027 884 4111 protinus
926 4025 1293 4091 exturbare.
1384 4024 1581 4106 Quod
1617 4025 1676 4090 si
1714 4025 1960 4108 aliquid
2003 4024 2345 4111 indignum
2386 4047 2537 4110 pas-

585 4118 728 4179 tore
761 4133 833 4177 se
869 4110 1089 4176 videre
1120 4110 1381 4186 iactant,
1422 4108 1490 4175 id
1526 4112 1813 4193 proferre
1855 4110 2327 4195 compellantur
2360 4112 2537 4177 iure-

630 4218 715 4263 ne
760 4217 971 4281 agere.
1062 4194 1250 4276 Quae
1292 4196 1467 4261 enim
1510 4196 1772 4262 insania
1813 4208 1918 4262 est
1959 4197 2152 4263 haec:
2213 4198 2417 4263 vitam
2461 4218 2539 4265 ac

631 4283 952 4348 octrinam
984 4278 1462 4364 reprehendere
1496 4302 1628 4347 non
1665 4302 2027 4364 possumus,
2064 4282 2178 4348 sed
2212 4291 2537 4365 pastorem

587 4388 741 4435 eum
786 4367 1065 4450 amplius
1099 4366 1446 4433 nolumus?
1514 4367 1685 4432 Nam
1718 4368 1814 4433 ita
1847 4390 1998 4436 cum
2022 4367 2277 4435 Farello
2310 4378 2536 4453 agunt.

587 4451 661 4519 Is
718 4474 837 4519 vos
939 4452 1203 4517 rivatim
1262 4452 1459 4518 etiam
1529 4452 1777 4519 salutat
1829 4465 2023 4538 atque
2087 4475 2129 4520 a
2184 4453 2539 4536 Reliquam

586 4538 789 4623 petit,
846 4538 904 4603 si
946 4538 971 4602 i
1015 4546 1090 4601 ut
1144 4538 1440 4620 ignoscat
1480 4538 1652 4621 quod
1697 4539 1908 4605 literis
1956 4540 2165 4623 ipsius
2218 4539 2385 4604 nihil
2429 4561 2536 4606 re-

587 4622 946 4774 gponderit,
990 4643 1193 4705 quum
1236 4632 1581 4707 propterea
1613 4623 1785 4708 quod
1812 4624 1882 4689 in
1918 4625 2122 4690 tantis
2156 4626 2333 4691 curis
2367 4645 2536 4690 non-

636 4731 747 4775 um
789 4708 996 4787 licuit,
1041 4720 1181 4773 tum
1217 4729 1374 4775 vero
1411 4710 1610 4774 etiam
1645 4709 1819 4793 qnod
1852 4710 1926 4774 in
1961 4730 2080 4775 sna
2113 4731 2310 4776 causa
2349 4731 2537 4778 suam

586 4794 984 4861 sententiam
1027 4813 1164 4860 non
1207 4793 1488 4861 libenter
1522 4796 1809 4879 proferre
1848 4804 2126 4878 poterat.
2206 4795 2537 4864 Dominus

587 4888 811 4949 autem
866 4900 986 4945 suo
1042 4880 1276 4963 spiritu
1328 4883 1400 4946 in
1455 4881 1757 4948 omnibus
1813 4882 2049 4949 vestris
2107 4892 2175 4948 et
2228 4883 2415 4949 factis
2471 4893 2539 4948 et

589 4965 780 5033 dictis
821 4966 1009 5032 vobis
1051 4965 1235 5031 adsit.
1325 4966 1579 5031 Valete.
1680 4970 1770 5031 17.
1816 4964 2242 5049 Septembris.

798 5187 855 5257 7)
891 5187 1100 5243 ozauae
1134 5186 1470 5254 curatum
1497 5192 1698 5257 pastor
1728 5188 1795 5244 a·
1827 5190 2245 5260 saint-Autan,
2291 5206 2443 5246 m
2472 5191 2540 5245 a„

592 5254 915 5315 lvo-amate
951 5255 1299 5339 ςῗυῑζίοπιὸιι,
1336 5255 1539 5315 (Ην-οη.
1568 5273 1635 5326 p.
1668 5257 1783 5324 90).

2116 412 2640 482 EPISTOLAE
2686 418 2810 481 358
2819 419 3027 482 -360

3529 635 3682 705 35⁹.

3054 789 3639 858 LIBER'PETUS
3683 788 4135 857 FARELLO.

2807 961 3088 1025 Genevae
3131 962 3343 1026 omnia
3399 962 3582 1026 laeta.
3678 961 3884 1027 Simul
3927 982 4005 1026 ecc
4051 960 4310 1027 Calvino
4353 960 4428 1025 de
4479 981 4572 1025 re-

2626 1046 2741 1111 bus
2792 1046 3082 1110 Neocomi
3132 1046 3397 1111 turbatis
3452 1048 3728 1125 audivit,
3794 1047 3984 1112 amici
4034 1066 4265 1113 causac
4312 1046 4575 1112 mendac

2615 1134 2957 1214 promit,
3000 1152 3180 1214 quem
3217 1133 3453 1197 interea
3493 1139 3565 1197 ut
3594 1134 3838 1216 fortiter
3878 1138 4029 1217 ayat
4068 1133 4364 1199 hortatur.

2628 1302 2740 1367 (Ex
2778 1303 3114 1372 autographo
3149 1303 3510 1357 bibliothecae
3543 1311 3827 1372 pastorum
3858 1304 4322 1357 Neocomensinm.
4393 1303 4574 1356 Funa-

3220 1372 3370 1425 culus
3403 1372 3546 1442 Epp.
3579 1373 3742 1426 Fabri
3777 1372 3845 1425 N.
3879 1371 3994 1437 39.)

2800 1573 2937 1640 Suo
2997 1576 3329 1642 Gulielmo
3399 1577 3664 1643 Farello
3734 1577 4045 1644 ecclesiae
4111 1578 4173 1642 N
4176 1578 4574 1644 eocomensis

2626 1660 2876 1744 pastori
2926 1661 3299 1727 fidelissimo
3363 1663 3554 1728 fratri
3611 1672 3677 1728 et
3733 1665 3941 1730 amico
4006 1683 4319 1746 perquam
4373 1683 4577 1728 vene-

2628 1746 2837 1812 rando
2881 1768 2956 1813 ac
2999 1748 3230 1813 intimo

3990 1835 4317 1901 Neocomi.

2804 1968 2874 2035 S.
2956 1968 3522 2051 Quemadmodum
3603 1971 3673 2036 in
3752 1972 4128 2037 turbulenta
4191 1979 4577 2056 tempestate

2632 2055 3104 2138 profligationis
3161 2056 3486 2138 totiusque
3545 2055 3961 2133 desolationis
4016 2066 4411 2140 spectatores
4452 2057 4577 2122 fui·

2634 2160 2800 2215 mus,
2837 2144 2930 2205 ita
2947 2151 3014 2205 et
3046 2162 3223 2206 nunc
3257 2143 3461 2206 mirae
3494 2143 3956 2207 consolationis
3990 2144 4060 2206 in
4096 2144 4576 2209 restauratione

2632 2245 2709 2290 ac
2752 2226 3170 2292 revocatione
3212 2227 3560 2310 participes
3603 2248 3831 2293 sumus
3873 2250 4021 2294 cum
4070 2229 4327 2312 gaudio,
4391 2228 4578 2294 brevi

2634 2324 2973 2394 sperantes
3015 2312 3237 2377 omnia
3283 2313 3354 2376 in
3411 2313 3646 2378 melius
3688 2315 4040 2379 reformata
4081 2315 4165 2378 iri
4191 2318 4236 2395 ¹)
4280 2336 4399 2398 per
4440 2315 4577 2380 Do·

2634 2397 2798 2462 mini
2853 2398 3152 2480 gratiam.
3265 2395 3629 2464 Scribimus
3699 2399 3779 2465 ad
3836 2399 4290 2484 anardum‚·2)
4355 2399 4578 2464 literas

2635 2480 2854 2566 legere
2918 2483 3191 2565 poteris,
3258 2504 3418 2548 num
3473 2484 3807 2549 arrideant
3870 2495 3937 2550 et
4001 2484 4374 2568 probentur.
4465 2485 4578 2551 Sic

2636 2572 2811 2633 enim
2859 2567 3120 2633 videtur
3168 2565 3428 2634 Calvino
3471 2589 3545 2635 ac
3604 2569 3810 2635 Vin-eto
3859 2584 3935 2635 ut
3989 2572 4119 2637 hnc
4174 2592 4246 2635 se
4287 2572 4574 2654 recipiat.

2635 2653 2845 2718 Plura
2898 2654 2979 2719 de
3033 2653 3314 2719 iucundo
3374 2653 3624 2720 Calvini
3677 2655 3968 2721 adventu
4023 2669 4092 2721 et
4148 2658 4406 2741 piorum
4463 2677 4580 2741 ap-

2637 2739 2869 2821 plausu
2913 2738 3010 2803 nil
3052 2761 3215 2823 opus
3257 2748 3360 2805 est
3400 2742 3713 2821 scribere,
3769 2764 3972 2825 quum
4026 2742 4285 2808 abunde
4338 2741 4580 2811 scribat

2655 2824 2918 2906 Viretus,
2961 2826 3191 2910 opinor
3206 2826 3265 2910 ⁸)
3397 2874 4576 2893 ............

2639 2950 4578 2979 ....................

2639 2995 2904 3062 Auditis
2949 3017 3031 3061 ex
3071 2994 3331 3063 Calvino
3369 3019 3535 3080 quae
3578 2999 3645 3062 in
3694 3009 3759 3077 te
3804 2998 4161 3065 nebulones
4199 2998 4578 3074 moliuntur,

2637 3104 2769 3147 non
2812 3103 3158 3165 possumus
3210 3103 3343 3148 non
3402 3082 3885 3167 deprehendere
3939 3085 4161 3169 ignem
4214 3105 4255 3148 a
4296 3085 4582 3150 Domino

2637 3167 2850 3251 magis
2892 3189 2969 3233 ac
3012 3169 3223 3252 magis
3250 3166 3497 3248 ardere,
3543 3178 3620 3234 ut
3640 3170 3714 3234 in
3748 3172 3872 3252 piis
3917 3171 3999 3236 ad
4043 3171 4352 3236 maiorem
4396 3191 4582 3237 sanc-

2638 3253 3080 3330 tificationem,
3137 3256 3232 3318 ita
3272 3257 3341 3319 in
3386 3253 3680 3338 reprobis
3724 3255 3804 3320 ad
3850 3256 4399 3339 impudentiorem
4441 3277 4582 3322 sor·

2638 3337 2862 3404 ditiem
2906 3349 2973 3404 et
3013 3339 3574 3424 ingratitudinem.
3643 3341 3744 3406 Ea
3783 3344 3957 3406 enim
4002 3355 4101 3407 est
4146 3341 4582 3406 bumanorum

2636 3425 3054 3509 ingeniorum
3111 3447 3423 3508 perversa
3480 3428 3547 3491 in
3601 3428 3937 3493 ministros
3976 3427 4329 3493 inclinatio.
4417 3426 4582 3492 Hie-

2638 3511 2912 3575 remiam
2966 3519 3070 3589 (ut
3125 3512 3496 3577 Hieremias
3555 3512 3686 3595 est)
3753 3533 3882 3578 non
3942 3513 4188 3595 poteris
4241 3512 4580 3578 absolvere

2638 3596 2800 3679 quin
2841 3596 3215 3662 Hieremias
3254 3598 3488 3663 saltem
3529 3598 3600 3662 in
3646 3608 3834 3681 parte
3875 3601 4025 3675 fias,
4084 3598 4324 3680 alioqui
4367 3599 4581 3664 hiere-

2639 3683 2997 3747 minianum
3035 3704 3167 3747 non
3215 3685 3492 3750 referres
3527 3685 3845 3767 spiritum.
3917 3682 4029 3750 Sic
4068 3686 4240 3749 enim
4285 3685 4581 3749 fecerunt

2637 3768 3014 3834 Hieremiae
3057 3780 3276 3851 patres
3309 3789 3554 3834 eorum.
3622 3766 3700 3835 Si
3745 3768 3954 3835 Satan
3999 3782 4066 3833 et
4108 3768 4411 3847 muudus,
4455 3790 4583 3852 quo

2639 3853 3021 3938 diligentius
3090 3863 3284 3937 atque
3338 3856 3655 3920 sincerius
3706 3854 4044 3920 Christum
4114 3856 4581 3937 praedicamus,

2640 3940 3039 4022 impietatem
3082 3950 3152 4004 et
3195 3939 3607 4023 iniquitatem
3651 3942 4018 4024 arguimus,
4073 3962 4150 4005 eo
4201 3942 4418 4007 acrius
4460 3960 4582 4005 nos

2640 4025 2781 4108 (qui
2825 4027 2894 4089 in
2939 4025 3299 4089 ministerio
3359 4033 3616 4090 tantum
3675 4027 3911 4090 novitii
3966 4036 4034 4091 et
4077 4027 4257 4090 velut
4298 4026 4582 4091 infantes

2640 4109 2898 4195 sumus)
2939 4110 3011 4174 in
3047 4109 3185 4175 dies
3227 4109 3557 4175 invadunt
3596 4121 3665 4176 et
3696 4112 4074 4194 percellunt,
4120 4120 4364 4194 quanto
4406 4131 4585 4177 acer-

2641 4196 2787 4261 bius
2845 4208 2910 4259 te
2966 4216 3042 4259 ac
3096 4194 3258 4260 alios
3307 4197 3405 4260 tui
3459 4198 3704 4262 similes
3757 4197 4196 4263 molestabunt
4247 4207 4313 4262 et
4371 4196 4585 4262 lucem

2640 4302 2818 4346 nunc
2859 4290 3197 4364 tantopere
3239 4282 3801 4364 splendescentem
3852 4283 4137 4348 tenebris
4192 4298 4261 4348 et
4303 4282 4584 4348 nubibus

2642 4365 2989 4432 obscurare
3052 4367 3428 4444 tentabunt,
3486 4369 3561 4433 in
3616 4369 3718 4433 his
3771 4370 4181 4451 potissimum
4234 4369 4582 4452 postremis

2641 4471 2717 4517 ac
2760 4451 3140 4534 periculosis
3182 4452 3629 4536 temporibus?
3718 4452 3827 4519 Sis
3883 4454 4085 4537 igitur
4140 4454 4352 4538 qualis
4393 4477 4464 4520 es
4507 4474 4584 4518 ac

2963 4610 3048 4618 ——o

2675 4707 2809 4770 m.
2848 4709 2906 4771 1)
2941 4709 3058 4763 aa!

4485 4779 4586 4849 aa&

2633 4845 2984 4914 posmodum
3017 4846 3235 4900 nomine
3269 4846 3593 4916 collegam
3625 4848 3929 4917 Basikam,
3971 4849 4231 4904 Doricum
4241 4889 4260 4918 ,
4314 4818 4582 4904 Con’stmt-

2638 4914 2775 4968 tiam
2826 4919 2878 4969 et
2921 4915 3350 4996 Arqmtomtum
3442 4916 3561 4970 etiit
3601 4917 3952 4972 ecclesiarum
3996 4918 4435 4974 massionem
4472 4933 4584 4987 pro

2641 4984 2864 5039 Fan-ello
2898 4984 3263 5039 contestatum.
3359 4932 3694 5067 ffirchhofer
3719 5001 3783 5055 p.
3818 4986 3933 5109 3Ιὲ
4021 5056 4033 5069 .

3505 5055 3672 5109 semul
3714 5070 3839 5109 cum
3917 5056 4105 5111 αῑυοκο
4139 5056 4419 5112 Genavam
4449 5070 4583 5112 νοη-

2638 5121 4584 5203 tanqu,·saltevaadtempusquoillusu·iorcomintroioesforoe,

2635 5192 3327 5342 maman·
3326 5191 3504 5331 ,(1ξέ
3534 5192 3663 5344 13⁶5.
3678 5194 3991 5332 &tp-01³⁰·
4017 5193 4163 5319 22¹3
4186 5195 4477 5332 ww
4491 5193 4584 5317 ἔξ

2639 5345 2766 5384 rum
2798 5328 3073 5384 deeidam
3104 5330 3472 5401 obtemperare
3497 5337 3785 5401 pomam.

2845 5052 2906 5115 3)
2943 5053 3145 5122 Ipsam
3177 5053 3302 5111 Far
3409 5071 3462 5109 m
