5050 6167
612 434 701 500 86
2180 416 2707 486 EPIS'I'OLAE
2752 419 3093 481 217—218
4565 415 4649 477 36

616 615 867 694 radam,
906 631 1179 678 uxorem
1221 619 1289 676 et
1326 615 1769 674 materteram.
1835 607 2162 672 Dominus
2196 624 2318 670 vos
2354 623 2584 669 omnes

617 706 978 768 conservet·
1010 703 1058 782 ι)
1862 777 2185 844 Calvinus
2237 783 2407 842 tuus.

1398 1041 1707 1048 -—-—---——.-÷----⁴

1533 1222 1678 1292 217.

1159 1377 1634 1446 GALVINUS
1680 1376 2052 1443 VIRE'I'O.

802 1553 1063 1619 Laudat
1104 1572 1248 1617 eum
1303 1551 1374 1616 ob
1426 1551 1729 1631 scriptam
1774 1554 1920 1632 post
1974 1548 2224 1632 lonyum
2265 1548 2589 1613 silentium

630 1641 974 1724 epistolam,
1018 1642 1353 1719 speratque
1390 1638 1651 1702 meliora
1683 1638 1756 1701 in
1786 1640 2127 1716 posterum.
2196 1633 2447 1699 Bonam
2480 1655 2590 1699 va-

632 1727 968 1793 letudinem
1023 1724 1240 1806 quovis
1295 1723 1424 1788 alio
1468 1724 1592 1788 loco
1634 1721 1758 1787 sibi
1805 1723 2026 1802 potius
2071 1741 2259 1801 quam
2310 1720 2591 1784 Genevae

628 1816 1054 1877 restauratum
1106 1811 1214 1874 iri.
1321 1808 1519 1874 Vireti
1576 1808 1790 1873 studia
1853 1807 1926 1872 in
1984 1807 2266 1872 Iesaiam
2285 1857 2299 1885 ,
2362 1807 2591 1886 quibus

631 1896 958 1965 autoribus
1010 1896 1226 1960 iuvari
1270 1895 1553 1977 possint,
1611 1913 1874 1975 quorum
1928 1893 2155 1957 merita
2211 1897 2266 1956 et
2316 1893 2589 1974 defectus

629 1984 1082 2064 expenduntur.

631 2154 745 2219 (Ex
780 2156 1008 2220 autogra
1048 2151 1119 2205 ho
1156 2152 1363 2206 Genev.
1402 2150 1534 2204 Cod.
1575 2149 1691 2215 106,
1727 2149 1817 2202 fol.
1853 2147 1923 2202 35
1958 2149 2108 2201 cuius
2145 2148 2459 2218 apographa
2491 2164 2584 2202 ex-

628 2227 781 2276 stant
824 2221 954 2274 ibid.
1004 2169 1134 2274 god,
1172 2220 1316 2273 1112,
1343 2220 1433 2272 fol.
1474 2219 1505 2271 1
1544 2236 1594 2272 v.
1640 2235 1800 2271 manu
1848 2217 2133 2271 lenvillaei
2181 2219 2474 2286 scriptum,
2528 2222 2586 2270 et

628 2290 903 2344 recentius
940 2289 1068 2343 Cod.
1106 2288 1234 2356 111,
1279 2290 1368 2342 fol.
1405 2285 1476 2342 35
1523 2292 1641 2340 tum
1687 2288 1743 2339 in
1778 2286 1940 2339 Areh.
1977 2287 2139 2339 Bern.
2184 2286 2325 2355 Epp.
2364 2286 2492 2339 vn.
2530 2302 2584 2355 p.

628 2358 735 2414 348
770 2365 828 2412 et
862 2376 946 2429 ap.
985 2359 1182 2411 Simler
1218 2358 1325 2411 vol.
1363 2356 1448 2410 48.
1501 2358 1665 2410 Edita
1700 2361 1799 2421 est,
1838 2355 1935 2407 sed
1971 2372 2076 2408 non
2116 2355 2321 2424 absque
2355 2355 2584 2420 mendis,

630 2430 700 2496 ab
748 2428 941 2498 Hem-y
977 2428 1128 2482 Tom.
1174 2427 1217 2480 Ι.
1269 2428 1414 2496 App.
1462 2442 1515 2494 p.
1552 2424 1641 2546 6186
1641 2430 1722 2560 2915
1762 2423 1971 2493 anglice
2018 2440 2103 2493 ap.
2152 2423 2302 2477 B.-G.
2351 2424 2501 2477 Tem.
2540 2425 2583 2477 1.

621 2683 1061 2769 Integerrimo
1118 2682 1313 2747 fratri
1371 2702 1514 2747 meo
1567 2681 1771 2747 Petro
1816 2680 2049 2746 Vireto
2109 2679 2241 2746 fido
2285 2680 2586 2746 Lausan-

1157 2767 1385 2834 nensis
1429 2767 1740 2833 eeclesiae
1783 2768 2049 2850 pastori.

796 2905 939 2970 Iam
983 2904 1235 2988 aliquid
1294 2904 1527 2968 saltem
1571 2924 1720 2969 mea
1763 2902 2290 2986 expostulatione
2332 2902 2587 2984 profec-

622 3000 767 3057 tum
812 3003 939 3056 est:
1007 2989 1178 3073 quod
1236 2990 1574 3072 ingratum
1631 2989 1811 3055 istud
1871 2997 1971 3054 tot
2012 2988 2340 3054 mensium
2385 2988 2587 3052 silen-

621 3079 793 3143 tium
837 3076 1185 3158 aliquando
1222 3075 1391 3157 rupi.
1481 3076 1735 3139 Verum
1779 3074 1956 3140 istud
2003 3096 2106 3139 me
2150 3074 2322 3138 male
2366 3074 2586 3153 habet,

668 3162 801 3228 uod
859 3182 1061 3244 quum
1118 3160 1455 3244 deprecari
1513 3161 1900 3243 simpliciter
1966 3159 2228 3243 culpam
2294 3157 2585 3237 deberes,

621 3255 1069 3339 artua-tqyoqta
1117 3247 1428 3329 expedire
1470 3253 1538 3311 te
1577 3246 1889 3312 maluisti.
1992 3247 2199 3312 Pares
2243 3247 2416 3311 enim
2463 3266 2585 3311 nos

619 3334 798 3414 facis,
844 3333 969 3400 hoc
1001 3353 1135 3397 uno
1178 3341 1451 3417 excepto
1496 3331 1668 3415 quod
1703 3353 1905 3414 quum
1940 3342 2267 3398 cessatum
2312 3332 2394 3396 ab
2439 3331 2585 3396 offi-

623 3421 726 3486 cio
769 3420 1080 3502 utrinque
1128 3420 1343 3498 fuerit,
1391 3439 1512 3503 ego
1556 3418 1839 3485 scribere
1876 3416 2141 3484 tandem
2176 3419 2355 3502 prior
2390 3438 2588 3484 oecu-

621 3507 797 3592 pavi.
886 3505 992 3571 Ita
1035 3504 1283 3570 scilicet
1325 3504 1605 3570 evadere
1650 3515 1716 3568 te
1760 3525 1951 3588 posse
1996 3504 2290 3587 sperasti.
2373 3502 2586 3583 Quasi

619 3613 780 3661 vero
822 3612 957 3657 non
1001 3591 1250 3658 centies
1293 3591 1560 3656 interim
1605 3588 1690 3654 ad
1713 3589 2048 3658 Farellum
2091 3589 2466 3672 scripserim
2507 3610 2587 3653 ea

622 3679 769 3764 lege
791 3685 868 3744 ut
891 3675 1059 3743 mihi
1091 3684 1265 3742 esset
1297 3675 1474 3761 apud
1497 3682 1562 3740 te
1595 3676 2086 3742 internuncius:
2124 3696 2252 3759 quo
2284 3682 2584 3758 tempore

621 3785 747 3831 neo
789 3765 1051 3830 literam
1094 3762 1210 3828 abs
1252 3769 1318 3827 te
1362 3763 1600 3846 accepi,
1656 3782 1779 3827 nec
1822 3763 1952 3826 fuit
1993 3763 2108 3845 qui
2149 3761 2257 3827 vel
2302 3760 2586 3826 salutem

620 3852 987 3926 nunciaret,
1032 3849 1166 3914 nisi
1209 3869 1404 3933 quam
1438 3849 1511 3913 in
1555 3850 1689 3914 tuis
1733 3847 1818 3914 ad
1859 3847 2186 3914 Bucerum
2225 3846 2437 3913 literis
2480 3868 2584 3912 se-

620 3937 757 4002 mel
800 3935 1221 4021 adscripsisti.
1289 3933 1735 4015 Quamobrem
1776 3955 1910 3999 non
1946 3941 2011 3998 te
2055 3934 2235 4016 prius
2279 3933 2410 3999 reis
2444 3933 2584 3998 exi-

620 4042 800 4088 mam
865 4040 1064 4104 quam
1133 4021 1297 4085 mihi
1372 4030 1559 4085 tuam
1624 4021 1697 4085 in
1767 4031 2102 4103 posterum
2170 4018 2584 4103 diligentiam

623 4107 1097 4192 comprobaris,
1157 4115 1235 4172 ut
1277 4107 1338 4173 si
1379 4114 1493 4171 tuo
1543 4127 1726 4171 more
1765 4107 2139 4189 pigrescere
2182 4125 2419 4189 pergas
2463 4103 2585 4170 du-

670 4194 861 4262 licem
924 4192 1242 4260 mulctam
1308 4198 1534 4275 petere
1586 4190 1940 4258 adversum
2007 4199 2072 4255 te
2134 4190 2304 4256 mihi
2368 4191 2579 4257 liceat.

690 4302 728 4346 e
786 4288 1005 4345 tamen
1050 4279 1287 4364 aerius¹
1312 4278 1562 4343 instare
1607 4277 1869 4356 videar,
1924 4278 2057 4342 iam
2102 4275 2225 4341 tibi
2270 4275 2584 4360 quidquid

783 4366 879 4432 ati
936 4373 1038 4432 est
1092 4364 1372 4432 libenter
1426 4364 1720 4429 remitto:
1793 4361 1986 4430 modo
2041 4363 2316 4446 posthac
2370 4369 2439 4428 et
2481 4384 2584 4428 se-

674 4452 781 4518 ulo
824 4452 966 4535 ipse
999 4451 1287 4517 officium
1323 4450 1542 4528 facias,
1587 4458 1658 4514 et
1698 4449 1869 4514 mihi
1903 4451 2208 4533 ignoscas
2253 4450 2309 4514 si
2352 4449 2583 4514 remis-

624 4540 761 4606 sior
802 4539 971 4603 forte
1014 4538 1215 4602 fuero.
1282 4535 1586 4618 Epistola
1619 4543 1738 4599 tua
1781 4535 1948 4600 mihi
1991 4536 2236 4600 maiore
2278 4556 2363 4600 ex
2398 4544 2586 4618 parte

624 4623 921 4690 luctuosa
962 4623 1115 4701 fuit,
1176 4642 1381 4704 eoque
1441 4622 1654 4705 magis
1697 4620 1875 4704 quod
1914 4621 2079 4688 satis
2122 4621 2396 4687 coniicio
2440 4642 2585 4687 car-

669 4861 799 4922 216.
846 4863 895 4916 Ι)
936 4860 1245 4928 Epistolam
1301 4861 1448 4915 hauc
1503 4877 1684 4915 mense
1728 4861 1919 4928 Aprili
1968 4861 2103 4915 1540
2155 4862 2418 4928 scriptam
2471 4873 2587 4913 esse

623 4930 997 4998 Aryentorato
1040 4931 1130 4984 vir
1188 4931 1380 4984 doetus
1450 4931 1514 4984 in
1568 4931 1819 4998 margine
1866 4929 1999 4984 Cod.
2048 4932 2146 4983 111
2208 4930 2587 4996 adstimdante

629 4997 861 5054 Sin-clero
896 4998 1293 5054 demonstravit
1325 5016 1395 5054 ex
1428 5000 1628 5054 omisso
1648 4993 2134 5067 insubsmlkione
2167 5000 2410 5053 nomme
2432 5002 2584 5051 loan-

628 5069 729 5132 nis,
766 5068 865 5136 qm*
898 5083 1015 5122 moe
1048 5069 1177 5122 olim
1213 5068 1422 5123 Nostro
1455 5065 1597 5136 fuit,
1645 5085 1713 5124 ex
1747 5085 1809 5124 eo
1859 5069 2007 5137 quod
2042 5068 2177 5122 dicit
2211 5067 2279 5122 de
2312 5068 2496 5122 taedio
2531 5070 2584 5120 et
2632 5115 2636 5130 ,

2689 602 2956 667 nificum
3015 601 3363 666 saevitiam
3420 620 3624 684 supra
3675 599 3947 666 modum
4000 604 4284 681 fervere,
4352 610 4433 667 ut
4482 604 4652 671 solet

2689 687 2943 770 quoties
2987 687 3187 752 semel
3227 686 3498 752 ebulliit.
3568 687 3659 750 Et
3701 688 4086 755 occurrendi
4121 689 4305 754 nulla
4340 709 4411 753 se
4454 691 4651 756 offert

2688 776 2874 838 ratio.
2965 771 3218 856 Scripsi
3262 774 3441 838 enim
3485 770 3569 836 ad
3615 771 3970 854 Farellum,
4016 796 4095 840 ea
4137 796 4272 858 spe,
4314 795 4481 857 quae
4532 775 4648 841 diu

2689 881 3040 943 suspensos
3096 859 3341 937 tenuit,
3398 860 3532 923 iam
3588 879 3709 922 nos
3765 861 4102 926 excidisse.
4204 859 4457 941 Quare,
4513 862 4647 927 nisi

2689 966 2885 1028 quam
2931 965 3172 1010 novam
3215 944 3453 1008 rimam
3497 944 3826 1011 Dominus
3870 946 4151 1029 aperiat,
4211 947 4472 1013 miseris
4515 949 4647 1012 fra-

2688 1031 2899 1096 tribus
2942 1030 3136 1095 aliter
3193 1030 3506 1113 opitulari
3551 1051 3687 1094 non
3743 1030 3898 1096 licet
3960 1052 4156 1115 quam
4198 1034 4502 1117 precibus
4548 1041 4647 1099 at-

2689 1137 2814 1198 que
2857 1116 3439 1181 exhortationibus.
3531 1115 3722 1196 Quae
3771 1125 3993 1182 tamen
4037 1119 4221 1201 ipsae
4265 1117 4425 1184 adeo
4469 1120 4646 1203 peri-

2688 1202 2946 1268 culosae
2990 1211 3146 1268 sunt
3187 1223 3412 1268 eorum
3457 1201 3800 1284 capitibus,
3854 1212 3929 1268 ut
3970 1204 4058 1269 sit
4092 1205 4453 1271 consultius
4495 1207 4646 1272 abs-

2689 1289 2919 1352 tinere.
3044 1287 3240 1369 Quod
3314 1309 3471 1372 ergo
3553 1309 3756 1352 unum
3837 1290 3974 1354 fere
4041 1299 4274 1369 restat,
4354 1290 4646 1358 Domino

2692 1395 2918 1440 eorum
2959 1375 3239 1440 salutem
3285 1373 3836 1441 commendemus.
3915 1376 4083 1440 Eam
4127 1397 4289 1443 vero
4334 1378 4648 1459 epistolae

2692 1469 2948 1544 partem
2992 1481 3127 1525 non
3169 1461 3310 1525 sine
3354 1461 3493 1524 risu
3538 1459 3687 1543 legi,
3734 1461 3848 1526 ubi
3881 1468 4018 1526 tam
4065 1461 4231 1527 bene
4273 1463 4648 1529 valetudini

2691 1566 2877 1611 meae
2932 1547 3266 1630 prospicis.
3368 1545 3830 1624 Genevamne,
3892 1555 3969 1612 ut
4022 1548 4255 1615 melius
4320 1550 4640 1615 habeam?

2692 1633 2831 1697 Gur
2873 1653 3006 1696 non
3043 1633 3262 1715 potius
3299 1639 3480 1696 recta
3523 1630 3606 1696 ad
3642 1632 3944 1698 crucem?
4016 1632 4245 1700 Satius
4291 1637 4469 1700 enim
4504 1638 4644 1701 fue-

2691 1719 2780 1782 rit
2824 1718 3025 1783 semel
3070 1717 3285 1801 perire
3329 1737 3527 1801 quam
3565 1719 3635 1781 in
3671 1717 3784 1782 illa
3820 1720 4197 1787 carnificina
4228 1721 4475 1786 iterum
4510 1729 4645 1787 tor-

2695 1804 2898 1886 queri.
2990 1805 3200 1888 Ergo,
3257 1804 3349 1868 mi
3411 1802 3633 1882 Virete,
3693 1804 3748 1868 si
3794 1804 4052 1870 salvum
4098 1827 4206 1871 me
4251 1828 4396 1872 esse
4439 1810 4642 1890 cupis,

2691 1889 3037 1956 consilium
3095 1889 3273 1954 istud
3331 1890 3615 1954 omittas.
3706 1888 4176 1956 Gratissimum
4235 1905 4459 1958 tamen
4517 1895 4647 1960 suit

2690 1974 2862 2058 quod
2907 1975 3205 2040 intellexi
3248 1975 3637 2040 Fontam'nos
3679 1977 3913 2041 fratres
3957 1977 4051 2041 ita
4094 1978 4295 2044 fuisse
4341 1979 4422 2045 de
4461 1981 4643 2045 inco-

2690 2061 2989 2125 lumitate
3031 2082 3181 2125 mea
3223 2061 3548 2137 sollicitos,
3594 2070 3661 2125 et
3696 2070 3761 2125 te
3796 2083 4054 2145 quoque
4090 2064 4384 2129 animum
4430 2086 4505 2130 eo
4538 2067 4641 2131 in-

2689 2145 2993 2211 tendisse.
3082 2147 3221 2211 Vix
3264 2147 3563 2229 equidem
3600 2147 3873 2231 dignum
3914 2170 4021 2213 me
4064 2170 4208 2215 esse
4250 2160 4411 2234 puto
4454 2152 4642 2218 cuius

2688 2252 2886 2298 eausa
2929 2240 3272 2315 tantopere
3315 2232 3662 2297 laboretur.
3729 2233 3882 2298 Non
3927 2254 4195 2318 possum
4239 2245 4465 2302 tamen
4507 2260 4642 2304 non

2688 2318 2916 2383 laetari
2963 2319 3087 2383 isto
3131 2339 3290 2401 erga
3322 2339 3430 2383 me
3473 2318 3792 2383 bonorum
3837 2321 4075 2385 studio.

2867 2403 3090 2484 Capito
3149 2404 3223 2468 in
3275 2404 3412 2469 suis
3467 2404 4013 2486 praelectionibus
4069 2408 4388 2489 quaedam
4442 2409 4643 2477 habet

2689 2511 2855 2572 quae
2900 2489 3021 2553 tibi
3064 2490 3147 2555 ad
3191 2490 3674 2555 enarrationem
3720 2490 3972 2556 Iesaiae
4028 2493 4390 2561 conducere
4433 2497 4643 2579 pluri·

2687 2596 2866 2640 mum
2914 2577 3181 2657 possint.
3273 2574 3408 2641 Sed
3453 2576 3608 2658 quia
3640 2576 4048 2643 auditoribus
4092 2580 4261 2645 nihil
4304 2581 4526 2662 dictat,
4575 2590 4644 2648 et

2688 2660 2984 2726 nondum
3028 2661 3205 2726 ultra
3261 2661 3591 2727 decimum
3644 2671 3954 2745 quartum
4004 2674 4202 2747 caput
4257 2688 4642 2751 progressus

2690 2755 2807 2825 est,
2854 2746 2977 2812 tibi
3020 2746 3099 2812 ad
3138 2768 3447 2829 praesens
3484 2747 3864 2813 adiumento
3900 2770 4042 2815 esse
4080 2772 4216 2816 non
4249 2760 4466 2835 potest
4499 2755 4643 2820 eius

2690 2853 2908 2916 opera.
3021 2833 3391 2917 ZuinyliuS,
3452 2835 3715 2899 tametsi
3783 2834 4179 2902 dexteritate
4243 2860 4376 2903 non
4441 2848 4644 2920 earet,

2690 2919 2845 3000 quia
2909 2927 3131 2984 tamen
3185 2920 3462 2984 nimiam
3519 2919 3892 2985 libertatem
3958 2931 4263 3006 usurpat,
4344 2945 4540 3009 saepe
4604 2947 4646 2992 a

2691 3013 2913 3070 mente
2974 3005 3332 3088 prophetae
3408 3005 3603 3089 longe
3683 3014 4018 3090 evagatur.
4131 3008 4447 3077 Lutherus
4509 3032 4645 3077 non

2691 3090 2851 3155 adeo
2891 3093 3129 3156 anxius
3173 3091 3253 3156 de
3311 3090 3666 3156 verborum
3725 3094 4127 3176 proprietate
4172 3109 4288 3160 aut
4331 3096 4644 3163 historiae

2690 3176 3182 3242 circumstantia
3237 3179 3398 3242 satis
3442 3177 3644 3243 habet
3695 3179 4095 3244 fructiferam
4158 3182 4444 3264 aliquam
4490 3184 4643 3250 doc-

2689 3263 2932 3327 trinam
2977 3262 3229 3329 elicere.
3317 3263 3530 3328 Nemo
3576 3285 3733 3348 ergo
3778 3265 3993 3329 adhuc
4037 3266 4423 3351 diligentius
4464 3269 4644 3335 Oeco-

2690 3347 3006 3430 lampadio
3038 3349 3111 3413 in
3146 3348 3270 3414 hoc
3304 3370 3498 3432 opere
3538 3360 3836 3416 versatus
3873 3361 3989 3431 est,
4036 3355 4147 3435 qui
4187 3363 4405 3419 tamen
4445 3358 4642 3421 etiam

2690 3454 2956 3517 scopum
2999 3455 3132 3499 non
3178 3456 3436 3517 semper
3493 3436 3778 3520 attingit.
3881 3436 4132 3502 Verum
4190 3448 4265 3505 ut
4319 3451 4385 3505 te
4440 3441 4644 3507 inter-

2690 3519 2848 3585 dum
2885 3517 3191 3587 deficiant
3220 3521 3636 3598 adminicula,
3675 3523 4004 3588 Dominus
4041 3533 4281 3603 tamen,
4319 3536 4394 3591 ut
4428 3547 4639 3610 spero,

2691 3625 2822 3669 non
2868 3615 2933 3669 te
2978 3605 3292 3671 destituit.
3359 3607 3543 3671 Nihil
3584 3608 3664 3672 de
3709 3609 3904 3673 rebus
3950 3611 4192 3675 nostris
4236 3613 4465 3690 scrib0,
4512 3635 4642 3696 quo

2690 3691 2968 3774 amplior
3009 3695 3296 3776 supersit
3340 3693 3593 3759 Farello
3627 3693 3956 3761 scribendi
4000 3697 4294 3762 materia.
4387 3697 4642 3765 Omnes

2690 3786 2755 3843 te
2799 3777 3191 3844 amicissime
3226 3779 3620 3845 resalutant:
3669 3779 3908 3861 Capita,
3952 3779 4260 3861 Bucerus,
4308 3782 4640 3865 Matthias,

2694 3862 3032 3942 Sturmius,
3081 3863 3425 3930 Pedrottus.
3493 3866 3839 3932 Hedionem
3872 3866 4167 3933 nondum
4209 3869 4349 3935 vidi
4391 3892 4475 3936 ex
4509 3890 4642 3954 quo

2689 3949 2919 4015 literae
2961 3958 3113 4015 tuae
3153 3952 3323 4016 mihi
3378 3950 3672 4017 redditae
3731 3963 3904 4016 sunt.
3993 3953 4164 4018 Mihi
4209 3956 4498 4022 vicissim
4541 3976 4642 4022 sa-

2689 4034 2831 4100 luta
2877 4033 3266 4116 Gonradum,
3330 4036 3718 4116 Cornelium,
3777 4037 4105 4119 Iacobum,
4161 4039 4508 4107 Isnardum
4571 4050 4642 4108 et

2690 4121 2870 4187 alios.
2959 4122 3388 4188 Materteram
3444 4144 3699 4206 quoque
3756 4133 3939 4190 tuam
3995 4134 4274 4191 matrem
4326 4149 4562 4207 meam,
4588 4126 4639 4215 ¹)

2690 4215 2758 4273 et
2817 4228 3126 4286 uxorem,
3205 4228 3403 4291 quam
3467 4209 3670 4275 semel
3734 4210 3963 4276 videre
4024 4213 4234 4294 cupio.
4350 4212 4634 4281 Conradi

2688 4294 2934 4358 mentio
2976 4293 3144 4358 mihi
3186 4294 3356 4377 quod
3403 4294 3741 4362 exciderat
3783 4297 4129 4380 suggessit.
4204 4297 4466 4383 Gaspar
4504 4299 4637 4380 ille,

2687 4380 2800 4462 qui
2846 4378 3020 4462 apud
3062 4400 3212 4445 eum
3266 4379 3670 4463 aliquamdiu
3713 4382 3907 4458 vixit,
3964 4402 4178 4465 nuper
4232 4383 4341 4451 hie
4393 4386 4523 4450 fuit
4562 4405 4641 4451 ac

2693 4465 2975 4531 Stamio
3017 4474 3413 4548 conquestus
3456 4474 3558 4533 est
3601 4467 3920 4551 graviter,
3979 4468 4148 4552 quod
4211 4490 4281 4534 se
4324 4472 4639 4537 mandato

2695 4551 2978 4634 Grynaei
3019 4552 3191 4634 apud
3248 4553 3453 4618 bonos
3505 4556 3682 4619 viros
3735 4552 4187 4618 inhumaniter
4203 4552 4260 4638 ²)
4306 4555 4639 4623 traduxis-

2689 4658 2844 4703 sem.
2913 4637 3113 4721 Apud
3158 4658 3263 4703 me
3307 4638 3638 4717 subticuit,
3683 4659 3804 4704 nec
3844 4638 4025 4704 aliud
4059 4660 4260 4722 quam
4303 4642 4637 4724 salutavit,

2687 4743 2892 4807 quum
2946 4746 2986 4788 a
3041 4722 3318 4789 lectione
3374 4745 3524 4789 mea
3586 4724 4024 4808 egrederetur.
4134 4725 4284 4791 Hoc
4338 4735 4404 4793 te
4470 4730 4640 4795 scire

2689 4808 2898 4888 volui,
2955 4815 3030 4873 ut
3083 4809 3354 4891 posthac
3407 4810 3552 4875 sitis
3595 4811 3933 4876 cautiores.
4020 4812 4225 4893 Vale,
4282 4816 4527 4897 optime
4570 4822 4639 4880 et

2731 5064 2856 5124 217-
2901 5067 2951 5122 ll
2989 5066 3188 5136 Hmy
3219 5066 3907 5135 interroaatiom‘ssiqmm
3939 5070 4192 5138 apponit,
4227 5087 4343 5125 non
4377 5070 4633 5126 animad-

625 5136 957 5205 ffatiaatione
990 5137 1210 5192 itiner-ts
1257 5138 1405 5206 quod
1450 5139 1674 5192 minime
1721 5139 1876 5192 cadit
1907 5139 1973 5193 in
2006 5139 2158 5193 viros
2194 5137 2419 5192 Geneva
2452 5151 2582 5203 pro·
2632 5149 2636 5182 ι
2687 5138 2902 5213 vertens
2925 5133 3213 5189 Calvinum
3235 5135 3414 5190 Virett‘
3430 5142 3780 5191 materteram
3796 5139 3880 5191 ita
3895 5139 4191 5207 appellare,
4226 5142 4565 5195 reverentiae
4581 5146 4634 5194 et

624 5205 814 5286 sectos,
850 5207 1086 5261 maxime
1120 5222 1247 5262 vero
1283 5224 1351 5261 ea:
1385 5223 1446 5260 eo
1481 5207 1631 5275 quod
1664 5224 1791 5261 mox
1818 5207 1927 5262 «N.
1958 5206 2088 5274 217)
2122 5206 2390 5286 laetitiam
2424 5220 2585 5258 ettam
2631 5185 2637 5280 Ι
2679 5203 2909 5284 pktatpe
2942 5219 3132 5258 causa.
3184 5204 3403 5272 Anqlus
3431 5211 3659 5259 matroon
3693 5206 3911 5274 omit,
3944 5214 3998 5262 et
4029 5209 4148 5277 ipse
4180 5225 4394 5277 quoque
4423 5209 4634 5264 nodum

626 5280 890 5344 eoepnmvt
923 5277 1068 5357 quod
1100 5277 1207 5331 hac
1240 5292 1345 5330 sua
1380 5277 1814 5346 expostulatione
1850 5275 2074 5330 tandem
2105 5275 2354 5329 Veretum
2389 5273 2582 5342 adeqe·
2629 5345 2636 5381 ι
2685 5289 2749 5326 m
2783 5286 2965 5394 saurga
3001 5289 3271 5341 quaerens

625 5343 1209 5401 &adamandam

2937 5349 2952 5404 )
2991 5313 3288 5396 insuaviter:
3321 5345 3528 5412 Apoyr.
3566 5348 3617 5397 et
3650 5342 3729 5397 H.
