5050 6167
509 482 646 551 243

514 694 659 741 cem
700 670 977 739 solidam
1018 669 1293 735 minime
1334 664 1841 752 exspectandam
1899 687 1941 731 a
1988 661 2282 743 Caesare,
2339 662 2473 727 imo

515 763 719 830 talem
761 777 1099 841 nunquam
1135 775 1325 839 posse
1359 755 1632 840 sperari,
1676 752 1806 819 nisi
1847 752 1919 816 in
1957 751 2274 835 religione
2317 769 2472 814 con-

520 848 742 916 veniat
776 857 843 912 et
863 844 936 909 in
971 842 1440 908 reformatione
1474 839 1943 906 consentiatur.
1961 838 2018 915 ²)
2088 839 2179 901 At
2212 832 2473 919 quando

513 933 586 999 id
627 935 928 999 futurum
972 926 1359 995 existimas?
1449 925 1682 992 Eccius
1722 924 1984 1009 egregie
2026 921 2297 988 Davum
2339 920 2475 1004 egit

516 1022 589 1087 in
633 1015 1386 1091 transsubstantiatione,
1432 1024 1511 1077 ut
1544 1011 1653 1078 hie
1689 1020 1882 1093 atque
1916 1009 2078 1075 adeo
2112 1008 2301 1073 initio
2338 1007 2474 1071 fere

518 1108 817 1174 turbaret
873 1101 1111 1170 omnia.
1205 1099 1533 1180 Grapso-us
1590 1097 1809 1163 minus
1872 1095 2187 1180 intelligit
2249 1114 2469 1159 rerum

521 1212 855 1262 sacrarum
912 1208 1108 1274 quam
1172 1184 1527 1270 putabatur
1579 1181 2015 1247 wormaciae.
2114 1183 2161 1242 li
2171 1179 2475 1246 edierunt

518 1282 785 1346 domum
829 1274 1154 1349 BrentiaS,
1215 1269 1586 1350 Masculus,
1645 1267 1946 1335 Frechtus
1962 1319 1978 1347 ,
2050 1266 2234 1332 Vitas
2278 1266 2340 1331 N
2344 1266 2473 1329 ori-

514 1363 877 1451 bcrgensis.
978 1358 1273 1427 Abiturit
1331 1357 1533 1422 etiam
1596 1353 1908 1438 oruciqer.
2011 1352 2258 1418 Hessus
2310 1352 2473 1416 item

517 1453 680 1519 abiit
720 1451 895 1517 bona
936 1469 1094 1532 pace
1143 1442 1457 1510 Caesaris.
1543 1443 1697 1525 Ipso
1741 1440 1847 1506 die
1891 1440 2181 1523 corporis
2222 1437 2473 1503 Christi

516 1547 832 1607 venatum
874 1536 1142 1601 iverunt
1191 1530 1344 1597 otho
1386 1527 1703 1595 Henricus
1743 1534 1811 1592 et
1851 1527 2118 1592 Elector
2138 1524 2475 1590 Branden·

520 1624 862 1708 hamensis.
957 1620 1082 1685 Ille
1125 1620 1196 1683 in
1240 1617 1507 1682 civitate
1552 1636 1673 1680 sua
1726 1611 2108 1679 Neumarck
2166 1631 2473 1695 pompam

518 1720 584 1776 et
663 1705 1345 1793 circumgestationem
1431 1700 1825 1768 sacramenti
1899 1698 2046 1764 fieri
2120 1696 2473 1781 prohibuit.

517 1795 733 1864 Faber
749 1798 807 1880 3>
866 1800 1163 1860 mortuus
1218 1796 1350 1869 est,
1409 1789 1749 1873 episcopus
1804 1786 1968 1851 item
2025 1782 2476 1850 seccoviensis

516 1889 585 1949 et
626 1882 915 1947 decanus
956 1874 1491 1944 wormaciensis.
1581 1872 1876 1939 Advenit
1918 1869 2184 1954 quidam
2228 1867 2474 1953 episco-

518 1989 644 2052 pus
687 1967 1065 2052 Ungaricus
1106 1963 1611 2037 Franciscanus,
1667 1958 1780 2042 qui
1825 1965 2037 2023 status
2072 1954 2349 2038 Imperii
2393 1951 2477 2018 ad

518 2054 790 2121 ferenda
831 2050 1121 2118 subsidia
1155 2058 1385 2116 contra
1405 2048 1690 2113 Turcam
1723 2044 1980 2109 fortiter
2022 2052 2124 2108 est
2154 2041 2474 2117 hortatae,

521 2138 763 2206 diserte
818 2138 1078 2213 dicens,
1150 2136 1351 2201 armis
1409 2153 1587 2198 nuno
1646 2130 1865 2214 potius
1923 2149 2120 2212 quam
2177 2125 2476 2211 precibus

520 2224 838 2295 adversus
882 2231 1142 2289 tantum
1197 2220 1454 2286 hostem
1499 2214 1943 2301 pugnandum.
2033 2214 2367 2281 Miserunt
2410 2217 2478 2277 et

518 2310 858 2379 Austriaci
901 2310 1150 2393 legatos
1188 2305 1649 2372 miserabiliter
1691 2307 1989 2387 petentes
2031 2299 2303 2365 auxilia:
2361 2298 2475 2363 ad-

516 2408 795 2464 ventare
840 2396 1018 2461 enim
1061 2393 1365 2458 maximis
1408 2390 1612 2473 copiis
1647 2388 1904 2453 hostem
1945 2394 2067 2452 etc.
2131 2389 2224 2450 At
2266 2384 2474 2449 nostri

518 2484 786 2551 interim
842 2480 923 2547 de
981 2477 1710 2546 transsubstantiatione
1769 2471 2127 2555 delitigant.
2233 2470 2294 2536 O
2353 2471 2476 2535 mi·

519 2591 736 2636 seram
794 2577 860 2634 et
911 2564 1278 2632 miserrime
1336 2563 1718 2644 dissipatam
1763 2557 2225 2625 Germaniam!
2315 2557 2477 2621 Pra-

518 2676 642 2741 gae
684 2656 1123 2738 conflagrasse
1167 2671 1383 2716 arcem
1428 2648 1676 2730 regiam
1691 2648 1751 2722 ⁴)
1809 2655 1877 2711 et
1925 2643 2163 2709 bonam
2217 2652 2474 2725 partem

518 2741 838 2820 civitatis,
907 2738 1175 2805 audiisti
1242 2736 1488 2818 opinor.
1598 2731 1770 2797 Cum
1830 2729 2090 2797 Calvino
2146 2727 2475 2793 nihildum

605 2850 715 2894 ere
759 2825 1093 2910 potuimus
1139 2821 1219 2888 de
1263 2820 1604 2886 vocatione
1642 2816 2037 2884 Gonevensi.
2126 2815 2261 2880 Per
2302 2835 2475 2878 nun-

521 2914 711 2980 dmas
769 2913 877 2980 hic
932 2909 1225 2976 manebit
1287 2908 1371 2974 ob
1430 2904 1777 2973 Gallorum
1832 2901 2296 2985 frequentiam,
2362 2900 2473 2983 qui

517 3000 649 3067 huc
706 3017 1070 3065 commeare
1135 2992 1348 3060 solent
1400 3000 1468 3058 et
1525 2988 1750 3056 audire
1807 2988 2302 3055 concionantem
2357 3006 2476 3050 sua

516 3086 770 3172 lingua.
860 3084 966 3149 De
1011 3082 1206 3147 rebus
1249 3079 1511 3156 nostris,
1570 3076 1665 3141 mi
1710 3075 2030 3159 Grynaee,
2090 3094 2250 3157 prae
2289 3072 2474 3138 luctu

516 3173 638 3238 vix
695 3168 981 3238 scribere
1038 3187 1327 3251 possum.
1434 3163 1618 3230 Obiit
1673 3162 1814 3228 hori
1860 3167 2044 3245 peste
2098 3158 2271 3225 filius
2320 3158 2475 3224 Ger·

519 3257 669 3324 belii
712 3257 941 3333 nostri,
963 3254 1019 3340 ⁶)
1062 3250 1583 3319 adolescentulus
1638 3248 1968 3313 maximae
2026 3247 2200 3330 spei:
2268 3265 2476 3328 neque

518 3344 698 3410 enim
744 3340 1095 3407 habuimus
1137 3359 1333 3422 quem
1374 3337 1500 3420 ipsi
1543 3334 2041 3420 praeferremus.
2129 3332 2350 3397 Mater
2392 3351 2474 3395 ex

519 3448 784 3514 spasmo
838 3433 908 3492 et
965 3425 1301 3492 abortione
1352 3423 1449 3488 ita
1491 3420 1823 3488 decumbit
1880 3426 1955 3484 ut
2010 3417 2251 3502 exigua
2302 3417 2478 3482 vitae

521 3535 672 3601 spes
715 3516 806 3579 sit
846 3512 1116 3595 reliqua.
1206 3509 1430 3591 Quam
1481 3508 1683 3591 igitur
1740 3505 2023 3571 afflictus
2067 3505 2154 3569 sit
2193 3504 2478 3587 optimus

518 3608 729 3688 pater,
775 3598 967 3666 facile
1008 3597 1306 3662 divinare
1348 3601 1551 3679 potes.
1571 3596 1629 3671 ⁶)
1693 3591 1957 3658 Allatas
1993 3602 2095 3657 est
2138 3591 2296 3656 item
2332 3588 2478 3654 heri

520 3687 713 3755 nobis
778 3686 1160 3751 Tilmannus
1212 3681 1605 3759 Bernensis,
1661 3677 1777 3745 sed
1833 3684 2149 3742 mortuus.
2238 3675 2479 3741 Tribus

521 3775 698 3840 enim
743 3771 1135 3837 milliaribus
1179 3768 1261 3834 ab
1304 3766 1465 3832 urbe
1509 3773 1740 3830 nostra
1781 3764 2159 3847 exspiravit.
2223 3762 2479 3826 Verum

524 3859 605 3925 de
665 3859 790 3925 hac
842 3878 914 3923 re
962 3854 1283 3940 prolixius
1337 3851 1421 3917 ad
1466 3851 1842 3935 Myconium.
1946 3849 2371 3915 Decumbunt
2413 3852 2481 3911 et

522 3946 635 4010 alii
678 3944 793 4028 qui
838 3965 920 4009 ex
967 3941 1177 4008 officio
1220 3939 1385 4004 mihi
1426 3936 1773 4005 accedendi
1818 3944 1991 4003 sunt.
2072 3933 2212 4001 Nec
2258 3932 2480 4016 Capito

522 4031 617 4097 ita
675 4029 856 4096 valet
876 4031 933 4112 ⁷)
1000 4035 1076 4092 ut
1130 4027 1418 4092 rationes
1489 4023 1797 4091 ecclesiae
1863 4029 2128 4087 nostrae
2184 4021 2476 4104 exigunt.

524 4115 661 4184 Sed
706 4123 782 4180 tu
827 4116 1007 4193 vale,
1062 4113 1157 4178 mi
1208 4112 1512 4197 Grynaee‚
1556 4112 1627 4177 in
1670 4107 1975 4175 Domino,
2067 4105 2329 4173 Cursim
2375 4109 2476 4170 27.

519 4202 718 4269 Iunii.
808 4198 1138 4267 Rescribe.

1822 4279 2166 4346 Bedrotus.

735 4493 797 4555 2)
842 4493 934 4547 Sic
976 4494 1142 4547 etiam
1188 4491 1472 4546 Luam-us
1528 4488 1801 4544 iudicavit
1846 4490 1912 4555 σί.
1960 4487 2233 4556 Herqanq
2286 4504 2338 4555 p.
2390 4485 2476 4553 19,

532 4563 897 4621 Mam-hcine&
930 4562 1039 4617 IV.
1084 4560 1195 4615 100.
1258 4559 1504 4627 Planck,
1552 4559 1676 4613 III.
1710 4559 1777 4625 2,
1826 4574 1881 4629 p.
1922 4558 2036 4612 136.
2118 4556 2207 4611 De
2243 4555 2290 4610 0

526 4642 711 4690 men
751 4631 811 4687 0.
858 4631 1065 4693 mitius,
1102 4647 1269 4699 quam
1314 4630 1365 4683 h.
1400 4629 1434 4683 1.
1471 4628 1816 4698 perhibemr,
1874 4627 2010 4682 dicit
2052 4627 2119 4680 in
2154 4626 2312 4680 Actis
2349 4623 2478 4679 Rat.

535 4704 673 4774 Opp.
720 4703 778 4756 T.
825 4700 1146 4770 V.p.652,
1194 4699 1313 4753 663.
1392 4698 2308 4767 Qaaeiamseqmmmexore
2351 4693 2479 4750 Cal-

738 4843 798 4907 3)
840 4839 1154 4909 Episcopus
1196 4837 1635 4893 Vindoboneasis
1669 4836 1803 4891 obiit
1837 4835 1890 4889 d.
1925 4834 2009 4888 21.
2048 4832 2216 4888 Maii.

735 4909 797 4973 4)
836 4908 1095 4963 Fulmina
1128 4912 1344 4960 tactam.

740 4979 794 5041 5)
836 4979 964 5033 Nic.
1001 4976 1288 5031 Gerbelius
1330 4973 1687 5039 Phorcensis,
1742 4972 1912 5028 [Otus
1957 4978 2007 5026 et
2049 4972 2151 5027 litt.
2188 4971 2332 5025 Imm
2372 4973 2481 5027 Ar-

530 5049 807 5120 gentorati
830 5047 1132 5171 professor:
1374 5114 1385 5124 ι

739 5118 791 5186 ὃ)
863 5133 907 5171 κ
950 5130 1201 5184 maa-ymo
1246 5112 1501 5167 adantum
1543 5112 1773 5180 layum.-
1826 5111 2067 5181 Oporino
2120 5111 2298 5165 indica
2344 5128 2483 5165 mor-

534 5198 687 5242 tuum
725 5205 843 5241 esse
882 5187 1145 5240 iuniorem
1183 5184 1497 5237 Gerbelium
1532 5191 1596 5235 ut
1630 5188 1842 5251 patrem
1878 5180 2053 5235 adhuc
2087 5181 2484 5235 inconsolabili·

536 5266 622 5311 ter
656 5258 932 5327 lugentem
969 5252 1250 5323 epitaphio
1284 5252 1468 5321 aliquo
1502 5256 1730 5304 recreet.

747 5323 800 5387 7)
834 5341 902 5378 m.
942 5321 1249 5378 Novem-bre
1280 5321 1505 5375 ineunte
1538 5318 1854 5374 moriturus.

2052 470 2585 541 EPISTOLAE
2630 472 2987 536 329—330.

4405 465 4532 526 244

3477 651 3630 723 3³⁰.

3052 807 3493 878 mensu
3516 808 3565 894 Ι)
3608 804 4045 874 oALvluO.

2758 984 3027 1051 Gratias
3082 983 3215 1066 ayit
3269 982 3328 1047 ei
3380 981 3458 1046 de
3510 979 3716 1046 literis
3769 978 3896 1044 sibi
3947 979 4233 1059 seriptis,
4294 982 4352 1043 et
4389 977 4535 1060 fuse

2576 1072 2861 1152 disputat
2897 1070 2972 1135 de
3012 1066 3414 1134 matrimonio
3455 1070 3510 1131 et
3562 1064 3892 1144 caelibatu,
3949 1066 4132 1130 caius
4185 1063 4536 1130 aestimatio

2579 1160 2650 1223 in
2692 1156 3110 1223 Bohemorum
3143 1158 3310 1219 coetu
3343 1152 3698 1233 peculiaris
3740 1154 3845 1229 est,
3890 1155 4022 1216 tam
4064 1151 4303 1234 leyibus
4343 1170 4535 1233 qaam

2578 1244 2866 1326 opinione
2907 1241 3082 1325 valyi
3122 1240 3381 1305 sancita.

2582 1414 2690 1483 (Ex
2724 1412 3063 1482 autographo
3098 1410 3245 1464 Bibl.
3281 1407 3679 1543 ἰωροιὲοἷαιῖίῖ).
3751 1406 3974 1462 Collect.
4011 1408 4210 1480 Dupny
4246 1406 4377 1462 God.
4416 1406 4533 1474 268,

2578 1687 2848 1753 Eximio
2902 1687 3048 1753 viro
3105 1684 3191 1751 D.
3237 1685 3471 1751 Ioanni
3529 1682 3805 1749 Calvino
3856 1682 4198 1748 literarum
4253 1705 4338 1749 ss.
4385 1704 4534 1767 pro-

2580 1773 2814 1840 fessori
2855 1772 3277 1839 celeberrimo
3324 1792 3400 1836 ac
3441 1769 3693 1853 pastori
3736 1768 4046 1835 ecclesiae
4090 1769 4362 1854 gallicae
4405 1770 4535 1835 Ar-

2795 1859 3124 1942 gentorati
3165 1858 3353 1922 fratri
3398 1855 3563 1920 mihi
3606 1854 3966 1938 plurimum
4009 1856 4305 1921 amando.

2753 1995 3015 2062 Caritas
3055 1993 3590 2078 placabilitasque
3622 1989 3752 2056 Dei
3797 1993 3999 2075 patris
4034 2014 4152 2076 per
4193 1993 4537 2060 Christum

2581 2083 2790 2149 filium
2859 2103 3053 2148 suum
3162 2080 3498 2153 romerita,
3559 2098 3600 2143 a
3656 2077 3892 2161 spiritu
3948 2090 4175 2145 sancto
4232 2079 4537 2146 cordibus

2579 2169 2817 2247 infusa,
2865 2187 3114 2251 evange
3147 2167 3204 2231 ‘o
3238 2164 3671 2250 promulgata,
3716 2185 3756 2228 a
3789 2165 4100 2247 vobisque
4139 2187 4288 2231 cum
4323 2166 4538 2232 multa

2579 2253 2822 2320 fiducia
2863 2260 3145 2335 recepta,
3190 2251 3274 2317 ad
3317 2270 3538 2318 veram
3585 2269 3810 2334 pacem
3855 2271 4016 2335 erga
4056 2252 4274 2316 Deum
4319 2273 4535 2335 spem-

2583 2362 2708 2424 que
2740 2340 2951 2405 vitam
2988 2346 3327 2403 aeternam
3356 2335 3724 2420 possidendi
3761 2336 4150 2415 habendam,
4188 2337 4360 2403 adsit
4394 2337 4533 2417 tibi,

2581 2427 2784 2492 frater
2824 2425 3012 2491 nobis
3055 2426 3125 2489 in
3169 2423 3437 2489 Christo
3480 2421 3846 2488 carissime!

2752 2563 3109 2646 Nunquam
3153 2560 3379 2644 putavi
3422 2559 3783 2643 cogitavive
3826 2580 3865 2623 a
3909 2566 3973 2624 te
4016 2558 4348 2643 quidpiam
4391 2560 4538 2626 lite-

2580 2670 2807 2715 rarum
2851 2648 3018 2712 mihi
3061 2646 3289 2712 datum
3331 2646 3431 2722 iri,
3481 2647 3582 2711 vir
3625 2645 3894 2722 eximie,
3953 2646 4105 2711 licet
4146 2645 4537 2729 quibusdam

2578 2735 2946 2801 libellorum
2986 2741 3247 2798 tuorum
3284 2732 3488 2809 lectis,
3532 2733 3811 2814 ipsemet
3844 2730 3924 2796 de
3959 2740 4043 2811 te,
4080 2732 4228 2816 quis
4263 2732 4354 2799 sis
4390 2732 4537 2799 ubi-

2577 2843 2701 2905 que
2736 2821 3025 2887 locorum
3046 2818 3243 2901 degas
3277 2815 3568 2883 crebrius
3603 2824 4024 2899 percontatus
4069 2819 4215 2897 sim,
4262 2818 4535 2902 aliisque

2579 2903 2954 2974 sciscitandi
3000 2904 3405 2988 provinciam
3440 2902 3860 2968 iniunxerim.
3929 2903 4124 2969 Nunc
4169 2925 4323 2970 vero
4371 2904 4537 2970 nihil

2579 2993 2712 3059 tale
2757 2998 3244 3076 exspectantem
3288 2988 3500 3054 literis
3545 2990 3674 3053 tuis
3716 3010 3823 3053 me
3857 2989 4156 3055 invisisti.
4231 2988 4293 3056 Ο
4336 3011 4537 3073 quam

2581 3087 2837 3164 gratam
2883 3098 3024 3143 rem
3069 3074 3229 3141 mihi
3275 3075 3501 3141 fecisti.
3601 3075 3753 3139 Non
3793 3073 4007 3140 solum
4051 3075 4228 3140 enim
4273 3097 4536 3160 compos

2581 3166 2716 3233 voti
2752 3164 2882 3229 mei
2941 3164 3152 3229 factus
3197 3182 3371 3239 sum,
3428 3181 3665 3226 verum
3719 3161 3984 3226 vultum
4039 3182 4293 3244 quoque
4347 3170 4534 3228 tuum

2579 3250 2865 3317 hominis
2923 3249 3166 3314 interni
3231 3247 3542 3331 graphice
3599 3244 3763 3311 mihi
3818 3245 4201 3330 depinxisti,
4272 3256 4348 3312 ut
4402 3269 4535 3314 non

2581 3337 2780 3402 alium
2843 3343 2910 3401 te
2961 3355 3103 3401 esse
3160 3342 3384 3417 putem
3437 3354 3636 3416 quam
3694 3342 4065 3398 consortem
4110 3332 4359 3399 Christi
4402 3335 4535 3400 fra-

2582 3432 2889 3506 trumque
2951 3431 3337 3486 renatorum
3414 3418 3612 3485 simul
3675 3439 3750 3484 ac
3813 3440 4067 3497 meum,
4143 3427 4209 3483 et
4271 3417 4535 3485 fidelem

2581 3510 2957 3574 ministrum
3002 3526 3078 3573 ac
3120 3511 3366 3572 socium
3408 3505 3481 3570 in
3526 3503 3866 3588 evangelio
3910 3503 4180 3571 Christi.
4247 3505 4533 3591 Magnas

2581 3595 2787 3680 igitur
2828 3592 3038 3659 habeo
3081 3592 3197 3658 tibi
3237 3592 3482 3676 gratias
3525 3589 3696 3673 quod
3742 3589 3903 3655 adeo
3945 3589 4334 3656 familiarem
4376 3612 4532 3676 pro-

2583 3700 2985 3765 pensumquo
3028 3688 3095 3744 te
3135 3677 3304 3742 mihi
3357 3675 3768 3753 exhibueris,
3820 3677 3892 3741 in
3925 3675 4328 3742 orationibus
4370 3698 4531 3761 quo-

2580 3787 2708 3850 que
2753 3766 2883 3832 tuis
2916 3766 3047 3831 mei
3082 3784 3332 3829 memor
3363 3783 3498 3827 non
3533 3760 3994 3828 obliviscendo.
4059 3763 4207 3846 Ego
4240 3763 4534 3829 vicissim

2581 3872 2812 3937 parem
2846 3851 2962 3917 tibi
2999 3851 3243 3916 referre
3279 3849 3558 3934 gratiam
3599 3846 3771 3930 apud
3806 3869 3912 3913 me
3952 3849 4377 3927 constituens,
4413 3848 4535 3913 ibi-

2584 3938 2733 4004 dem
2787 3938 2998 4003 facerc
3063 3958 3195 4001 non
3246 3934 3640 4012 intermitto,
3712 3931 4018 4017 haudque
4080 3934 4532 4000 intermittam.

2584 4027 2767 4091 Deus
2809 4020 3123 4089 concedat
3160 4020 3348 4087 nobis
3391 4027 3481 4099 ut,
3527 4019 3586 4086 si
3620 4040 3750 4084 non
3785 4017 3910 4098 hic,
3955 4020 4028 4084 in
4071 4019 4266 4085 coelis
4309 4028 4536 4086 tamen

2583 4111 2748 4176 facie
2805 4109 2888 4175 ad
2951 4108 3187 4174 faciem
3253 4127 3374 4171 nos
3442 4105 3730 4170 invicem
3802 4104 4295 4187 conspiciamus.
4395 4106 4534 4173 Nos

2582 4197 2873 4281 profecto
2918 4213 3314 4278 magnopere
3355 4192 3543 4257 vobis
3586 4189 4028 4275 gratulamur,
4086 4191 4423 4257 audientes
4466 4199 4535 4258 et

2583 4303 2658 4348 re
2702 4283 2844 4366 ipsa
2898 4281 3341 4364 experientes,
3393 4275 3565 4360 quod
3612 4277 3793 4341 Deus
3838 4273 3996 4360 Opt.
4039 4277 4223 4342 Max.
4285 4298 4361 4343 eo
4418 4296 4533 4343 vo-

2581 4368 2900 4435 luntatem
2944 4376 3343 4448 conatusque
3378 4372 3630 4428 vestros
3674 4361 3932 4446 dirigat,
3978 4369 4054 4426 ut
4095 4362 4534 4429 ministerium

2584 4475 2824 4538 purum
2865 4474 2906 4518 a
2948 4450 3215 4518 Christo
3257 4450 3413 4515 Iesu
3456 4448 3837 4513 institutum
3880 4446 4411 4532 ordinatumque,
4468 4459 4535 4515 et

2583 4542 2651 4606 in
2697 4539 2970 4606 ecclesia
3009 4537 3346 4622 primitiva
3389 4535 3801 4600 observatum
3822 4585 3837 4610 ,
3899 4533 4208 4600 ecclesiae
4267 4542 4533 4602 sanotae

2584 4648 2760 4693 nunc
2801 4624 3204 4700 restituatur,
3241 4640 3370 4704 quo
3411 4620 3480 4683 in
3522 4618 3652 4684 fide
3689 4639 3844 4685 vera
3877 4620 4374 4704 cognitioneque
4394 4622 4536 4688 Do-

2583 4713 2749 4777 mini
2836 4709 3043 4776 nostri
3113 4708 3269 4774 Iesu
3340 4703 3589 4772 Christi
3667 4708 3974 4771 renovari
4063 4707 4535 4793 reformarique

2797 4933 2857 4996 1)
2895 4932 2979 4986 Io.
3015 4929 3274 4998 Amynta
3303 4927 3621 4996 Praqensis,
3659 4932 3829 4981 natas
3861 4946 3914 4981 a.
3961 4925 4107 4994 1500,
4145 4946 4296 4984 anm
4331 4933 4533 4986 aetatis

2588 5002 2847 5071 vigesimo
2880 5005 3079 5069 quarto
3110 4999 3351 5060 fratrum
3368 4997 3733 5078 Boheqqaomm
3755 4996 3932 5051 coetui
3965 5011 4023 5050 se
4055 4998 4336 5066 adium-ml,
4374 5000 4533 5082 apud

2587 5086 2724 5140 quos
2756 5075 3009 5151 pov-‘octo
3041 5068 3157 5135 fere
3188 5067 3368 5120 antra
3403 5071 3824 5121 concionator&
3851 5066 4081 5134 praesul
4110 5068 4224 5134 fuit
4256 5085 4533 5125 ammae

2588 5144 2926 5195 autor-utatis.
2998 5136 3122 5192 Rex
3156 5135 3558 5190 Fer-dinamus
3590 5152 3713 5188 eam
3787 5151 3848 5188 er
3890 5134 4120 5189 sedecim
4173 5153 4355 5192 armos
4388 5138 4531 5193 duro

2585 5211 2652 5264 in
2684 5223 2901 5263 carcere
2946 5206 3199 5261 detinuit.
3270 5204 3360 5258 De
3407 5221 3513 5274 quo
3564 5204 3689 5259 vide
3776 5203 3901 5271 0121,
3950 5203 4123 5260 bolam.
4161 5206 4409 5262 Gelda-te
4443 5208 4528 5263 II.

2588 5278 2654 5333 67
2701 5292 2811 5346 seq.
2882 5276 3177 5342 Bucholtz,
3228 5273 3563 5328 Fer-dinami
3608 5274 3659 5327 I.
3707 5273 3816 5328 Ba.
3864 5275 3929 5339 6,
3978 5272 4083 5327 432
4125 5273 4186 5340 ff.
4273 5276 4475 5332 Gindel
4511 5317 4528 5345 ,

2589 5347 2759 5403 bolom.
2806 5345 3031 5400 Brada-
3077 5345 3127 5399 I.
3174 5342 3280 5397 220
3321 5349 3374 5397 et
3412 5343 3639 5412 passim.
3735 5341 3976 5396 Lachere
4019 5342 4245 5413 Bn‘efe,
4309 5346 4391 5400 ed.
4445 5293 4532 5400 ὅε

2536 5390 2542 5437 ¹
2603 5414 2785 5471 mue.
2828 5414 2891 5470 V.
2928 5414 3046 5470 500.
3118 5412 3468 5480 secacum,
3511 5412 3613 5467 VI.
3649 5412 3767 5467 466.
