5050 6167
710 437 837 500 '779

706 644 916 709 quum
982 622 1364 706 praesertim
1418 620 1546 687 alio
1600 628 1838 687 vocent
1902 642 1949 684 n
2033 620 2181 685 otia.
2281 620 2426 685 Iam
2491 620 2669 685 enim

711 709 978 776 iubente
1035 710 1177 775 viro
1233 706 1317 772 D.
1367 707 1625 774 Oomite
1650 708 1735 790 ¹¹)
1794 727 1932 771 rem
2018 707 2383 771 amiliarem
2436 727 2668 788 procu-

712 796 1022 862 rabimus.
1126 793 1351 876 Quum
1411 795 1588 859 enim
1655 791 2054 858 iudicassent
2108 793 2190 857 D.
2249 791 2539 858 Bueems
2604 800 2670 857 et

717 881 1041 948 Sturmius
1082 880 1379 963 iniquam
1430 899 1756 946 summam
1811 883 1934 943 558
1993 899 2340 943 aureorum
2382 877 2670 961 persolvi

712 976 942 1033 nostro
964 966 1254 1044 Antonia,
1298 974 1493 1049 atque
1527 965 1640 1030 ille
1676 965 1947 1030 minoris
1991 985 2062 1029 se
2105 983 2295 1047 posse
2336 985 2459 1029 nos
2494 963 2669 1028 alere

712 1063 1005 1139 negaret,
1049 1054 1144 1117 ita
1184 1055 1399 1117 visum
1455 1059 1555 1117 est
1599 1052 1682 1116 D.
1728 1050 1986 1116 Comiti.
2075 1051 2256 1133 Ergo
2299 1058 2483 1133 potes
2524 1050 2668 1132 ipse

711 1141 1029 1207 coniicere
1085 1149 1407 1221 quantum
1465 1159 1643 1203 nunc
1695 1136 1784 1202 sit
1826 1136 1992 1201 mihi
2031 1136 2403 1212 turbarum,
2464 1156 2667 1216 quum

711 1225 782 1292 in
825 1223 1261 1307 comparanda
1300 1223 1763 1307 suppellectile,
1808 1230 1953 1286 tum
1990 1221 2071 1287 ob
2114 1229 2255 1286 tam
2291 1224 2501 1287 sancti
2539 1221 2668 1285 viri

711 1309 1253 1377 dissociationem.
1319 1310 1643 1375 Dominus
1683 1308 1782 1373 illi
1828 1307 1939 1373 det
1981 1307 2423 1374 conditionem
2466 1307 2668 1371 etiam

711 1397 841 1463 ista
881 1396 1245 1462 lautiorem.
1335 1396 1536 1461 Pueri
1581 1395 2057 1478 aliquantulum
2093 1395 2191 1476 (ut
2215 1395 2341 1460 scis
2362 1413 2506 1459 esse
2525 1394 2669 1458 istis

711 1481 1089 1549 hominibus
1150 1482 1419 1546 solenne
1482 1501 1618 1545 non
1681 1478 2035 1545 admodum
2110 1480 2337 1544 literas
2406 1478 2669 1559 curare)

710 1568 1084 1654 proficiunt.
1195 1567 1280 1632 In
1334 1567 1624 1633 moribus
1681 1574 1749 1632 et
1806 1567 2047 1648 pietate
2104 1567 2197 1632 sic
2250 1566 2442 1632 satis:
2510 1585 2668 1628 nam

714 1654 984 1720 omnino
1036 1654 1255 1720 faciles
1324 1653 1433 1719 hic
1494 1653 1811 1735 experior.
1912 1652 2106 1717 Alter
2164 1660 2342 1717 totus
2400 1650 2667 1733 liuguae

712 1739 990 1826 gallicae
1042 1737 1391 1817 incumbit,
1451 1738 1616 1803 alter
1669 1759 1820 1804 cum
1881 1737 2138 1823 gallicis
2205 1739 2405 1803 etiam
2463 1736 2668 1801 latina

712 1824 936 1893 studia
998 1826 1357 1910 coniungit.
1467 1825 1612 1908 Ego
1676 1823 1809 1888 illis
1888 1823 2144 1889 ostendi
2207 1833 2358 1889 tuas
2423 1822 2664 1887 literas.

712 1910 752 1977 1
799 1911 855 1976 si
897 1911 1255 1994 plurimum
1308 1920 1374 1976 te
1425 1910 1656 1976 iubent
1699 1909 1972 1976 salvere.
2061 1910 2428 1994 Dionysius
2471 1911 2670 1973 etiam

859 2017 1021 2076 eruo,
1079 1998 1189 2081 qui
1233 1996 1340 2061 hic
1384 2004 1512 2076 est,
1578 1996 1697 2060 tibi
1740 1996 2018 2062 salutem
2065 2006 2264 2079 optat.
2353 1995 2669 2072 Uxorem,

712 2082 796 2149 D.
847 2083 1162 2148 Davidem
1178 2132 1193 2161 ,
1255 2084 1527 2148 fratrem
1546 2134 1560 2159 ,
1629 2081 1968 2148 Nicolaum
1983 2132 1999 2162 ,
2070 2082 2668 2158 Sanetandreanum,

713 2166 1102 2235 Maldonade
1142 2188 1293 2235 cum
1337 2168 1724 2253 coniugibus
1759 2167 2121 2251 plurimum
2158 2167 2414 2234 salvere
2456 2166 2666 2230 iubeo.

711 2253 1039 2321 Dominus
1084 2264 1292 2318 totam
1337 2254 1675 2321 ecclesiam
1721 2261 1955 2319 servet.
2026 2255 2268 2319 Nostra
2303 2261 2370 2317 te
2404 2252 2668 2326 salutat,

710 2359 791 2406 ac
823 2361 942 2423 pro
978 2350 1044 2404 te
1078 2341 1276 2405 etiam
1311 2341 1570 2424 publice
1606 2340 1834 2405 diebus
1869 2339 2213 2406 dominicis
2249 2349 2410 2404 orat.
2479 2338 2670 2402 Iesus

711 2423 1021 2492 Christus
1067 2435 1130 2491 te
1174 2428 1464 2513 sospitet
1489 2448 1565 2492 ac
1610 2426 1846 2509 spiritu
1891 2447 2008 2492 suo
2048 2437 2313 2491 auctum
2365 2423 2478 2490 diu
2513 2442 2671 2490 suae

710 2518 935 2578 servet
975 2511 1367 2578 incolumem
1415 2512 1738 2578 ecclesiae.
1829 2512 2103 2597 Raptim
2145 2511 2552 2596 Argentinae
2595 2514 2671 2572 4⁰

715 2594 857 2662 cal.
903 2597 1213 2664 Decemb.
1268 2603 1447 2662 1544.

1123 2735 1267 2801 'ribi
1304 2735 1376 2799 in
1411 2734 1677 2802 Christo
1713 2734 2175 2802 devotissimus
2210 2734 2387 2800 filius
2432 2740 2499 2799 et
2537 2731 2668 2797 dis-

1330 2820 1586 2905 cipulus

1784 2940 2200 3007 Valerandus
2243 2939 2582 3007 Pollanus.

1610 3507 1767 3577 588.

1198 3659 1699 3728 FARELLUS
1742 3657 2178 3727 GALVINO.

881 3830 984 3898 De
1038 3830 1221 3897 rebus
1268 3832 1634 3914 propediem
1689 3832 1943 3898 Bernae
1989 3832 2335 3899 tracta-ndis
2377 3834 2667 3915 pessima

703 3938 987 4003 quaeque
1044 3922 1414 4000 auyuratur.
1529 3917 1632 3983 De
1683 3917 1996 4001 fratribus
2051 3920 2192 3984 suis
2244 3919 2317 3983 in
2378 3918 2668 3984 Galliam

694 4002 1902 4173 ffimwmmffl
1926 4002 2373 4170 diff&
2394 4002 2667 4087 ‘mm

712 4259 825 4324 (Ex
869 4258 1206 4328 autographo
1242 4257 1612 4314 Bibliothecae
1659 4265 1937 4329 pastorum
1984 4259 2449 4314 Neocomensium.
2522 4259 2663 4330 Epp.

1326 4327 1526 4383 Fal-elli
1559 4329 1686 4382 fasc.
1723 4329 1795 4383 11.
1830 4328 1898 4384 N.
1933 4327 2048 4395 25.)

877 4513 1274 4582 Doctissimo
1345 4524 1415 4582 et
1481 4517 1982 4602 vigilantissimo
2047 4516 2292 4601 pastori
2351 4516 2663 4582 ecclesiae

710 4600 1129 4700 Genevensis
1148 4688 1163 4703 .
1192 4601 1430 4666 Ioanni
1495 4602 1779 4669 Calvino
1841 4603 2027 4668 fratri
2108 4610 2175 4667 et
2253 4611 2660 4688 symmystae

701 4706 900 4772 quam
943 4705 1274 4755 carisslmo

2064 4774 2397 4840 Genevae.

876 4907 948 4976 S.
1016 4907 1299 4994 Scripsit
1343 4909 1471 4977 huc
1516 4911 1749 4995 aliquis
1792 4911 1877 4977 ad
1921 4909 2225 4990 amicum,
2271 4910 2445 4976 diem
2488 4911 2656 4977 Ber-

700 5015 829 5062 nae
871 4994 1113 5062 dictam
1156 5018 1299 5064 esse
1332 4995 1414 5062 ad
1460 4996 1633 5063 diem
1667 4996 1850 5064 Iovis
1884 5009 2189 5081 quartam
2235 4997 2435 5063 huius
2468 5018 2655 5064 men-

874 5247 2651 5359 nim-macenopuamuhuospwaamofflaom

2261 430 2790 498 EPISTOLAE
2838 425 3178 497 587-‘590

4589 444 4702 510 780

2772 620 2893 697 sis,
2950 620 3017 685 in
3071 641 3201 702 qua
3252 627 3486 705 agetur
3538 617 3619 686 de
3671 641 3873 688 causa
3923 621 4380 689 eucharistiae.
4408 626 4453 703 ¹)
4549 626 4705 709 Quis

2773 707 2990 771 exitus
3044 707 3134 771 sit
3181 706 3662 789 exspectandus
3719 730 3851 773 uon
3907 708 4121 774 video.
4212 710 4358 775 Nisi
4401 711 4706 783 Dominus

2773 791 2876 858 sui
2919 790 3107 857 verbi
3151 794 3470 858 rationem
3511 792 3769 871 habeat,
3829 816 3914 860 ne
3958 795 4129 861 male
4175 796 4427 874 audiat,
4484 805 4546 862 et
4593 819 4705 882 pro

2773 876 3065 944 vindicta
3140 898 3334 961 quam
3393 899 3727 945 meremur
3791 901 4017 946 omnes
4082 881 4587 948 misericordiam
4645 896 4708 951 et

2772 984 2961 1046 opem
3004 964 3189 1040 ferat,
3234 964 3428 1048 plane
3462 986 3614 1030 cum
3648 966 3923 1032 ecclesia
3954 967 4192 1033 misere
4234 977 4482 1052 agetur.
4547 970 4709 1039 Nam

2771 1050 3099 1115 sincerum
3145 1050 3405 1131 pietatis
3448 1050 3741 1116 studium
3792 1073 3925 1116 non
3968 1050 4159 1118 video
4201 1053 4274 1117 in
4316 1053 4559 1133 multis,
4600 1057 4709 1123 sed

2771 1135 3044 1201 affectus
3096 1135 3286 1218 plene
3344 1136 3681 1203 humanos.
3769 1138 3907 1203 Res
3960 1146 4063 1204 est
4118 1140 4382 1221 pessimi
4440 1143 4710 1226 exempli

2772 1228 2842 1285 et
2882 1222 3047 1286 mire
3090 1230 3323 1287 avocat
3363 1243 3403 1285 a
3445 1222 3680 1301 verbo,
3741 1223 4023 1307 facitque
4078 1234 4157 1289 ut
4209 1246 4402 1308 quam
4457 1228 4710 1311 plurimi

2772 1306 3088 1372 haereant
3128 1318 3195 1371 et
3237 1317 3478 1372 nutent
3528 1330 3727 1392 super
3770 1308 4065 1375 doctriua
4110 1331 4275 1394 quae
4319 1313 4709 1396 proponitur.

2773 1390 2850 1459 Si
2894 1391 3235 1458 dissidium
3276 1400 3612 1475 pastorum
3670 1396 3738 1459 in
3791 1416 3923 1459 una
3978 1395 4251 1462 ecclesia
4306 1407 4562 1463 tantum

2771 1486 2920 1557 test,
2964 1477 3119 1561 quid
3162 1478 3538 1545 incendium
3589 1480 3754 1546 illud
3798 1481 3969 1564 quod
4023 1481 4302 1566 flagrat?
4391 1484 4712 1550 Existimo

2772 1563 3090 1630 Satanam
3134 1565 3216 1630 ab
3258 1565 3427 1631 irato
3471 1565 3616 1631 Deo
3656 1565 3779 1632 hoc
3819 1566 4267 1649 permissionis
4314 1568 4585 1646 habore,
4640 1579 4713 1636 ut

2770 1650 3013 1733 passim
3059 1649 3314 1716 scindat
3357 1672 3466 1716 eos
3505 1652 3620 1734 qui
3673 1653 3972 1718 omnium
4015 1654 4536 1721 coniunctissimi
4577 1677 4713 1723 esse

2773 1735 3103 1813 deberent,
3150 1745 3218 1800 et
3259 1744 3486 1802 contra
3530 1737 3781 1803 Pilatos
3824 1749 3891 1803 et
3933 1739 4236 1806 Herodes
4282 1739 4517 1805 reddat
4558 1743 4714 1807 ami-

2772 1843 2882 1888 cos
2922 1830 2999 1887 ut
3039 1821 3377 1888 Christum
3422 1821 3717 1906 perdant.

2944 1908 3271 1990 Cuperem
3330 1931 3417 1973 ex
3483 1921 3547 1974 te
3608 1911 3851 1976 rescire
3916 1910 4074 1992 quid
4140 1910 4394 1977 consilii
4464 1921 4719 1995 captum

2772 1995 2974 2058 fuerit
3014 2015 3212 2076 super
3253 1994 3335 2060 iis
3369 2016 3535 2076 quae
3578 1995 3877 2080 perditus
3916 1994 4156 2061 nebulo
4172 1997 4230 2078 ⁴²)
4277 1996 4360 2062 ad
4398 1998 4722 2082 Morgien-

2774 2100 2914 2145 sem
2963 2079 3239 2145 classem
3278 2081 3539 2163 scripsit
3595 2081 3677 2147 de
3719 2082 3920 2147 missa
3975 2092 4044 2146 et
4087 2083 4249 2157 aliis,
4296 2083 4412 2149 ubi
4465 2085 4562 2150 tui
4593 2105 4723 2149 me-

2776 2167 2988 2244 minit,
3034 2175 3101 2230 et
3144 2174 3208 2230 te
3249 2166 3320 2230 in
3363 2174 3697 2232 certamen
3740 2173 3934 2234 vocat
3976 2189 4124 2233 cum
4161 2168 4328 2248 aliis,
4387 2180 4464 2235 ut
4505 2170 4724 2236 fucum

2772 2251 2972 2316 faciat
3011 2251 3268 2317 miseris
3311 2252 3616 2318 seductis.
3707 2252 3903 2333 Quod
3947 2275 4080 2319 non
4123 2252 4385 2319 videtur
4430 2276 4575 2320 esse
4613 2276 4726 2320 ne-

2773 2336 3188 2422 gligendum:
3248 2338 3551 2420 quamvis
3598 2351 3730 2418 tam
3776 2339 4091 2405 scelestus
4133 2339 4370 2406 nebulo
4418 2339 4726 2424 indignus

2775 2425 2861 2488 sit
2916 2422 3255 2506 colloqui0.
3360 2421 3496 2489 Sed
3551 2424 3826 2494 aliorum
3882 2425 4245 2491 aedificatio
4303 2425 4496 2492 nobis
4553 2423 4729 2493 cordi

2774 2530 2916 2575 esse
2975 2508 3186 2574 debet.
3289 2506 3368 2574 Si
3425 2509 3644 2592 palam
3687 2519 3921 2594 posset
3973 2513 4083 2595 agi
4138 2533 4287 2577 cum
4337 2512 4458 2578 illo
4519 2511 4600 2578 de
4649 2512 4727 2577 iis

2773 2616 2940 2677 quae
2997 2615 3067 2659 se
3125 2595 3386 2679 scripsit
3445 2596 3801 2675 tuiturum,
3874 2617 4006 2662 non
4057 2618 4286 2679 parum
4346 2599 4598 2664 faceret
4649 2595 4729 2663 ad

2770 2681 3293 2832 1aedificationem
3356 2680 3733 2748 multorum.
3846 2681 4173 2765 Dispicics
4252 2683 4308 2748 si
4383 2686 4522 2749 iam
4600 2703 4730 2749 non

2798 2787 3020 2833 ecens.

2947 2853 3053 2919 De
3111 2850 3422 2919 fratribus
3490 2853 3655 2919 meis
3673 2854 3731 2935 ⁸)
3790 2875 3921 2919 non
3993 2854 4158 2920 nihil
4217 2876 4459 2940 angor,
4534 2875 4731 2938 quum

2775 2938 2946 3003 nihil
2979 2958 3249 3021 prorsus
3293 2938 3558 3004 audiam
3592 2947 3662 3004 et
3695 2941 3742 3004 ii
3785 2962 3824 3005 a
3856 2940 4068 3007 multo
4112 2952 4408 3024 tempore
4452 2943 4586 3008 iam
4621 2940 4732 3007 ab·

2775 3026 2925 3089 sint.
3028 3022 3104 3090 Si
3168 3023 3324 3108 quid
3379 3024 3693 3105 audieris,
3764 3026 3867 3092 fac
3919 3028 4227 3106 resciam,
4292 3037 4362 3093 et
4435 3027 4732 3111 precibus

2774 3131 2884 3177 eos
2937 3108 3196 3176 adiuva.
3285 3111 3432 3195 Ego
3489 3111 3772 3176 alterum
3832 3132 4058 3177 eorum
4115 3121 4376 3178 tantum
4435 3113 4731 3178 volebam

2773 3197 2996 3263 omnia
3035 3196 3345 3281 expedire
3362 3249 3376 3274 ,
3434 3195 3551 3263 sed
3603 3196 3955 3280 impetrare
4014 3219 4146 3263 non
4202 3201 4408 3282 potui.
4503 3199 4575 3264 Is
4632 3196 4731 3264 cui

2773 3284 2996 3349 literas
3039 3284 3122 3349 ad
3167 3282 3528 3368 Myconium
3581 3281 3817 3348 dedisti
3872 3284 4120 3367 accepit
4174 3296 4323 3350 tuas
4382 3285 4470 3350 ad
4530 3284 4731 3350 Buce-

2771 3391 2944 3435 rum:
2963 3370 3025 3452 ⁴)
3081 3391 3233 3435 uam
3291 3367 3540 3434 diutius
3584 3368 3758 3453 apud
3801 3369 4166 3437 Einardum
4221 3372 4562 3437 reservari
4603 3389 4733 3435 non

2775 3457 2995 3521 visum
3048 3455 3172 3519 fuit
3229 3453 3559 3537 expedire.
3662 3454 3876 3521 Hodie
3933 3456 4014 3521 ad
4075 3455 4436 3522 Sultmm
4494 3458 4732 3522 alteras

2773 3542 2941 3606 misi.
3031 3540 3200 3604 Vale
3244 3549 3312 3605 et
3352 3560 3580 3604 omues
3623 3538 3878 3606 salvere
3920 3541 4073 3606 iube
4092 3593 4106 3620 ,
4167 3563 4475 3622 uxorem,
4538 3541 4734 3610 Davi-

2772 3628 2927 3705 dem,
2977 3624 3417 3702 Germ-stonum,
3474 3645 3606 3690 non
3662 3637 4002 3709 praesente
4045 3627 4475 3695 Bernardino.
4565 3628 4732 3695 Neo-

2773 3713 2940 3778 comi
2989 3717 3041 3775 l.
3088 3710 3476 3778 Decembris
3527 3716 3707 3777 1544.

4027 3850 4333 3916 Fal-ellus
4383 3865 4562 3917 tuus.

2767 4197 2969 4308 ner'qnt
3106 4227 3484 4308 ωηῳορωηαα
3516 4227 3801 4282 discordia
3832 4227 3980 4282 mer
4011 4228 4397 4309 Zwsjnqzsanos
4433 4234 4490 4283 et

2766 4301 3091 4352 remeantes
3123 4300 3327 4362 actm-u,
3365 4301 3418 4350 et
3450 4311 3518 4350 ea
3553 4296 3621 4351 de
3652 4312 3715 4351 re
3747 4301 4000 4351 senatum
4035 4297 4195 4351 ada-e
4227 4297 4611 4353 decreverant.
4667 4296 4731 4353 18

2765 4370 2952 4420 autem
2985 4364 3354 4445 disceptantes
3388 4364 3673 4420 ministros
3706 4366 3783 4421 ad
3814 4380 3999 4420 nonae
4033 4365 4168 4420 Dee.
4204 4365 4424 4436 estana,
4463 4372 4518 4422 et
4551 4366 4730 4422 deere-

2765 4432 3078 4490 tiea.1542
3111 4450 3177 4487 m
3207 4434 3523 4489 mevaoriam
3544 4434 4366 4491 revocatiedenuonedieeidia
4400 4452 4516 4492 aua
4548 4447 4729 4490 corant

2759 4503 2914 4573 plebe
2946 4502 3395 4558 concionabnmdi
3425 4508 3732 4558 tractarent
3763 4504 3951 4559 vetuit.
3988 4503 4398 4574 (Raude-31⁸4).
4430 4505 4535 4561 189
4556 4503 4726 4573 aen.)

2974 4571 3032 4639 2)
3071 4570 3227 4625 Dum
3258 4572 3491 4626 meliora
3517 4573 3840 4628 edoceamur
3872 4572 3964 4627 hic
3981 4571 4333 4628 Carmelitam
4369 4574 4535 4629 man·
4565 4571 4731 4628 m

2762 4641 3120 4710 auspicamur
3166 4640 3386 4710 dequo
3432 4641 3877 4764 magraViretue
3925 4642 4006 4699 N.
4052 4641 4158 4697 584
4202 4643 4727 4700 etmooeGalm‘moe

2760 4709 2883 4780 ipse
2916 4709 2995 4764 ad
3028 4708 3316 4764 Fau-ellam
3350 4709 3428 4765 N.
3465 4709 3500 4764 5
3537 4710 3585 4765 1.

2965 4778 3028 4845 3)
3062 4777 3142 4833 N.
3178 4776 3286 4832 578
3315 4783 3430 4833 not.
3469 4780 3518 4833 1.

2970 4848 3032 4915 4)
3067 4851 3267 4902 nestora
3299 4853 3494 4904 aaut.
