5050 6167
658 419 786 483 559

1553 595 1704 669 474.

706 752 1177 823 CALVINUS
1222 751 1704 819 MINIS'I'RIS
1749 748 2557 819 NEOCOMENSIBUS.

656 924 1100 1080 margone-eii
1141 932 1198 991 et
1242 923 1594 1009 Capwwuli
1637 925 1877 1007 placita
1921 924 1997 989 de
2037 921 2317 1015 αὖτουσίᾳ
2366 922 2605 989 Christi

871 1034 968 1078 ur.

659 1182 772 1249 (Ex
806 1182 1142 1253 autographo
1178 1181 1306 1235 Cod.
1344 1180 1551 1235 Genev.
1593 1178 1719 1246 106,
1765 1179 1858 1233 fol.
1896 1178 2011 1234 105.
2095 1180 2258 1235 Cuius
2292 1179 2607 1248 apographa

657 1256 872 1305 exstant
904 1252 1037 1305 ibid.
1074 1250 1205 1303 Cod.
1243 1248 1367 1315 111,
1411 1250 1501 1303 fol.
1537 1247 1620 1302 93.
1701 1248 1959 1302 Neocomi
2006 1250 2062 1302 in
2109 1249 2250 1302 Bibl.
2299 1247 2602 1312 Pastorum,

655 1321 870 1374 Bernae
915 1321 972 1373 in
1018 1319 1274 1374 Archivis
1310 1319 1448 1388 Epp.
1487 1317 1619 1440 gfff·
1650 1316 1841 1451 &3392
1886 1325 1943 1370 et
1978 1317 2160 1372 Turici
2207 1317 2350 1387 apud
2388 1317 2602 1370 Simler.

1344 1575 1913 1641 Neocomensibus.

828 1711 898 1778 S.
969 1711 1164 1778 Dolet
1219 1712 1387 1776 mihi
1443 1711 1803 1795 plurimum
1821 1763 1837 1788 ‚
1895 1712 2132 1776 fratres
2191 1712 2261 1776 in
2316 1709 2604 1776 Domino

656 1799 992 1878 carissimi,
1038 1798 1211 1882 quod
1247 1819 1382 1863 non
1416 1798 1608 1864 citius
1643 1796 1937 1861 redditae
1973 1798 2139 1861 mihi
2173 1798 2424 1862 fuerint
2458 1819 2602 1863 ves-

654 1892 799 1951 trae
841 1885 1083 1950 literae.
1172 1884 1343 1949 Nam
1385 1885 1442 1950 si
1484 1884 1557 1947 in
1600 1890 1894 1966 tempore
1938 1903 2047 1948 eas
2091 1884 2499 1966 recepissem,
2547 1883 2605 1947 si

655 1992 791 2038 non
832 1971 904 2034 in
946 1978 1189 2049 totum,
1249 1969 1465 2053 aliqua
1522 1968 1755 2034 saltem
1814 1990 1901 2033 ex
1943 1976 2130 2052 parte
2188 1977 2340 2034 voto
2382 1977 2604 2035 vestro

654 2057 927 2123 fuissem
992 2055 1406 2139 obsequutus.
1512 2053 1708 2135 Quod
1765 2076 1921 2138 ergo
1979 2054 2062 2123 ad
2126 2056 2605 2137 praescriptum

657 2140 831 2209 diem
858 2144 904 2219 ¹)
949 2161 1157 2224 neque
1213 2141 1363 2207 veni
1416 2141 1590 2206 istuc
1635 2160 1845 2223 neque
1901 2141 2391 2223 responsionem
2454 2140 2603 2204 misi

654 2249 791 2295 non
833 2226 1238 2311 negligentia
1279 2227 1522 2292 factum
1566 2226 1717 2302 fuit,
1776 2225 1890 2291 sed
1948 2226 2104 2307 quia
2146 2225 2427 2291 Ioannes
2472 2225 2605 2289 Ro-

651 2315 869 2399 9erius
910 2313 1260 2397 chirurgus
1297 2319 1480 2378 sexto
1517 2311 1781 2375 demum
1819 2322 1908 2375 ex*
1935 2334 2061 2394 quo
2097 2310 2227 2377 huc
2262 2310 2605 2394 appulerat

656 2399 760 2465 die
802 2398 1024 2464 literas
1058 2398 1207 2463 illas
1241 2404 1495 2463 vestras
1532 2419 1665 2461 una
1700 2418 1851 2462 cum
1886 2396 2236 2480 praeclaris
2269 2395 2603 2483 Cortesii2)

653 2483 947 2551 articulis
1002 2483 1321 2549 exhibuit.
1433 2482 1608 2563 Quia
1670 2503 1829 2547 vero
1892 2483 2025 2546 iam
2090 2492 2347 2565 tempus
2412 2504 2601 2566 prae-

651 2571 923 2636 terierat
957 2568 1398 2635 festinandum
1442 2568 1725 2652 amplius
1769 2589 1904 2632 non
1936 2569 2164 2652 putavi
2199 2569 2407 2634 donec
2442 2569 2602 2635 scri-

650 2655 849 2724 bendi
895 2656 1147 2722 occasio
1191 2654 1478 2720 daretur.
1560 2654 1623 2719 N
1627 2675 1753 2719 unc
1796 2654 2206 2719 commodum
2251 2675 2321 2720 se
2366 2654 2604 2720 obtulit

652 2740 931 2809 Michael
950 2741 1058 2811 hic
1081 2749 1323 2820 noster,
1342 2740 1401 2823 Β)
1426 2740 1534 2824 qui
1558 2739 1842 2805 fideliter
1864 2739 1944 2804 ad
1969 2760 2089 2806 vos
2112 2741 2601 2824 responsionem

650 2848 870 2893 meam
912 2827 1249 2911 perferret.
1339 2826 1445 2891 De
1493 2823 1847 2907 Gapunculo
1902 2826 2210 2905 mirarer,
2269 2826 2424 2909 quid
2481 2826 2601 2892 ho-

650 2913 900 2980 minem
923 2912 1292 2995 impelleret
1334 2910 1418 2977 ad
1462 2909 1854 2977 turbandam
1899 2911 2255 2992 ecclesiam,
2297 2912 2426 2978 nisi
2466 2913 2603 2977 iam

650 2997 909 3084 pridem
972 2999 1112 3063 eius
1188 2998 1531 3083 ingenium
1609 2998 1957 3063 novissem.
1974 2998 2034 3080 ⁴)
2152 2997 2299 3062 Hoc
2379 3005 2602 3063 tamen

650 3105 859 3151 unum
901 3085 1061 3168 quin
1094 3085 1298 3148 mirer
1332 3091 1697 3166 temperare
1732 3083 1898 3147 mihi
1933 3104 2203 3167 neque0,
2250 3083 2406 3168 quid
2449 3105 2602 3151 cau-

650 3191 765 3239 sae
809 3176 925 3235 aut
961 3178 1340 3254 praetextus
1376 3169 1617 3234 habeat
1659 3190 1777 3235 cur
1810 3190 2067 3235 mecum
2113 3168 2446 3253 disputare
2487 3174 2602 3237 ‘ve-

601 3262 614 3273 '
650 3255 747 3322 lit.
815 3253 892 3322 Si
935 3263 1325 3340 provocatus
1360 3255 1619 3334 faceret,
1663 3275 1749 3319 ne
1791 3255 1885 3322 sic
1930 3255 2194 3338 quidem
2235 3257 2396 3322 satis
2430 3256 2605 3321 insta

650 3347 828 3407 esset
870 3343 1220 3408 excusatio.
1307 3341 1536 3425 Neque
1569 3341 1743 3405 enirn
1779 3347 1856 3406 ut
1898 3341 2071 3406 inter
2112 3361 2235 3407 nos
2276 3349 2604 3409 certemus

651 3426 866 3493 vocati
909 3446 1134 3492 sumus
1175 3427 1248 3491 in
1286 3425 1410 3493 hoc
1444 3427 1751 3505 officium,
1798 3426 1911 3491 sed
1948 3433 2024 3491 ut
2057 3428 2425 3494 coniunctis
2459 3427 2604 3491 ani-

650 3513 779 3579 mis
822 3513 1276 3594 communique
1330 3511 1598 3577 consilio
1642 3512 1764 3578 sub
1808 3511 2062 3578 Christi
2103 3512 2346 3579 vexillo
2405 3514 2603 3579 simul

650 3597 1024 3665 militemus.
1112 3598 1306 3663 Nunc
1355 3619 1530 3675 ver0,
1577 3618 1779 3681 quum
1821 3597 1992 3663 nihil
2034 3620 2325 3682 unquam
2364 3600 2472 3665 vel
2515 3601 2602 3665 si-

650 3682 949 3751 multatis
1004 3682 1109 3750 vel
1169 3683 1649 3750 controversiae
1706 3685 1881 3747 inter
1934 3704 2055 3750 nos
2114 3682 2313 3771 (quod
2368 3685 2602 3770 sciam)

650 3770 1113 3848 intercesserit,
1148 3769 1482 3835 hominem
1507 3790 1772 3852 prorsus
1808 3789 2028 3836 carere
2057 3771 2322 3838 cerebro
2344 3778 2605 3855 oportet

697 3857 767 3921 ui
807 3856 878 3920 in
921 3854 1141 3920 media
1180 3876 1339 3938 pace
1382 3855 1725 3922 classicum
1770 3857 1863 3921 ita
1906 3864 2150 3922 temere
2194 3865 2403 3922 canat.
2495 3854 2603 3921 Ad

652 3877 818 4008 {aaa
861 3949 1144 4025 quantae
1198 3948 1298 4007 est
1351 3939 1756 4021 stoliditatis,
1816 3944 1926 4023 qui
1969 3944 2431 4027 grammaticae
2471 3942 2602 4008 ele-

653 4034 882 4092 menta
951 4047 1290 4109 nunquam
1359 4029 1524 4093 bene
1592 4026 1893 4092 didicerit
1948 4028 2019 4093 in
2078 4029 2256 4094 omni
2314 4027 2602 4112 discipli-

648 4132 890 4178 narum
934 4133 1175 4196 genere
1220 4134 1290 4178 se
1334 4111 1719 4178 venditare?
1811 4111 2204 4198 Quanquam
2263 4135 2397 4179 non
2439 4115 2601 4180 inci-

649 4200 748 4282 pit
803 4217 980 4264 nunc
1034 4199 1320 4281 primum
1376 4197 1501 4262 hac
1571 4198 1753 4262 inani
1810 4200 2122 4266 iactantia
2191 4199 2601 4266 insolescere.

647 4284 928 4349 Memini
999 4304 1204 4367 quum
1259 4284 1555 4350 Alciatus
1608 4284 2065 4352 Lovanienses
2129 4285 2343 4351 theolo
2465 4295 2602 4350 tros

650 4368 860 4434 obiter
895 4369 1241 4454 aliquando
1274 4377 1583 4448 notasset,
1623 4370 1775 4453 quia
1809 4371 2125 4454 impedire
2159 4379 2377 4439 conati
2412 4378 2602 4436 erant

649 4456 998 4538 quominus
1042 4456 1350 4541 trilingue
1385 4454 1728 4540 collegium
1763 4455 1899 4522 illic
1931 4457 2405 4537 institueretur,
2449 4479 2601 4523 oum

651 4539 967 4607 adversus
1009 4540 1274 4626 linguas
1331 4551 1397 4607 et
1437 4541 1544 4606 ius
1602 4541 1794 4607 civile
1852 4545 2263 4611 tumultuosa
2306 4543 2601 4608 oratione

664 4777 805 4839 474.
842 4775 901 4840 1)
950 4778 1086 4833 Vide
1119 4794 1198 4847 ep.
1235 4780 1315 4833 ad
1357 4779 1598 4834 Vir-etum
1629 4781 1877 4849 proxime
1908 4782 2326 4849 praecedentem.

852 4845 910 4909 2)
952 4846 1224 4902 eortasius
1259 4847 1428 4914 (Jean
1466 4849 1741 4914 Gom-tois)
1784 4850 2090 4916 Capuae-uli
2103 4866 2281 4919 ρεπεν,
2321 4850 2601 4905 Farellum

648 4916 708 4971 in
758 4915 992 4971 articulo
1038 4917 1104 4970 de
1150 4918 1397 4972 trinitate
1440 4933 1628 4972 errare
1679 4920 1956 4974 asserebat
2004 4920 2073 4987 cf.
2122 4921 2459 4987 Kirclzhoser
2508 4919 2598 4975 11.

642 5000 704 5054 p.
745 4982 830 5038 73.
903 4982 989 5051 Of.
1026 4986 1190 5041 etiam
1226 5001 1397 5054 supra
1433 4987 1509 5040 N.
1545 4984 1664 5039 459.

855 5052 917 5119 3)
956 5054 1049 5109 An
1083 5055 1174 5109 ille
1208 5054 1276 5107 de
1307 5070 1415 5125 quo
1450 5055 1524 5110 N.
1559 5054 1680 5125 459,
1716 5063 1825 5110 not.
1862 5053 1939 5109 6?

855 5123 913 5186 4)
959 5120 1128 5190 Quem
1160 5123 1275 5177 iam
1319 5125 1446 5178 olim
1493 5125 1645 5193 apud
1689 5124 1972 5193 Βίων-ἐρα
2013 5132 2240 5180 noverat
2282 5126 2602 5181 monachum

649 5191 789 5245 satis
833 5190 996 5246 libere
1037 5208 1143 5262 pro
1188 5194 1338 5248 atim
1382 5198 1638 5261 temporis
1682 5193 1900 5248 modulo
1936 5194 2361 5262 praedicantem.
2432 5196 2601 5264 (Hice.

649 5260 772 5314 eccl.
811 5259 861 5314 I.
913 5258 1024 5325 10.)
1106 5260 1197 5315 De
1250 5277 1393 5317 nova
1443 5262 1548 5318 hac
1602 5265 1972 5319 controversia
2032 5264 2156 5319 vide
2201 5266 2437 5320 maxime
2485 5264 2601 5319 Fa-

650 5327 841 5383 ναῖκι
874 5329 1032 5397 infra
1063 5328 1115 5383 8.
1158 5329 1300 5400 Sept.

2199 406 2724 474 EPISTOLAE
2770 411 2853 472 47
2857 412 2895 470 4
2906 411 3067 471 -47
3073 412 3109 472 5

4529 413 4644 479 560

2708 598 2945 665 acriter
3023 596 3492 662 declamitasse.
3625 595 3919 662 Alciatus
4003 604 4190 662 tanta
4269 596 4641 679 intemperie

2707 686 3025 759 offensus,
3085 683 3197 765 qui
3255 689 3477 746 tamen
3528 682 3812 746 alienum
3868 704 3908 747 a
3968 703 4087 747 sua
4141 682 4461 767 dignitate
4511 685 4642 747 exi-

2705 769 3016 836 stimabat
3071 769 3556 834 contentionem
3619 789 3769 834 cum
3835 790 3910 834 eo
3970 770 4331 852 suscipere,
4396 778 4643 835 tantum

2706 854 3021 921 indicavit
3090 855 3505 937 magistratui
3576 855 4056 937 postulavitque
4112 864 4185 919 ut
4249 855 4393 920 eius
4455 855 4644 922 libido

2708 951 3242 1024 compesceretur.
3333 938 3527 1019 Quod
3584 941 3829 1005 factum
3886 949 3989 1005 est
4045 947 4178 1006 non
4237 942 4378 1007 sine
4436 941 4645 1024 aliquo

2709 1028 2852 1093 eius
2898 1025 3225 1091 dedecore.
3311 1024 3502 1091 Nunc
3545 1025 3805 1108 quidem
3853 1033 3920 1090 et
3961 1026 4141 1092 locus
4183 1027 4251 1090 in
4295 1048 4423 1110 quo
4465 1026 4644 1092 habi-

2708 1120 2809 1177 tat
2852 1121 2920 1177 et
2961 1111 3244 1176 officium
3288 1131 3416 1193 quo
3459 1111 3758 1196 fungitur
3800 1112 4296 1177 moderatiorem
4341 1113 4650 1178 deberent

2708 1220 2856 1264 eum
2902 1197 3190 1263 reddere.
3276 1197 3530 1261 Verum
3575 1198 3727 1281 quia
3761 1199 3902 1264 sine
3938 1197 4179 1262 iudicio
4223 1199 4315 1262 ita
4357 1218 4543 1264 caeco
4584 1205 4649 1263 et

2708 1285 2981 1350 effraeni
3024 1284 3274 1365 impetu
3310 1283 3548 1362 fertur,
3608 1305 3742 1348 non
3785 1283 3941 1367 quid
3986 1294 4317 1348 mereatur
4358 1284 4500 1350 eius
4542 1305 4651 1367 pe·

2707 1370 2993 1435 tulantia
3043 1370 3157 1434 sed
3212 1368 3367 1452 quid
3425 1390 3530 1434 me
3589 1368 3813 1436 deceat
3866 1371 4203 1452 reputabo.
4290 1369 4438 1434 Hoc
4480 1377 4650 1435 certe

2706 1456 2808 1520 illi
2850 1458 2982 1520 non
3026 1454 3377 1521 concedam
3434 1461 3510 1519 ut
3565 1475 3673 1519 me
3713 1476 3833 1521 sua
3888 1457 4348 1539 provocatione
4400 1455 4469 1520 in
4516 1477 4653 1521 cer-

2708 1550 2928 1605 tamen
2971 1542 3171 1606 fuisse
3215 1548 3496 1607 tractum
3532 1541 3865 1625 glorietur.
3934 1542 4203 1607 Utinam
4249 1542 4317 1605 in
4363 1548 4652 1624 tempore

2707 1627 2996 1710 quiescat
3038 1636 3105 1690 et
3147 1625 3310 1692 alios
3365 1626 3540 1690 sinat
3592 1627 3863 1709 quietos.
3953 1625 4078 1692 Sin
4119 1627 4358 1704 minus,
4403 1634 4654 1693 vestra-

2708 1735 2857 1778 rum
2892 1713 3180 1796 partium
3217 1720 3318 1777 est
3352 1711 3698 1777 autoritate
3735 1720 3955 1778 vestra
3989 1712 4412 1796 legitimoque
4455 1712 4656 1779 eccle·

2708 1801 2842 1864 siae
2886 1807 2953 1863 et
2993 1799 3421 1882 magistratus
3465 1797 3703 1864 iudicio
3741 1799 3883 1863 eius
3926 1798 4235 1863 ferociam
4278 1800 4654 1882 reprimere.

2707 1885 2856 1949 Non
2901 1884 3017 1948 abs
3060 1906 3132 1949 re
3176 1883 3437 1966 scripsit
3480 1883 3731 1949 Paulus
3787 1892 3863 1948 ut
3920 1885 4032 1967 qui
4087 1885 4231 1950 vult
4285 1885 4547 1950 censeri
4588 1883 4659 1948 in

2707 1990 2913 2055 regno
2938 1968 3187 2034 Christi
3232 1970 3318 2034 sit
3359 1991 3533 2034 nova
3575 1978 3891 2035 creatura.
3958 1971 4051 2034 Et
4093 1976 4316 2034 tamen
4362 1968 4661 2035 nondum

2708 2055 3036 2120 exstitisse
3094 2062 3255 2119 tunc
3312 2063 3471 2138 puto
3527 2056 3844 2121 eiusmodi
3901 2054 4200 2121 homines
4245 2056 4664 2121 turbulentos

2709 2149 2773 2206 et
2832 2143 3236 2223 importunos
3308 2142 3420 2223 qui
3477 2141 3663 2207 nulla
3720 2140 3801 2207 de
3859 2162 4056 2207 causa
4109 2164 4237 2206 non
4299 2140 4384 2206 ad
4444 2141 4664 2206 rixam

2707 2226 2897 2291 modo
2941 2226 3054 2292 sed
3099 2227 3296 2292 etiam
3342 2225 3423 2290 ad
3469 2226 3743 2293 verbera
3798 2236 3935 2292 tam
3989 2228 4275 2311 prompti
4319 2228 4664 2310 paratique

2705 2314 2937 2379 forent.
3025 2310 3086 2378 O
3131 2322 3496 2396 temporum
3542 2322 3915 2379 nostrorum
3959 2313 4325 2378 miseriam!
4417 2314 4664 2378 Extre-

2707 2419 2898 2464 mone
2944 2398 3183 2483 angulo
3237 2397 3507 2464 haerere
3564 2399 3634 2463 in
3692 2399 3963 2465 ecclesia
4019 2407 4234 2482 potest
4289 2399 4407 2480 qui
4449 2396 4669 2462 medio

2705 2485 2845 2549 foro
2889 2484 3302 2566 superciliose
3337 2485 3537 2551 iactat
3570 2486 3755 2568 quasi
3790 2484 4129 2569 egregium
4164 2485 4443 2564 facinus,
4494 2481 4667 2567 quod

2706 2570 2991 2655 collegae
3029 2589 3144 2635 suo
3180 2570 3648 2653 propemodum
3683 2591 3953 2635 manum
3991 2569 4332 2636 attulerit?
4380 2570 4500 2652 qui
4537 2568 4666 2633 nisi

2706 2677 2747 2721 a
2782 2656 3171 2740 magistratu
3206 2664 3466 2722 coactus
3499 2657 3782 2721 fratrum
3817 2656 4087 2740 collegio
4122 2677 4355 2739 parere
4391 2653 4667 2720 renuit?

2706 2744 2817 2826 qui
2860 2741 3194 2807 seditionis
3250 2741 3583 2807 flabellum
3638 2741 3816 2807 domi
3874 2763 4030 2807 suae
4071 2741 4272 2807 habet
4314 2762 4392 2807 ac
4440 2738 4666 2807 fovet?

2707 2829 2820 2912 qui
2863 2848 2903 2893 a
2944 2828 3212 2910 reliquis
3255 2827 3555 2893 omnibus
3599 2834 3897 2911 separata
3940 2828 4138 2893 habet
4176 2826 4502 2894 consilia?
4578 2825 4673 2892 Ut

2706 2914 2837 2980 alia
2878 2921 3131 2979 taceam
3173 2934 3337 2996 quae
3381 2936 3557 2980 nunc
3614 2934 4121 2980 commemorare
4177 2913 4344 2978 nihil
4405 2913 4668 2976 attinet.

2706 3000 3058 3066 Caeterum
3101 2999 3564 3079 conclusiones,
3611 3021 3772 3083 quas
3815 3007 3892 3065 ut
3923 2999 4344 3082 suspicamini
4395 2997 4677 3063 Corte-sio

2706 3106 2946 3170 genero
3020 3106 3137 3151 suo
3200 3087 3529 3170 suggessit
3545 3137 3560 3165 ‚
3626 3086 3844 3152 nescio
3909 3107 4029 3152 cur
4091 3083 4340 3169 putetis
4411 3084 4499 3149 ad
4566 3102 4675 3147 me

2706 3193 2949 3256 magna
2991 3193 3076 3236 ex
3134 3178 3321 3255 parte
3365 3181 3673 3254 spectare.
3762 3172 3952 3238 Unus
4009 3184 4110 3236 est
4166 3171 4348 3236 locus
4408 3170 4487 3235 in
4543 3186 4676 3251 quo

2708 3258 2925 3341 palam
2968 3278 3076 3322 me
3118 3257 3523 3341 perstringit.
3616 3257 3798 3322 Nihil
3854 3267 4195 3340 praeterea
4250 3255 4449 3322 video
4498 3250 4676 3338 quod

2705 3345 2775 3409 in
2812 3364 2917 3408 me
2952 3351 3289 3427 competat.
3352 3342 3696 3423 Quantum
3732 3342 3815 3407 ad
3850 3342 4063 3409 locum
4098 3343 4288 3407 illum
4324 3342 4448 3407 ubi
4532 3339 4678 3405 uasi

2707 3452 2789 3495 ex
2833 3428 3088 3511 tripode
3132 3428 3496 3494 haereticos
3553 3428 3945 3511 pronunciat
4001 3428 4115 3512 qui
4158 3427 4392 3493 dicunt
4438 3426 4498 3492 C
4552 3426 4678 3490 ris-

2709 3522 2888 3594 tum,
2947 3516 3018 3580 in
3076 3522 3391 3597 quantum
3436 3513 3621 3579 Deus
3667 3521 3801 3593 est,
3861 3536 3900 3579 a
3944 3534 4013 3578 se
4055 3515 4198 3596 ipso
4238 3534 4409 3591 esse,
4458 3510 4676 3578 facilis

2707 3609 2807 3666 est
2848 3601 3198 3684 responsio.
3283 3599 3589 3665 Primum
3632 3599 3795 3663 mihi
3840 3599 4234 3682 respondeat
4278 3618 4512 3663 annon
4559 3616 4679 3661 ve·

2706 3707 2822 3752 rus
2865 3696 2932 3750 et
2972 3685 3301 3769 perfectus
3344 3683 3530 3751 Deus
3588 3687 3676 3749 sit
3721 3683 4071 3751 Christus?
4174 3685 4320 3749 Nisi
4370 3683 4508 3748 Dei
4570 3702 4677 3746 es-

2708 3772 2987 3838 sentiam
3032 3772 3261 3855 partiri
3304 3772 3494 3850 velit,
3553 3778 3760 3835 totam
3811 3771 3881 3837 in
3926 3771 4191 3836 Christo
4235 3771 4436 3835 fateri
4482 3787 4679 3851 coge-

2706 3866 2835 3923 tur.
2920 3858 3012 3922 Et
3069 3857 3266 3923 Pauli
3323 3878 3633 3939 expressa
3689 3863 3844 3923 sunt
3911 3856 4135 3922 verba:
4207 3858 4383 3937 quod
4454 3855 4531 3919 in
4600 3872 4678 3917 eo

2706 3942 2959 4009 habitet
3000 3942 3336 4028 plenitudo
3382 3943 3765 4009 divinitatis.
3840 3941 4094 4007 Iterum
4138 3963 4310 4023 1·0g0‚
4363 3964 4406 4006 a
4454 3962 4531 4006 se
4576 3940 4680 4023 ip-

2707 4050 2866 4095 sane
2910 4048 2997 4093 an
3054 4029 3319 4094 aliunde
3375 4030 3462 4094 sit
3501 4027 3618 4095 illa
3674 4028 4035 4095 divinitatis
4088 4026 4489 4110 plenitudo?
4582 4026 4682 4089 At

2708 4115 2987 4194 obiiciet,
3030 4115 3240 4180 filium
3283 4136 3426 4181 esse
3482 4136 3524 4180 a
3566 4121 3766 4197 patre.
3858 4112 4024 4193 Quis
4082 4112 4322 4196 negat?
4420 4111 4513 4178 Id
4554 4130 4681 4194 ego

2708 4200 2968 4283 quidem
3023 4201 3306 4267 libenter
3364 4221 3495 4265 non
3550 4199 3743 4265 modo
3802 4219 4058 4281 semper
4114 4198 4460 4266 confessus
4522 4216 4682 4264 sum

2706 4285 2822 4352 sed
2896 4287 3091 4351 etiam
3166 4285 3556 4369 praedicavi.
3675 4285 3929 4348 Verum
3999 4284 4125 4349 hoc
4207 4291 4309 4349 est
4387 4284 4467 4349 in
4545 4300 4680 4367 quo

2706 4372 2874 4437 asini
2916 4373 3025 4436 isti
3060 4372 3406 4437 falluntur:
3453 4371 3607 4455 quia
3640 4391 3774 4436 non
3809 4369 4225 4436 considerant
4257 4390 4518 4436 nomen
4555 4365 4681 4434 filii

2706 4458 2831 4524 dici
2876 4458 2957 4523 de
3001 4477 3281 4541 persona
3317 4456 3593 4539 ideoque
3634 4456 3709 4520 in
3750 4454 4272 4538 praedicamento
4316 4452 4684 4521 relationis

2705 4544 3058 4621 contineri,
3125 4565 3292 4627 quae
3355 4542 3586 4608 relatio
3649 4541 3866 4608 locum
3932 4563 4066 4607 non
4129 4540 4334 4607 habet
4404 4543 4528 4607 ubi
4598 4537 4681 4605 de

2706 4629 2958 4696 Christi
3001 4629 3348 4695 divinitate
3382 4627 3765 4710 simpliciter
3806 4627 4041 4711 agitur.
4109 4627 4262 4708 Qua
4297 4624 4388 4692 de
4426 4648 4507 4692 re
4545 4625 4683 4692 ele-

2705 4725 2938 4799 ganter
2995 4715 3258 4782 disserit
3311 4715 3725 4798 Augustinus
3782 4712 3851 4776 in
3907 4714 4232 4796 psalmum
4284 4717 4408 4792 68,
4475 4730 4683 4796 quem

2705 4803 3088 4883 scriptorem
3131 4802 3238 4866 isti
3282 4797 3641 4865 identidem
3678 4799 3992 4876 iactitant,
4038 4821 4238 4882 quum
4282 4807 4531 4864 tamen
4574 4796 4681 4861 ni-

2705 4886 2803 4952 hil
2847 4907 3135 4970 unquam
3177 4886 3357 4951 illius
3401 4885 3529 4949 nisi
3573 4882 3956 4966 rhapsodias
4014 4886 4227 4950 nescio
4270 4905 4448 4967 quas
4493 4884 4682 4969 lege-

2704 4973 2856 5037 rint.
2970 4972 3184 5037 Verba
3241 4979 3427 5036 sunt:
3489 4969 3565 5036 Si
3623 4971 3768 5053 quis
3826 4971 4190 5054 interroget
4243 4970 4529 5036 idemne
4588 4971 4679 5034 sit

2705 5067 2892 5140 pater
2936 5056 3108 5140 quod
3151 5057 3346 5135 filius,
3404 5055 3753 5139 responde,
3814 5056 4172 5145 secundum
4215 5057 4681 5123 substantiam

2704 5144 2876 5209 idem
2930 5166 3104 5221 esse,
3172 5164 3306 5207 non
3358 5140 3719 5208 secundum
3774 5143 3947 5224 quod
4000 5141 4082 5207 ad
4145 5141 4327 5207 aliud
4402 5141 4680 5209 dicitur.

2705 5229 2813 5294 Ad
2856 5250 2925 5295 se
2969 5230 3145 5294 enim
3189 5227 3349 5293 deus
3392 5228 3659 5308 dicitur,
3720 5227 3801 5293 ad
3849 5236 4102 5313 patrem
4160 5227 4343 5293 filius
4405 5227 4679 5296 dicitur.

2702 5316 3089 5399 Rursusque
3130 5322 3317 5397 pater
3348 5313 3442 5378 ‘ad
3477 5335 3547 5380 se
3581 5312 3742 5381 deus
3779 5314 4034 5399 dicitur,
4078 5315 4162 5382 ad
4196 5316 4421 5381 filium
4459 5324 4677 5399 pater.
