5050 6167
631 426 758 489 387

629 615 964 697 praestem
1023 603 1408 672 admonetis.
1496 603 1577 672 Si
1631 624 1753 690 pro
1808 604 1937 670 hac
1994 604 2208 689 gratia
2262 625 2391 687 qua
2435 624 2599 668 usus

638 706 740 763 est
782 694 1112 761 Dominus
1156 693 1228 757 in
1263 712 1369 756 me
1414 701 1481 756 et
1523 689 1764 756 fratres
1799 698 2221 774 symmystae,
2267 711 2385 773 per
2426 690 2597 754 inte-

636 783 947 867 gritatem
983 787 1274 844 vestram
1318 776 1702 854 absolutam,
1748 775 2085 860 neglectus
2130 797 2169 840 a
2207 774 2395 841 vobis
2435 775 2598 840 fuis-

638 889 796 946 sem,
858 874 936 930 ut
988 864 1198 929 multa
1239 884 1403 946 quae
1446 863 1517 927 in
1562 862 1914 927 Dominum
1961 860 2193 927 admisi
2237 870 2596 939 merentur,

638 976 722 1019 ne
764 952 977 1017 dicam
1016 951 1210 1035 longe
1255 948 1576 1034 graviora,
1635 945 1793 1030 quid
1835 947 2002 1011 mihi
2045 946 2429 1031 contigisset
2471 947 2598 1010 mi-

639 1037 828 1105 sero?
889 1037 1142 1103 Urebat
1176 1057 1281 1100 me
1315 1034 1514 1099 huius
1557 1034 1864 1099 ecclesiae
1909 1033 2102 1097 ruina
2145 1032 2342 1117 longe
2386 1032 2598 1116 magis

638 1146 837 1208 qnam
882 1124 938 1188 si
974 1121 1155 1186 mille
1191 1120 1351 1186 rotis
1387 1120 1607 1185 omnia
1638 1139 1788 1184 mea
1823 1118 2393 1203 confringerentur
2428 1139 2595 1196 ossa,

637 1219 705 1275 et
760 1230 960 1292 supra
1017 1228 1244 1272 omnes
1301 1204 1629 1270 maleficos
1688 1203 2061 1268 dilaniarer.
2152 1202 2232 1269 Si
2286 1225 2407 1269 vos
2452 1225 2597 1269 sen-

639 1296 890 1372 sissem,
949 1301 1022 1358 ut
1079 1291 1277 1375 aliqui
1332 1292 1654 1369 feruntur,
1717 1288 1992 1354 dixisse:
2062 1291 2304 1355 Actum
2357 1299 2457 1354 est
2515 1288 2596 1354 de

640 1381 888 1446 Farelli
945 1378 1337 1454 ministerio,
1397 1384 1574 1441 totus
1629 1375 1762 1441 iam
1821 1374 2268 1454 confunditur,
2325 1396 2597 1458 prorsus

637 1464 925 1532 concidit
969 1483 1304 1547 nunquam
1350 1471 1777 1539 surrecturus,
1836 1461 1972 1525 iam
2015 1482 2261 1543 poenas
2308 1460 2421 1525 dat
2464 1483 2596 1526 non

638 1560 812 1617 recte
871 1549 1364 1615 administratae
1420 1547 1806 1626 functionis,
1868 1555 1937 1611 et
1988 1547 2057 1610 id
2113 1567 2323 1631 genus
2367 1547 2594 1625 multa,

637 1659 804 1720 quae
849 1636 1202 1719 gestientes
1237 1633 1542 1700 dicebant
1583 1631 1679 1696 illi
1714 1633 1828 1715 qni
1872 1654 1941 1697 se
1986 1633 2162 1714 ipsos
2205 1632 2324 1697 sub
2362 1634 2598 1697 umbra

639 1720 967 1806 evangelii
1042 1741 1300 1803 semper
1378 1720 1830 1802 quaesierunt,
1914 1728 1982 1782 et
2054 1717 2225 1782 nihil
2304 1739 2594 1801 unquam

638 1806 923 1874 Christi:
970 1807 1039 1870 in
1075 1806 1451 1889 pontificem
1496 1801 1669 1870 docti
1713 1802 2016 1882 clamare,
2063 1815 2130 1868 et
2175 1801 2340 1867 nihil
2385 1804 2593 1869 aliud:

639 1895 714 1970 si,
776 1895 1063 1975 inquam,
1124 1912 1241 1974 pro
1286 1889 1576 1973 benigna
1618 1889 1748 1954 Dei
1792 1890 1999 1953 nostri
2046 1910 2163 1972 per
2207 1909 2322 1954 vos
2365 1911 2594 1955 conso·

635 1978 910 2055 latione,
976 1977 1090 2042 illa
1130 1975 1559 2053 audivissem,
1628 1995 1821 2057 quam
1879 1973 2175 2039 funditus
2232 1976 2592 2058 periissem.

636 2062 770 2129 Sed
815 2064 1147 2148 potentior
1190 2063 1258 2125 in
1305 2061 1487 2126 vobis
1531 2060 1653 2124 fuit
1692 2059 2020 2125 Dominus
2064 2060 2148 2124 ad
2181 2082 2289 2126 me
2333 2061 2592 2144 erigen-

635 2148 790 2214 dum
851 2157 918 2214 et
973 2144 1431 2224 roborandum,
1499 2166 1697 2229 quam
1742 2144 2029 2211 Satanas
2086 2154 2152 2210 et
2205 2147 2308 2211 sui
2363 2166 2592 2212 omnes

633 2235 877 2299 fuerint
921 2233 1002 2297 ad
1040 2231 1474 2298 deiiciendum
1518 2238 1585 2295 et
1629 2231 2099 2297 enervandum.
2170 2228 2249 2298 Si
2279 2231 2591 2297 Christus

632 2341 753 2385 nos
814 2320 993 2384 iubet
1050 2318 1129 2382 de
1187 2317 1486 2382 hostibus
1541 2317 1706 2381 bene
1761 2317 2000 2381 mereri
2057 2327 2123 2381 et
2179 2337 2287 2382 eos
2346 2338 2589 2397 amare,

632 2404 790 2488 quid
833 2426 965 2468 non
1011 2402 1159 2469 vult
1199 2424 1307 2467 me
1352 2423 1548 2486 agere
1592 2422 1712 2486 pro
1758 2411 1896 2467 tam
1940 2404 2107 2468 caris
2152 2404 2396 2481 amicis,
2456 2404 2590 2468 imo

628 2488 923 2574 patribus
967 2489 1039 2553 in
1083 2489 1400 2564 Domino,
1460 2489 1572 2570 qui
1628 2496 1809 2553 tanto
1864 2488 2082 2553 studio
2125 2510 2232 2554 me
2283 2489 2590 2554 foverunt

632 2598 713 2640 ne
775 2576 1079 2658 perirem.
1169 2574 1411 2638 Merito
1485 2573 1691 2658 igitur
1754 2573 1922 2637 mihi
1983 2573 2233 2639 colendi
2299 2576 2455 2639 estis
2521 2585 2590 2639 et

630 2661 811 2726 omni
869 2660 1082 2727 officio
1139 2660 1591 2744 prosequendi.
1683 2659 1935 2724 Verum
1989 2661 2166 2724 vires
2226 2681 2427 2743 quum
2474 2660 2586 2725 dc-

628 2746 792 2825 sint,
850 2758 915 2811 et
975 2767 1106 2810 non
1164 2745 1323 2810 satis
1380 2745 1583 2809 sciam
1628 2743 1802 2827 quod
1844 2745 1914 2808 in
1958 2745 2245 2810 Domino
2291 2745 2473 2811 discu
2523 2748 2586 2811 io

626 2842 977 2915 praestare,
1023 2852 1246 2896 meum
1290 2831 1571 2914 excipite
1595 2838 1858 2895 votum:
1904 2830 2075 2912 quod
2112 2831 2364 2895 utinam
2400 2767 2584 2897 1161116

626 2915 977 3001 611(11166(16
1043 2918 1111 2980 16
1174 2914 1426 2982 Christi
1493 2915 1768 3000 gloriam
1832 2917 2254 3000 comprobare
2319 2918 2580 3000 possim.

627 3001 764 3068 Sed
809 3003 966 3067 dnm
1012 2999 1188 3067 aliud
1234 3023 1363 3066 non
1407 3022 1690 3085 possum,
1753 3009 1888 3067 toto
1931 3008 2190 3084 pectore
2237 3001 2582 3068 Christum

624 3089 849 3173 flagito
894 3096 969 3152 ut
1014 3088 1195 3153 vobis
1238 3086 1556 3170 rependat
1614 3087 1884 3170 dignam
1929 3107 2051 3169 pro
2095 3089 2298 3153 tantis
2341 3088 2582 3154 labori-

622 3174 746 3240 bus
789 3172 1174 3251 mercedem,
1234 3194 1474 3256 vosque
1518 3179 1584 3238 et
1638 3172 1978 3239 ecclesiam
2018 3174 2203 3239 vobis
2249 3173 2581 3240 concredi·

623 3265 760 3325 tam
806 3269 1054 3336 servet,
1113 3258 1597 3340 maioribusque
1655 3258 1886 3342 gratiis
1931 3266 1998 3324 et
2057 3259 2242 3324 donis
2287 3259 2581 3325 cumulet

623 3345 694 3408 in
740 3345 1032 3408 omnium
1078 3342 1596 3409 aedificationem
1640 3354 1708 3407 et
1750 3344 2047 3408 salutem.

794 3431 958 3495 Post
1022 3428 1282 3495 sedatos
1348 3428 1614 3493 tandem
1677 3427 1784 3494 hic
1848 3437 2083 3509 motus,
2151 3430 2324 3514 quod
2393 3430 2577 3513 prius

620 3516 949 3599 urgebant
996 3513 1297 3581 Calvinus
1340 3523 1405 3579 et
1463 3514 1732 3591 Vimine,
1776 3524 1842 3580 et
1884 3515 2091 3580 multo
2134 3537 2390 3598 quoque
2434 3522 2578 3580 stu-

620 3599 726 3667 dio
753 3600 1164 3667 Genevensis
1203 3609 1493 3679 senatus,
1538 3607 1611 3665 ut
1643 3599 1987 3666 Genevam
2029 3609 2318 3685 peterem
2366 3609 2433 3666 et
2469 3623 2575 3668 me

617 3688 690 3752 in
734 3687 857 3753 hoc
902 3707 1306 3771 appararem,
1354 3685 1609 3770 magnis
1646 3685 1908 3751 demum
1953 3685 2020 3750 id
2058 3686 2575 3771 flagitationibus

615 3783 1032 3856 peregerunt.
1124 3771 1298 3836 Veni
1358 3780 1425 3835 et
1477 3770 1620 3835 vidi
1675 3793 1809 3835 non
1869 3771 2143 3856 vulgare
2201 3770 2571 3838 aedificium

613 3880 811 3941 opera
871 3858 1071 3923 Vireti
1123 3857 1256 3923 illic
1301 3864 1610 3936 erectum,
1672 3858 1777 3923 cui
1835 3878 1966 3921 non
2021 3878 2256 3940 parum
2299 3859 2575 3926 accessit

658 3966 730 4008 er
793 3942 1147 4008 adventum
1217 3953 1282 4007 et
1347 3941 1637 4007 laborem
1687 3941 1953 4008 Calvini.
2044 3941 2181 4008 Sed
2238 3965 2368 4008 non
2431 3952 2571 4009 tam

607 3965 795 4095 166116
854 4029 984 4093 11116
1044 4038 1144 4094 661
1197 4027 1559 4104 aedificare,
1629 4036 2015 4111 tantumque
2076 4050 2237 4113 opus
2296 4030 2567 4113 erigere,

608 4137 803 4199 quam
849 4115 977 4179 fuit
1021 4114 1168 4179 aliis
1213 4113 1398 4179 facile
1444 4112 1760 4178 demoliri.
1830 4113 1921 4177 Et
1959 4115 2258 4196 quamvis
2283 4114 2569 4181 Satanas

606 4203 829 4266 omnia
872 4209 1147 4265 conatus
1191 4200 1390 4264 fucrit
1434 4197 1749 4281 dissipare
1795 4207 1861 4263 et
1894 4198 2185 4282 perdere,
2233 4209 2455 4265 tamen
2499 4200 2567 4266 id

604 4308 739 4366 non
781 4287 996 4370 potuit
1038 4306 1338 4369 prorsus:
1386 4305 1642 4367 semper
1680 4285 1855 4349 enim
1889 4284 2106 4350 relicti
2141 4287 2409 4350 fuerunt
2452 4287 2565 4369 (1111

603 4394 820 4457 genua
876 4373 999 4454 ipsi
1049 4371 1212 4435 Baal
1259 4393 1387 4435 non
1435 4371 1784 4448 flexerunt,
1845 4391 1963 4436 nec
2014 4378 2373 4454 potuerunt
2414 4393 2563 4455 per-

603 4455 777 4523 trahi
825 4470 898 4520 nt
941 4457 1297 4539 probarent
1340 4455 1521 4519 illam
1566 4456 1865 4520 insanam
1917 4455 2181 4520 vivendi
2238 4457 2562 4522 rationem

601 4543 674 4608 in
721 4552 903 4606 tanta
938 4542 1204 4607 licentia
1243 4548 1309 4604 et
1347 4541 1757 4606 scortationis
1793 4549 1860 4606 et
1895 4542 2251 4611 ebrietatis.
2298 4541 2368 4606 in
2392 4564 2560 4625 quae

601 4651 638 4694 e
683 4629 885 4693 verbo
932 4627 1203 4692 Domini
1248 4649 1376 4691 non
1438 4630 1596 4692 satis
1641 4648 1680 4690 a
1724 4627 1958 4709 quibus
2003 4627 2339 4710 oportebat
2384 4627 2558 4694 dice-

597 4714 824 4780 batur:
898 4736 980 4778 ne
1047 4732 1550 4777 commemorem
1616 4733 1779 4796 quae
1846 4712 2209 4777 audiverim
2291 4713 2559 4779 laudata

597 4802 815 4866 fuisse.
883 4798 991 4863 Ita
1035 4820 1209 4863 nunc
1244 4820 1378 4863 non
1423 4799 1515 4864 sic
1559 4820 1786 4862 rursus
1821 4796 2150 4864 aedificari
2195 4807 2261 4864 et
2301 4801 2556 4865 instau-

594 4887 728 4951 rari
777 4893 1052 4968 possunt
1096 4887 1332 4962 omnia,
1380 4886 1540 4968 quin
1585 4885 1814 4948 ruinae
1859 4885 2182 4970 lacrymas
2229 4896 2553 4964 moveant,

596 4974 677 5036 iis
720 4972 831 5056 qui
883 4969 1188 5035 viderunt
1231 4979 1407 5034 stare
1452 4970 1606 5033 olim
1651 4991 1815 5052 quae
1861 4992 2035 5035 nunc
2079 4971 2553 5053 propemodum

595 5059 825 5123 iacent.
919 5057 978 5121 O
1045 5075 1241 5138 quum
1305 5065 1668 5138 praestaret
1746 5077 2084 5138 nunquam
2158 5068 2344 5122 natos
2409 5080 2552 5124 esse

596 5151 734 5207 tam
781 5144 1074 5226 impuros
1119 5141 1428 5206 ecclesiae
1473 5162 1829 5219 eversores,
1877 5142 1992 5224 qui
2039 5164 2164 5206 non
2203 5144 2553 5210 attendunt

595 5241 839 5308 quanto
884 5249 1035 5293 cum
1083 5231 1316 5291 timore
1363 5226 1758 5291 versandum
1804 5227 1890 5291 sit
1933 5229 2004 5291 in
2039 5249 2234 5310 opere
2260 5231 2548 5305 Domini,

594 5321 662 5375 et
707 5335 902 5397 quam
948 5313 1299 5396 diligenter
1341 5311 1700 5377 videndum
1759 5314 1846 5377 sit
1903 5335 1986 5379 nc
2040 5315 2195 5396 quid
2250 5314 2551 5382 diruatur

2195 412 2725 482 EPIS'POLAE
2772 416 3111 481 392-393

4533 415 4673 485 388.

2702 601 2982 668 aedificii
3026 603 3249 668 sancti.
3340 601 3524 684 Quot
3560 601 3854 669 cladibus
3897 623 3985 680 sc,
4041 623 4192 669 suos
4234 610 4305 669 et
4342 603 4657 688 populum

2700 687 2973 753 Domini
3029 689 3247 753 affecit
3302 688 3616 754 scelestus
3670 689 3782 755 ille
3826 689 4098 754 Dathan
4152 711 4301 755 cum
4344 690 4656 756 consorti-

2702 774 2826 840 bus
2871 772 3051 839 snis?
3140 773 3376 858 Itaque
3419 796 3555 839 non
3600 781 3700 840 est
3742 775 4136 852 mirandum,
4182 777 4236 839 si
4282 777 4520 859 ingens
4564 776 4656 839 la-

2700 858 2820 924 bor
2878 858 3083 924 Virdo
3126 860 3324 925 fuerit
3365 860 3766 939 subeundus,
3826 869 3902 926 ut
3953 862 4263 944 populum
4320 859 4658 927 reduceret

2702 945 2772 1008 in
2820 944 3024 1010 viam:
3071 946 3142 1010 in
3186 967 3312 1029 qno
3357 945 3533 1011 solus
3576 945 3899 1012 laboravit
3934 957 4085 1012 ante
4126 946 4381 1013 Calvim‘
4413 946 4655 1014 adven-

2704 1038 2867 1109 tum,
2915 1030 3111 1113 idque
3171 1032 3457 1096 maximo
3518 1053 3670 1097 cum
3729 1033 3965 1098 fructu.
4056 1033 4147 1097 Et
4189 1055 4367 1099 nunc
4410 1033 4468 1098 si
4515 1031 4657 1099 Gal-

2700 1117 2844 1181 vino
2888 1126 2955 1180 et
3005 1116 3210 1181 Vireto
3252 1139 3454 1201 supra
3496 1119 3670 1182 vires
3714 1119 3800 1183 sit
3842 1117 4288 1197 laborandum,
4329 1128 4406 1184 ut
4449 1120 4657 1186 forma

2701 1201 3009 1267 ccclesiae
3052 1202 3365 1267 reddatur
3400 1223 3529 1286 qua
3570 1223 3690 1285 per
3711 1203 4051 1269 Christum
4089 1206 4459 1271 conservari
4503 1226 4654 1290 pos-

2702 1287 2803 1366 sit,
2848 1300 2916 1353 et
2960 1288 3303 1372 flagitiosis
3346 1309 3479 1353 non
3535 1296 3670 1352 tam
3728 1289 3915 1355 facile
3958 1296 4182 1373 pateat
4220 1312 4536 1370 accessus,
4582 1292 4656 1356 in

2700 1395 2894 1456 qnam
2931 1394 3072 1438 rem
3107 1374 3229 1439 soli
3263 1395 3465 1457 quum
3502 1373 3904 1453 incumbant,
3941 1377 4198 1440 utinam
4231 1377 4401 1441 nulli
4435 1386 4656 1443 essent

2700 1459 2830 1541 qui,
2873 1481 2992 1543 pro
3033 1480 3154 1543 ope
3189 1481 3385 1542 quam
3420 1461 3655 1526 merito
3689 1462 3860 1526 ferre
3903 1459 4231 1540 deberent,
4268 1483 4403 1527 non
4444 1463 4655 1546 impe-

2699 1544 2919 1609 dirent
2964 1555 3098 1609 tam
3142 1546 3282 1628 pios
3325 1554 3613 1611 conatus.
3679 1547 3857 1612 Huic
3899 1546 4108 1612 labori
4154 1549 4405 1614 accedit
4437 1563 4655 1615 metus

2701 1651 2785 1695 ne
2847 1630 3096 1695 Viretus
3152 1630 3334 1696 illinc
3380 1633 3735 1711 anferatur,
3792 1653 3919 1715 quo
3976 1633 4234 1698 sublato
4279 1636 4500 1699 statim
4523 1657 4656 1701 ac·-

2702 1727 2842 1779 tum
2890 1716 3018 1780 erit
3063 1717 3142 1782 de
3184 1715 3462 1796 Calvino,
3510 1717 3731 1799 sicque
3775 1738 4044 1799 prorsus
4086 1729 4346 1785 corruet
4386 1721 4503 1785 illa
4545 1741 4655 1788 ec-

2700 1801 2913 1868 clesia.
3003 1801 3194 1878 Nam,
3261 1811 3337 1867 ut
3400 1803 3685 1888 ingenue
3748 1804 3974 1882 fatear,
4044 1803 4236 1870 hodie
4300 1805 4462 1872 alios
4515 1828 4657 1873 non

2701 1888 2853 1953 novi
2896 1887 3131 1970 quibus
3178 1895 3437 1953 tantum
3482 1909 3649 1954 onus
3692 1889 3898 1972 possit
3944 1890 4223 1973 imponi,
4284 1912 4495 1975 neque
4539 1894 4657 1975 qui

2697 1974 2951 2055 possint
2995 1974 3100 2039 vel
3145 1975 3448 2039 umbram
3490 1974 3726 2039 horum
3770 1975 4031 2041 referre.
4095 1977 4247 2040 Non
4292 1986 4393 2042 est
4428 1978 4511 2044 de
4544 1999 4656 2044 me

2698 2066 2834 2122 tam
2880 2059 3047 2124 bene
3093 2061 3328 2124 merita
3364 2059 3642 2125 Geneva
3686 2068 3761 2125 ut
3802 2062 4010 2145 magis
4054 2061 4151 2126 illi
4191 2065 4449 2147 cupiam
4495 2084 4658 2129 con-

2697 2144 2945 2209 sultum
2985 2164 3182 2228 quam
3226 2145 3431 2210 alteri.
3514 2143 3651 2210 Sed
3695 2145 4006 2213 Christus
4051 2169 4156 2213 me
4194 2150 4369 2233 cogit
4409 2152 4525 2232 qui
4570 2151 4658 2214 il-

2695 2228 2829 2293 lam
2895 2229 3139 2314 delegit
3201 2240 3276 2295 ut
3341 2251 3538 2296 suum
3595 2232 3665 2295 in
3724 2252 3803 2297 ea
3858 2254 4098 2298 nomen
4155 2233 4461 2314 illustret,
4529 2257 4660 2320 per

2696 2336 3006 2398 magnam
3073 2315 3475 2382 credentium
3540 2337 3704 2399 quae
3768 2317 3902 2384 illic
3967 2326 4067 2384 est
4122 2313 4654 2387 multitudinem:

2696 2401 2804 2466 cui
2864 2401 3109 2466 accedit
3164 2402 3456 2466 maxima
3510 2403 3802 2467 omnium
3850 2403 4218 2470 Galliarum
4263 2405 4656 2488 aedificatio,

2694 2485 2853 2552 dum
2898 2494 3031 2553 stat
3071 2487 3187 2552 illa
3231 2487 3521 2566 ecclesia,
3565 2494 3641 2552 ut
3681 2489 3874 2554 ruina
3907 2489 4308 2557 incredibilis
4349 2495 4659 2576 sequitur

2693 2572 2849 2637 dum
2895 2571 3067 2638 cadit
3110 2583 3177 2637 et
3219 2572 3563 2638 desolatur.
3631 2574 3727 2640 Ut
3761 2573 3841 2639 de
3877 2575 4024 2642 aliis
4060 2586 4329 2644 taceam.
4398 2578 4655 2662 Quare,

2690 2679 2728 2722 o
2774 2680 2928 2723 vere
2973 2658 3223 2723 Christi
3267 2660 3558 2723 amantia
3598 2667 3878 2742 pectora,
3925 2663 4118 2727 sicuti
4164 2662 4319 2728 olim
4363 2665 4659 2749 pro·illa

2689 2742 3030 2809 laborastis
3075 2743 3366 2823 ecclesia,
3427 2753 3494 2810 et
3552 2766 3764 2829 nuper
3820 2753 3956 2812 tam
4012 2756 4277 2814 strenue
4336 2771 4452 2832 pro
4500 2752 4656 2831 hac,

2686 2829 2781 2893 ita
2823 2829 3185 2895 incumbite
3227 2830 3296 2893 16
3342 2830 3465 2897 1166
3511 2840 3585 2896 nt
3619 2832 3790 2914 quod
3828 2841 4130 2916 coeptum
4171 2835 4303 2900 iam
4345 2835 4480 2902 illic
4524 2845 4657 2917 est,

2688 2914 2983 2996 qnodque
3026 2916 3157 2979 iam
3204 2916 3481 2980 multam
3524 2917 3681 2981 facit
3724 2939 3927 3001 spem,
3972 2928 4039 2984 et
4083 2929 4373 2985 erectum
4418 2944 4657 2990 assur-

2685 3000 2802 3083 git,
2850 3000 3245 3080 absolvatur,
3292 3003 3360 3065 in
3399 3003 3522 3067 hoc
3558 3013 3692 3067 tam
3730 3004 3856 3086 piis
3894 3012 3959 3068 et
3994 3005 4362 3090 insignibus
4385 3008 4660 3076 Christi

2687 3086 2895 3151 servis
2939 3085 3447 3170 perdurantibus
3475 3087 3732 3153 Calvino
3767 3098 3834 3154 et
3872 3089 4099 3171 Vir-etc,
4147 3114 4474 3177 quumque
4520 3096 4656 3161 hos

2684 3171 3099 3238 coniunxerit
3119 3172 3466 3252 Dominus,
3511 3175 3886 3257 precemini,
3933 3198 4188 3260 quaeso,
4232 3200 4318 3244 ne
4360 3201 4495 3263 qua
4541 3204 4657 3248 se-

2683 3266 3001 3340 parentur
3042 3259 3311 3337 ratione,
3371 3258 3484 3324 sed
3541 3270 3617 3324 ut
3669 3272 3949 3345 pergant
4005 3283 4264 3347 semper
4303 3267 4521 3349 magis
4570 3288 4656 3333 ac

2682 3344 2915 3427 magis,
2939 3351 3016 3409 ut
3038 3364 3192 3409 vere
3217 3365 3427 3408 unum
3449 3355 3619 3424 sunt,
3646 3366 3873 3413 omnes
3895 3349 3965 3413 in
3980 3348 4248 3414 Christo
4270 3350 4405 3417 illic
4426 3375 4658 3420 unum

2681 3427 2970 3493 reddere.
3062 3430 3151 3493 Et
3193 3450 3323 3513 qua
3375 3431 3612 3495 valetis
3665 3434 3881 3516 gratia
3935 3443 4001 3499 et
4057 3438 4405 3502 autoritate
4460 3439 4657 3522 apud

2680 3514 3019 3580 ecclesiam
3079 3516 3506 3595 Bernensem,
3571 3517 3807 3583 efficite
3874 3526 3948 3583 111
4011 3520 4079 3584 1(1
4138 3523 4270 3586 1161.
4361 3522 4657 3607 Optime

2679 3621 3020 3683 speramus
3077 3599 3156 3665 de
3212 3603 3582 3685 pastoribus
3648 3600 3822 3687 apud
3887 3626 4049 3687 qnos
4106 3627 4240 3671 non
4306 3608 4475 3675 levis
4539 3619 4657 3677 est

2681 3693 2900 3750 vestra
2966 3686 3315 3764 autoritas,
3383 3708 3510 3769 (1116
3575 3687 3686 3753 (161
3744 3688 4052 3757 Christus
4113 3693 4183 3756 in
4250 3693 4373 3760 hac
4429 3717 4657 3764 causa

2678 3780 2904 3837 sancte
2949 3771 3243 3851 utamini,
3298 3781 3365 3837 et
3416 3774 3486 3837 in
3546 3773 3690 3838 aliis
3747 3796 4001 3859 quoque
4045 3798 4212 3860 (11166
4255 3781 4509 3846 faciunt
4558 3784 4658 3849 ad

2677 3856 3195 3923 aedificationem
3240 3858 3686 3924 ecclesiarum:
3746 3862 3817 3924 in
3875 3883 4002 3946 qua
4055 3884 4288 3930 vereor
4332 3886 4415 3931 ne
4460 3889 4656 3933 non-

2676 3941 2845 4007 nulli
2901 3953 3319 4027 praepostero
3376 3946 3673 4010 ferantur
3722 3947 3889 4027 zelo,
3950 3968 4093 4014 sese
4149 3971 4297 4015 cum
4356 3952 4506 4019 aliis
4572 3956 4655 4021 111

2675 4029 2935 4093 ruinam
2991 4028 3346 4095 trahentes.
3438 4029 3618 4096 Satis
3673 4040 3830 4097 nota
3883 4045 4039 4099 sunt
4092 4033 4345 4102 Christi
4402 4041 4651 4122 verba,

2675 4114 2845 4197 quod
2889 4113 3224 4199 perditum
3265 4137 3402 4180 non
3447 4117 3703 4181 venerit
3745 4119 3860 4184 sed
3903 4129 4256 4200 servatum,
4302 4143 4452 4189 cum
4504 4147 4656 4210 quo

2674 4199 2784 4281 qui
2830 4221 2963 4263 non
3008 4199 3255 4284 colligit
3299 4201 3633 4286 dispergit.
3706 4202 3881 4269 Sane
3925 4227 4085 4289 quos
4131 4208 4314 4274 nobis
4359 4231 4656 4278 concre-

2672 4282 2836 4349 didit
2881 4286 3206 4351 Dominus
3261 4296 3329 4352 et
3386 4287 3569 4353 nobis
3623 4290 3983 4369 coniunxit,
4042 4313 4160 4375 pro
4216 4293 4496 4376 viribus,
4566 4309 4657 4365 ut

2670 4380 3020 4436 serventur
3066 4380 3133 4436 et
3168 4394 3369 4438 unum
3409 4375 3544 4439 sint
3577 4375 3931 4454 nobiscum,
3978 4378 4447 4445 elaborandum
4497 4395 4654 4465 θείη

2669 4455 3066 4539 candideque
3111 4479 3329 4523 coram
3353 4459 3498 4523 Deo
3541 4460 3791 4544 angelis
3828 4471 3891 4525 et
3928 4462 4302 4529 hominibus
4338 4474 4440 4532 est
4474 4491 4656 4553 per-

2669 4541 2971 4625 gendum,
3014 4563 3147 4607 non
3194 4543 3434 4626 duplici
3481 4546 3690 4622 corde,
3738 4567 3873 4611 non
3918 4570 4145 4630 pressa
4187 4551 4366 4616 intus
4412 4556 4657 4624 multa

2667 4628 3023 4704 iracundia,
3070 4651 3234 4711 quae
3259 4651 3400 4695 sese
3436 4640 3701 4696 exserat
3740 4634 4039 4715 protinus
4085 4633 4197 4699 ubi
4222 4638 4464 4704 rimula
4518 4664 4655 4726 pa-

2666 4721 2778 4791 tet,
2826 4735 2954 4796 qua
2997 4715 3324 4797 possimus
3369 4717 3613 4781 sanctis
3659 4719 4000 4784 conatibus
4044 4721 4371 4801 reluctari,
4432 4729 4656 4794 nulla

2664 4798 2792 4863 Dei
2828 4820 3043 4882 neque
3087 4800 3391 4866 ecclesiae
3429 4802 3652 4868 habita
3692 4805 3959 4870 ratione.
4036 4805 4097 4872 Ο
4134 4829 4328 4890 quam
4364 4812 4653 4881 malum

2663 4895 2763 4950 est
2806 4885 3076 4967 plausus
3122 4887 3343 4970 populi
3387 4909 3716 4969 quaerere.
3807 4889 3939 4955 Sed
3985 4892 4189 4975 quid?
4266 4895 4414 4960 Non
4462 4901 4653 4965 coli-

2661 4993 2810 5036 mus
2868 4970 2975 5035 hic
3033 4993 3223 5054 agros
3281 4975 3421 5037 sine
3478 4974 3704 5055 spinis,
3773 4996 3932 5057 quas
3994 4980 4316 5045 Dominus
4374 4986 4653 5052 evellat

2656 5079 2922 5140 prorsus
2967 5079 3047 5121 ex
3094 5059 3381 5122 omniurn
3431 5059 3753 5125 cordibus.

2827 5143 3127 5208 Alterum
3174 5159 3273 5209 est
3328 5144 3501 5226 quod
3560 5169 3675 5212 vos
3731 5147 4083 5215 obtestatos
4130 5151 4331 5216 velim
4376 5163 4456 5218 ut
4511 5177 4651 5226 cu-

2657 5230 2836 5306 retis,
2897 5239 2964 5293 et
3021 5237 3095 5292 ut
3139 5231 3563 5313 magistratus
3621 5235 3745 5299 iste
3786 5247 3971 5300 curet
4013 5258 4265 5320 quoque
4310 5260 4426 5321 per
4478 5240 4652 5311 Do-

2653 5316 2927 5391 minum,
2989 5336 3223 5398 nempe
3277 5315 3615 5382 dissidium
3673 5320 3836 5385 illud
3882 5333 4017 5385 tam
4061 5326 4509 5407 perniciosum
4568 5341 4651 5398 et
