5050 6167
436 418 561 496 ’189

436 604 577 689 ipso
620 621 780 704 esse.
870 601 1063 704 Quod
1095 603 1155 668 si
1188 603 1434 680 fecer-it,
1475 603 1691 669 videat
1722 623 1851 687 quo
1882 603 1973 669 sit
2015 603 2165 670 dolo
2207 624 2387 671 snm-

438 710 611 756 mam
652 707 1083 773 ignominiam
1130 709 1468 755 evasurus.
1644 709 1651 716 ·

608 775 990 841 Praeterea:
1048 774 1289 840 Nullus
1344 773 1598 840 habens
1653 775 1859 840 vitam
1920 783 1989 839 et
2036 775 2385 841 essentiam

439 862 522 928 ab
558 861 694 950 ‚alio
736 862 1284 927 communicatam
1328 880 1404 926 ac
1446 860 1686 936 datam,
1733 881 1774 925 a
1815 882 1885 925 se
1918 861 2061 943 ipso
2103 882 2246 926 esse
2289 860 2385 925 di·

437 955 639 1014 cetur.
728 946 1053 1023 Christus,
1097 947 1166 1011 in
1201 955 1522 1029 quantum
1562 947 1767 1023 Deus,
1813 947 2022 1011 vitam
2059 954 2128 1010 et
2167 967 2387 1012 ossen-

436 1034 597 1097 tiam
652 1031 735 1096 ab
786 1032 916 1097 alio
971 1032 1519 1097 communicatam
1576 1051 1655 1097 ae
1696 1030 1916 1096 datam
1960 1031 2174 1109 habet,
2234 1053 2274 1097 a
2316 1053 2387 1097 so

436 1119 580 1201 ipso
614 1119 819 1202 igitur
872 1138 1007 1183 non
1061 1119 1203 1182 erit.
1291 1118 1438 1183 Hoc
1481 1127 1965 1200 argumentum,
2024 1117 2215 1200 quale
2269 1126 2386 1197 est,

437 1224 520 1268 ex
545 1211 662 1268 tua
689 1205 1046 1287 posteriore
1080 1203 1359 1286 epistola
1372 1203 1464 1284 ²⁰)
1501 1223 1541 1266 a
1577 1203 1847 1269 Chr-tasio
1884 1202 2003 1268 tibi
2038 1202 2387 1286 aliquando

434 1289 640 1355 fuisse
704 1290 1045 1354 obtrusum
1111 1287 1442 1372 intelligo,
1506 1288 1880 1371 ipsumque,
1946 1287 2063 1354 sed
2122 1290 2386 1367 fmstra,

435 1374 624 1440 nisus
681 1395 752 1439 es
805 1374 1086 1439 eludere.
1202 1372 1511 1439 Admissa
1563 1377 1801 1457 quippe
1858 1374 2101 1439 maiore
2161 1376 2385 1458 (quam

432 1480 635 1526 nemo
676 1462 841 1525 citra
884 1469 1109 1525 notam
1143 1459 1487 1525 haereseos
1520 1459 1868 1538 reiecerit),
1912 1459 2152 1525 minori
2202 1469 2387 1525 auto-

432 1548 636 1612 ritate
694 1546 965 1611 Ioannis
1008 1547 1323 1623 firmatae,
1373 1564 1503 1629 qua
1544 1545 1663 1610 ait:
1708 1544 1899 1612 Sicut
1948 1557 2137 1629 pater
2190 1545 2388 1610 habet

430 1633 646 1699 vitam
685 1633 760 1697 in
802 1640 1012 1698 semet
1052 1631 1212 1714 ipso,
1259 1633 1351 1697 sic
1394 1630 1575 1696 dedit
1608 1630 1747 1697 filio
1781 1631 1988 1697 vitam
2032 1630 2275 1696 habere
2316 1632 2387 1696 in

428 1726 646 1784 semet
699 1719 843 1800 ipso
900 1718 1052 1794 (Ev.
1101 1721 1159 1794 5,
1219 1721 1347 1794 26),
1393 1715 1777 1801 respondes:
1822 1717 2121 1782 Primum
2177 1737 2391 1799 neque

427 1804 509 1870 in
578 1804 871 1869 divinam
934 1823 1147 1885 neque
1211 1804 1281 1867 in
1345 1801 1701 1867 humanam
1764 1801 2015 1868 Christi
2079 1809 2388 1867 naturam

426 1890 821 1973 simpliciter
854 1897 1238 1972 competere,
1276 1887 1391 1953 scd
1426 1889 1497 1952 in
1532 1898 1738 1952 totam
1772 1907 2138 1970 personam.
2198 1887 2392 1953 Bella

427 1976 726 2060 quidem,
771 1975 887 2040 sed
921 1995 1059 2039 non
1093 1995 1556 2056 usquequaque
1589 1981 1750 2049 tuta,
1794 1994 2006 2056 neque
2039 1972 2391 2038 admodum

426 2062 739 2147 apposita
785 2061 1133 2143 responsio.
1220 2060 1351 2126 Hic
1408 2061 1585 2125 enim
1628 2061 1913 2143 ingenue
1953 2059 2073 2124 tibi
2116 2060 2393 2134 fatebor,

426 2159 714 2233 patrem,
760 2147 872 2231 qui
910 2146 1110 2209 vitam
1157 2165 1198 2209 a
1240 2155 1447 2211 semet
1480 2145 1623 2227 ipso
1657 2144 1872 2220 habet,
1914 2145 2025 2228 qui
2060 2166 2197 2210 non
2238 2166 2391 2227 par-

426 2235 819 2317 ticipatione
862 2232 1053 2306 vivit,
1100 2230 1213 2296 sed
1257 2230 1879 2296 incommutabiliter
1934 2231 2099 2295 vivit
2141 2239 2210 2295 et
2250 2251 2392 2295 om·

428 2321 601 2385 nino
657 2319 800 2384 vita
849 2326 967 2393 est,
1024 2315 1277 2382 dedisse
1331 2316 1468 2381 filio
1524 2317 1729 2381 vitam
1789 2316 2029 2381 habere
2070 2316 2139 2381 in
2186 2323 2394 2381 semet

430 2405 619 2555 ³¹:2⁶3:
659 2405 840 2555 322¹}ss
877 2402 1093 2571 3:50⁰?
1128 2401 1632 2570 {ffussmsst
1687 2400 2251 2567 ssffssmffi‘ffizssa.
2266 2402 2395 2551 ¹:1³2}

478 2579 544 2642 it
596 2584 671 2640 ut
726 2582 901 2640 esset
955 2575 1068 2648 sic,
1125 2572 1305 2638 dedit
1362 2581 1436 2639 ut
1478 2573 1615 2636 vita
1657 2583 1825 2637 esset
1868 2573 1938 2636 in
1983 2580 2189 2637 semet
2226 2573 2390 2655 ipso.

434 2661 673 2744 Quum
710 2669 933 2725 autem
956 2659 1222 2725 dicitur:
1269 2658 1450 2724 dedit
1480 2658 1615 2723 filio
1650 2660 1853 2724 vitam
1885 2657 1956 2722 in
1999 2665 2211 2723 semet
2249 2660 2392 2740 ipso

433 2748 707 2825 habere,
763 2745 895 2810 tale
949 2757 1050 2809 est
1093 2765 1169 2810 ac
1206 2746 1263 2810 si
1307 2745 1660 2810 diceretur:
1705 2744 1934 2827 genuit
1988 2744 2071 2809 ab
2127 2751 2394 2809 aeterno

431 2834 677 2909 filium,
715 2830 1085 2916 generando
1119 2832 1295 2895 enim
1330 2829 1528 2908 dedit,
1567 2829 1851 2912 dumque
1886 2828 2183 2913 gignitur
2214 2827 2391 2895 filius

432 2920 700 3002 accipit.
800 2917 979 2982 Hine
1034 2917 1481 3000 Augustinus:
1539 2915 1742 2980 Pater
1804 2914 2012 2979 vitam
2070 2913 2268 2980 habet
2321 2916 2392 2979 in

430 3013 657 3073 semet
696 3004 840 3087 ipso
881 3019 1079 3085 quam
1121 3023 1314 3066 nemo
1357 3002 1417 3065 ei
1461 3000 1658 3076 dedit,
1708 3000 1882 3065 filius
1924 3008 2143 3064 autem
2191 3001 2395 3065 vitam

428 3093 511 3158 in
554 3099 763 3155 semet
796 3090 939 3171 ipso
975 3087 1176 3152 habet
1205 3108 1400 3170 quam
1434 3098 1621 3170 pater
1648 3084 1846 3150 dedit.
1917 3086 2154 3169 Itaque
2191 3107 2395 3168 quum

430 3177 726 3245 verbum
791 3196 832 3239 a
894 3184 1083 3257 patre
1147 3174 1441 3256 genitum
1508 3170 1789 3236 haesitet
1842 3191 2065 3248 nemo,
2132 3170 2397 3237 fatearis

433 3269 725 3347 oportet,
784 3262 1042 3326 seclusa
1099 3258 1390 3323 bumana
1446 3266 1685 3321 natura
1736 3257 1955 3339 ipsum
2012 3256 2143 3321 Dei
2184 3256 2396 3321 filium

430 3350 531 3417 ab
564 3357 833 3412 aeterno
867 3348 1073 3411 vitam
1110 3365 1151 3410 a
1184 3351 1372 3427 patre
1395 3342 1785 3407 naturaliter
1810 3342 2152 3424 accepisse.
2220 3341 2397 3408 Huic

434 3442 715 3501 nostrae
768 3432 1131 3498 sententiae
1186 3428 1537 3494 subscribit
1555 3428 1647 3512 2¹)
1692 3427 1987 3492 Hilarius
2043 3437 2273 3494 octavo
2318 3427 2399 3492 de

432 3520 774 3587 'I'rinitate
810 3518 1143 3599 inquiens:
1189 3516 1515 3580 Donantis
1557 3514 1908 3578 autoritate
1964 3525 2149 3594 pater
2191 3514 2400 3578 maior

432 3612 570 3682 est,
626 3603 741 3669 scd
797 3604 1019 3668 minor
1073 3622 1209 3666 non
1250 3608 1356 3666 est
1394 3599 1569 3665 filius
1612 3599 1718 3665 eui
1762 3618 1969 3662 unum
2012 3617 2156 3662 csse
2199 3597 2398 3663 dona-

434 3699 578 3757 tur.
670 3690 963 3754 Afferam
1000 3694 1070 3751 et
1104 3686 1210 3752 hie
1244 3686 1498 3770 cyrilli,
1541 3687 1650 3767 qui
1687 3691 1764 3748 ut
1796 3681 1988 3748 video
2030 3683 2148 3748 tibi
2182 3684 2400 3748 minus

436 3790 551 3844 est
573 3787 921 3858 suspectus
936 3776 1048 3846 ²²).
1078 3772 1471 3836 sententiam
1496 3792 1578 3836 ex
1603 3769 1766 3834 libro
1790 3769 2113 3833 Thesauri
2138 3777 2395 3850 quarto:

435 3862 685 3937 Filius,
721 3861 953 3943 inquit,
992 3858 1189 3922 dante
1226 3866 1432 3939 patre,
1474 3856 1583 3939 qui
1606 3856 1823 3938 ipsum
1848 3876 1990 3919 esse
2026 3853 2155 3930 dat,
2194 3853 2397 3917 vitam

435 3948 648 4014 habet
667 3947 736 4011 in
773 3953 982 4010 semet
1020 3943 1180 4026 ipso.
1246 3942 1451 4007 Libro
1486 3961 1744 4024 quoque
1775 3940 2022 4004 decimo
2057 3941 2178 4004 ait:
2217 3939 2397 4004 Dum

437 4035 628 4101 filius
692 4052 733 4097 a
796 4041 982 4116 patre
1046 4028 1351 4104 nascitur,
1418 4027 1642 4093 omnia
1706 4025 2115 4102 naturaliter,
2182 4026 2396 4106 ipsum

437 4121 649 4185 etiam
706 4138 868 4190 esse,
928 4137 972 4179 a
1019 4124 1206 4196 patre
1259 4112 1458 4178 habet
1511 4123 1581 4176 et
1635 4112 1782 4176 ideo
1840 4110 2082 4176 dicitur
2130 4130 2171 4173 a
2212 4119 2396 4193 patre

438 4206 583 4271 aeci
636 4224 764 4268 ere.
850 4202 999 4266 Non
1043 4200 1248 4283 igitur
1284 4219 1483 4281 quum
1527 4219 1657 4262 non
1706 4196 1903 4261 habet
1944 4196 2237 4278 accipere
2280 4196 2397 4260 ali·-

436 4291 561 4375 qui
653 4309 694 4353 a
734 4296 920 4371 patre
963 4286 1285 4351 scribitur.
1375 4283 1596 4350 Habet
1638 4283 1815 4348 enim
1864 4281 2088 4345 omnia
2132 4291 2398 4345 natura-

438 4376 622 4455 liter,
667 4395 869 4457 quum
914 4372 1190 4438 verbum
1252 4380 1322 4434 et
1364 4367 1672 4451 splendor
1728 4369 1891 4432 lueis
1934 4375 2248 4450 paternae
2293 4367 2396 4443 sit,

437 4482 585 4528 nno
626 4459 766 4526 solo
809 4469 1096 4540 excepto,
1142 4454 1312 4538 quod
1355 4465 1545 4538 pater
1586 4474 1720 4518 non
1765 4462 1892 4517 est:
1951 4453 2241 4533 accipere
2283 4471 2399 4517 au-

450 4555 598 4613 tem
652 4568 694 4612 a
732 4555 921 4629 patre
976 4566 1047 4610 se
1090 4542 1267 4618 dicit,
1323 4551 1401 4605 ιιι
1442 4542 1696 4606 futuras
1739 4537 2215 4603 haeretieorum
2259 4537 2398 4619 opi-

449 4635 692 4700 niones
732 4630 1047 4695 radicitus
1088 4634 1433 4693 everteret.
1522 4624 1690 4692 Nam
1727 4624 1873 4705 quis
1905 4623 2128 4688 omnia
2159 4624 2225 4687 in
2264 4623 2401 4688 filio

447 4717 862 4804 prospiciens
926 4722 1192 4798 propter
1253 4708 1849 4778 incommutabilem
1907 4707 2401 4774 similitudinem

447 4812 658 4889 atque
709 4801 1140 4870 identitatem.
1199 4797 1477 4864 eundem
1532 4803 1716 4878 putet
1772 4807 2024 4879 patrem
2082 4805 2150 4859 et
2191 4795 2402 4859 filium

446 4909 603 4956 esse
649 4888 847 4972 (quod
880 4884 1175 4952 Sabellio
1208 4883 1491 4964 accidit),
1535 4882 1904 4945 necessaria
1936 4899 1978 4943 a
2008 4889 2194 4963 patre
2237 4882 2402 4945 acci-

660 5194 750 5255 20)
786 5192 1071 5263 quanam?

662 5265 757 5327 21)
797 5266 1020 5347 ascribit
1060 5266 1165 5330 (α).
1200 5332 1213 5345 ,
1555 5327 1568 5340 ,
1686 5326 1698 5340 .
1859 5324 1871 5338 .
2345 5322 2358 5335 .

662 5322 2403 5392 221Tmaaaumaoammmmmdw·

2132 418 2295 481 1544
2336 414 2751 487 DEOEMB.

4192 425 4203 441 ⁰
4307 427 4446 494 ⁴790

2489 624 2648 687 pere
2703 625 2873 687 quae
2924 605 3009 670 ab
3066 625 3144 672 eo
3198 604 3590 672 naturaliter
3631 606 3849 687 habet,
3907 615 3989 673 ut
4027 629 4230 693 quum
4273 609 4448 678 alter

2491 689 2636 766 det,
2701 689 2868 754 alter
2925 691 3220 774 accipiat.
3316 691 3503 757 Adde
3568 693 3739 776 quod
3784 697 4204 777 Augustinus
4271 695 4440 763 libro

2488 781 2728 858 quarto
2771 774 2853 840 de
2896 776 3223 842 Trinitate
3262 778 3384 843 ait:
3427 778 3630 844 Pater
3661 787 3764 844 est
3805 779 4199 863 principium
4245 783 4444 848 totius

2490 860 2770 926 deitatis.
2858 859 2941 925 Id
2983 870 3205 926 autem
3249 883 3393 929 esse
3434 872 3692 947 oportet
3733 873 3851 929 aut
3892 866 4268 950 generando
4326 878 4443 932 aut

2489 944 2819 1029 spirando.
2906 946 3117 1013 Nemo
3161 968 3336 1025 sane,
3382 956 3643 1031 praeter
3674 950 4164 1034 generationem
4198 963 4266 1017 et
4307 953 4443 1037 spi-

2490 1033 2834 1110 rationem,
2879 1032 3081 1097 alium
3140 1034 3208 1098 in
3263 1044 3451 1117 patre
3493 1036 3888 1101 notionalem
3933 1045 4152 1103 aetum
4199 1039 4443 1103 consti-

2490 1126 2651 1183 tuet.
2742 1116 3080 1203 Quidquid
3123 1118 3326 1203 igitur
3367 1120 3450 1184 ad
3493 1121 3668 1186 intra
3702 1130 3890 1203 pater
3922 1131 4003 1186 ut
4044 1123 4442 1206 principium

2489 1213 2813 1286 operatur,
2851 1203 2954 1269 vel
2993 1203 3322 1288 gignendo
3354 1205 3461 1271 vel
3497 1205 3804 1289 spirando
3839 1209 4005 1292 agit:
4044 1217 4114 1272 at
4147 1207 4443 1274 divinam

2490 1298 2793 1354 naturam
2827 1296 3016 1371 pater
3054 1310 3263 1374 neque
3295 1301 3570 1374 generat
3606 1313 3818 1376 neque
3852 1294 4073 1377 spirat,
4118 1315 4189 1359 se
4223 1294 4443 1377 ipsum

2490 1375 2728 1458 quippe
2774 1385 3137 1459 generaret.
3226 1375 3427 1441 Nulla
3481 1386 3698 1442 autem
3756 1399 3862 1443 res
3920 1379 4028 1463 (ut
4083 1379 4258 1445 idem
4301 1381 4441 1446 Au·

2490 1463 2794 1543 gustinus
2839 1460 3003 1526 libro
3047 1461 3260 1544 primo
3304 1460 3385 1528 de
3430 1462 3751 1527 Trinitate
3794 1464 3917 1546 ait)
3959 1487 4032 1529 so
4072 1464 4283 1548 ipsam
4327 1486 4442 1550 ge·

2490 1556 2695 1611 uerat.
2782 1547 2982 1611 Pater
3024 1547 3232 1630 igitur
3273 1547 3407 1613 filio
3450 1557 3721 1613 aeterna
3763 1551 4202 1632 generatione,
4245 1550 4442 1634 spiri-

2490 1632 2592 1696 tui
2635 1652 2794 1696 vcro
2838 1633 3195 1715 spiratione
3228 1633 3434 1699 vitam
3483 1635 3934 1700 communicat.
4022 1635 4150 1700 His
4193 1637 4444 1719 astipu-

2491 1716 2668 1781 latur
2721 1718 3108 1783 Ambrosius
3164 1720 3235 1783 in
3292 1717 3654 1784 seeundum
3708 1727 3904 1801 caput
3956 1720 4037 1784 ad
4087 1720 4440 1804 Ephesios.

2490 1801 2834 1885 Voluptas,
2871 1804 3047 1867 enim
3069 1804 3299 1886 inquit,
3336 1804 3554 1870 carnis
3589 1812 3691 1869 est
3729 1804 4093 1871 visibilibus
4112 1806 4443 1881 oblectari,

2492 1895 2571 1952 ιιι
2613 1888 2937 1953 elementa
2986 1909 3152 1971 quae
3209 1890 3393 1955 Deus
3449 1889 3891 1975 gubernacula
3950 1891 4245 1957 instituit
4286 1891 4442 1958 deos

2492 1971 2795 2056 appellet,
2836 1994 3037 2057 quum
3071 1973 3196 2039 hoc
3229 1995 3468 2040 nomen
3513 1976 3629 2040 uni
3664 1973 3810 2040 Deo
3846 1975 4162 2042 debeatur
4195 1998 4278 2043 ex
4312 1997 4442 2059 quo

2495 2068 2653 2123 sunt
2706 2060 2944 2135 omnia,
3006 2068 3079 2125 ιιι
3135 2061 3308 2126 sicut
3364 2059 3617 2125 nullum
3674 2060 4061 2145 participem
4120 2062 4318 2128 habet
4359 2084 4446 2128 ex

2495 2144 2601 2209 his
2643 2145 2712 2208 in
2758 2146 3027 2223 virtute,
3073 2146 3170 2211 ita
3211 2145 3470 2211 nullum
3515 2145 3753 2211 habeat
3796 2155 4163 2212 consortem
4206 2147 4279 2212 in
4327 2168 4444 2214 no-

2494 2231 2692 2310 mine.
2795 2229 3063 2297 Christo
3122 2240 3342 2296 autem
3399 2230 3639 2297 idcireo
3694 2232 3815 2298 hoc
3864 2252 4105 2297 nomen
4147 2253 4283 2297 non
4326 2253 4446 2298 ne-

2495 2324 2711 2399 gatur,
2769 2316 2925 2398 quia
2980 2316 3153 2381 sieut
3207 2318 3304 2381 eis
3359 2317 3718 2383 communis
3761 2327 3999 2382 natura
4039 2326 4143 2382 est
4185 2319 4280 2382 ita
4320 2318 4449 2384 erit

2494 2410 2566 2465 et
2617 2422 2876 2466 nomen.
2961 2401 3109 2467 Hoc
3164 2410 3389 2466 tamen
3445 2402 3620 2466 inter
3668 2411 3921 2484 patrem
3980 2411 4048 2468 et
4089 2402 4299 2467 filium
4342 2403 4447 2468 in·

2496 2496 2715 2566 terest,
2760 2488 2914 2569 quia
2954 2496 3145 2571 pater
3187 2507 3227 2551 a
3269 2486 3456 2551 nullo
3497 2488 3764 2568 aceepit,
3823 2487 3998 2552 filius
4054 2496 4273 2553 autem
4325 2509 4447 2573 per

2495 2574 2978 2655 generationem
3022 2573 3244 2638 omnia
3284 2573 3492 2656 patris
3534 2574 3799 2655 aceepit,
3859 2581 3932 2635 ut
3975 2573 4043 2637 in
4090 2575 4337 2639 virtute
4380 2583 4449 2639 et

2496 2656 2866 2722 substantia
2907 2668 2975 2723 ct
3016 2659 3284 2723 nomine
3326 2657 3494 2722 nihil
3539 2656 3739 2723 distet
3781 2657 3956 2722 filius
3992 2678 4032 2722 a
4065 2667 4269 2741 patre.
4340 2658 4448 2725 Ad

2495 2741 2658 2809 haec
2700 2763 2963 2808 rursum
3006 2765 3172 2826 quae
3213 2744 3284 2808 in
3328 2743 3613 2827 primum
3659 2757 3856 2826 caput
3887 2742 4063 2808 idem
4099 2746 4450 2827 scripserat

2497 2826 2886 2893 Ambrosius
2939 2828 3153 2894 facere
3209 2827 3535 2894 videntur.
3637 2827 3976 2894 Claritatis
4030 2839 4252 2895 tamen
4271 2879 4286 2909 ,
4345 2830 4449 2894 in-

2496 2914 2660 2995 quit,
2715 2923 2968 2996 patrem
3030 2924 3218 2979 vocat
3271 2923 3339 2978 et
3394 2915 3644 2980 Christi
3705 2913 3929 2992 deum,
3987 2936 4189 2997 quum
4248 2935 4448 2982 verus

2498 2998 2750 3065 Christi
2806 3007 2997 3083 pater
3053 3000 3140 3064 sit
3181 2998 3366 3065 Deus
3420 3010 3487 3065 et
3543 2999 3702 3065 deus
3745 3009 4098 3066 creaturae.
4190 2997 4450 3066 Deinde

2499 3083 2695 3168 paulo
2737 3093 2916 3168 post:
2964 3086 3191 3150 'Potius
3233 3105 3391 3169 ergo
3435 3084 3755 3151 claritatis
3796 3097 3983 3168 pater
4016 3095 4135 3164 cst,
4179 3086 4335 3168 quia
4367 3086 4449 3152 ab

2498 3170 2643 3252 ipso
2686 3179 2787 3235 est
2828 3170 3042 3235 omnis
3085 3169 3350 3236 claritas
3393 3180 3461 3236 et
3502 3179 3789 3253 potestas
3842 3180 3909 3235 et
3952 3170 4259 3255 dignitas,
4315 3192 4451 3236 non

2500 3254 2877 3339 generando
2933 3266 3050 3319 aut
3103 3255 3412 3339 spirando
3477 3256 3592 3321 sed
3650 3265 3848 3320 totam
3915 3256 4452 3324 communicando

2500 3349 2827 3405 naturam.
2941 3340 3153 3405 Nemo
3219 3342 3395 3406 enim
3460 3342 3721 3424 proprie
3785 3349 4087 3406 naturam
4154 3342 4450 3410 divinam

2502 3427 2792 3510 genitam
2853 3435 2973 3490 aut
3035 3426 3351 3509 spii-atam
3411 3426 3671 3492 dixerit.
3770 3427 3876 3492 Ex
3936 3427 4061 3506 his,
4111 3428 4178 3494 ni
4243 3428 4449 3507 fallor,

2502 3511 2868 3596 syllogismi
2909 3513 3126 3576 minor
3170 3511 3331 3577 adeo
3374 3523 3603 3594 aperta
3645 3520 3763 3589 est,
3810 3522 3884 3575 ιιι
3917 3513 4249 3578 neminem
4274 3522 4453 3596 post·

2502 3597 2629 3663 hae
2652 3597 2797 3663 sine
2818 3618 3076 3661 summa
3100 3597 3497 3682 ignominiae
3521 3606 3674 3662 nota
3698 3606 3923 3681 putem
3947 3600 4451 3682 refragaturum.

2676 3681 2811 3748 Sed
2855 3693 2930 3748 ut
2971 3703 3112 3747 rem
3145 3683 3360 3766 magis
3387 3682 3731 3760 illustrem,
3777 3704 3818 3747 a
3861 3698 3926 3746 te
3967 3684 4131 3747 mihi
4164 3684 4235 3748 in
4272 3693 4455 3752 tuam

2500 3768 2994 3850 responsionem
3041 3766 3542 3832 examinandam
3593 3788 3745 3831 mox
3807 3766 4199 3833 descensuro
4248 3789 4458 3836 unum

2500 3873 2888 3935 responsum
2909 3854 3205 3936 optarim.
3263 3851 3484 3934 Quum
3506 3853 3756 3935 inquis:
3793 3851 4117 3930 Christus,
4152 3855 4222 3918 in
4258 3874 4457 3936 quan-

2501 3947 2646 4002 tum
2689 3940 2892 4016 Deus,
2936 3960 2977 4004 a
3018 3959 3091 4004 se
3125 3938 3270 4022 ipso
3305 3947 3424 4017 est,
3467 3947 3580 4002 aut
3615 3938 3799 4002 Deus
3833 3959 3951 4019 pro
3996 3940 4139 4020 ipsa
4172 3938 4458 4006 essentia

2501 4023 2796 4088 absolute
2847 4023 3277 4099 considerata,
3334 4024 3475 4088 sive
3532 4045 3662 4087 non
3709 4024 4131 4105 suppositata,
4175 4032 4290 4088 aut
4332 4044 4454 4107 pto

2502 4108 2687 4173 verbi
2744 4130 3024 4191 persona
3076 4110 3280 4191 accipi
3332 4107 3664 4192 intelligis.
3753 4107 3995 4173 Utrum
4040 4108 4218 4173 voles
4261 4109 4450 4193 elige.

2502 4193 2581 4260 Si
2624 4215 2743 4277 pro
2787 4204 3025 4259 natura
3067 4215 3203 4259 non
3248 4195 3671 4277 suppositata,
3726 4192 3875 4260 vide
3934 4214 4100 4276 quae
4152 4192 4307 4259 hine
4349 4214 4452 4260 se-

2503 4287 2791 4362 quentur
2824 4280 3355 4345 inconvenientia
3376 4289 3569 4363 atque
3597 4279 3752 4362 quid
3790 4278 3945 4345 hinc
3979 4280 4204 4343 inferri
4225 4280 4450 4362 possit.

2504 4369 2599 4430 At
2657 4366 2711 4430 si
2758 4363 2973 4429 Deum
3030 4386 3149 4447 pro
3207 4366 3391 4431 verbi
3445 4386 3723 4449 persona
3766 4363 4338 4450 (quemadmodum
4383 4373 4456 4430 et

2505 4451 2752 4516 veritas
2776 4455 2999 4533 urget)
3024 4449 3224 4531 accipi
3250 4450 3502 4524 tuleris,
3528 4451 3889 4527 Christum,
3927 4457 4247 4532 quatenus
4271 4450 4456 4516 Deus

2504 4545 2622 4615 est,
2666 4555 2802 4600 non
2844 4556 2986 4600 esse
3027 4554 3066 4599 a
3109 4554 3180 4599 se
3220 4535 3364 4617 ipso
3405 4535 3667 4602 fatearis
3701 4543 3974 4617 oportet.
4060 4533 4253 4615 Quod
4297 4556 4456 4601 vero

2504 4622 2689 4686 Deus
2732 4641 2851 4703 pro
2894 4640 3173 4704 persona
3211 4621 3414 4697 verbi,
3470 4642 3669 4703 quum
3712 4619 3975 4686 dicitur:
4029 4619 4340 4688 Christus
4382 4620 4455 4690 in

2504 4717 2825 4789 quantum
2871 4708 3056 4772 Deus
3100 4726 3140 4770 a
3179 4726 3252 4771 se
3289 4706 3430 4788 ipso
3473 4717 3590 4781 est,
3651 4706 4026 4787 accipiatur,
4079 4727 4274 4771 nemo
4319 4727 4454 4772 non

2506 4792 2704 4872 videt,
2743 4793 2870 4857 nisi
2893 4792 3004 4873 qui
3025 4792 3223 4856 nimis
3256 4791 3326 4855 in
3369 4790 3699 4874 theologia
3753 4799 4053 4857 versatus
4097 4801 4202 4856 est
4234 4791 4455 4857 infeli·

2504 4880 2685 4945 citer.
2776 4877 2923 4942 Hoc
2958 4878 3195 4961 quippe
3251 4885 3630 4943 concretum
3673 4876 3855 4942 Deus
3913 4898 3996 4942 ex
4039 4899 4158 4944 suo
4204 4878 4454 4962 signifi-

2505 4963 2695 5028 candi
2740 4960 2933 5026 modo
2978 4970 3085 5039 (ut
3127 4961 3413 5044 theologi
3461 4962 3678 5034 aiunt)
3722 4971 3800 5026 ιιι
3830 4982 3951 5045 pro
3987 4983 4264 5045 persona
4297 4984 4376 5028 su

2505 5058 2706 5131 ponat
2761 5047 2978 5123 habet,
3038 5047 3208 5111 sieut
3264 5056 3332 5111 et
3387 5045 3512 5113 hoc
3570 5048 3838 5112 nomine
3882 5048 4176 5113 habetur.
4260 5048 4368 5114 Un
4418 5071 4456 5116 e

2507 5155 2665 5199 vere
2707 5135 2774 5197 in
2820 5133 3115 5218 symbolo
3160 5131 3427 5197 dieitur:
3488 5132 3710 5197 Deum
3765 5133 3846 5199 de
3887 5133 4051 5211 Deo,
4105 5134 4328 5199 lumen
4372 5133 4455 5201 de

2507 5219 2773 5284 lumine.
2863 5219 3151 5285 Tametsi
3210 5238 3682 5303 nonnunquam
3738 5241 3856 5302 pro
3911 5221 4194 5285 essentia
4246 5220 4457 5305 accipi

2504 5304 2867 5382 videamus,
2911 5311 2988 5368 ut
3028 5324 3227 5389 quum
3273 5301 3539 5372 dicitur:
3584 5301 3771 5372 Deus
3824 5314 4018 5382 creat,
4072 5304 4242 5388 quod
4298 5306 4456 5374 sub-
