5050 6167
632 396 764 460 743
2177 385 2702 457 EPISTULAE
2751 386 3084 450 568—571
4507 378 4632 440 '744

1531 576 1686 649 568.

1026 731 1696 801 BULLINGERUS
1743 730 2180 801 OALVINO.

806 905 1049 972 Iterum
1081 906 1160 972 de
1182 924 1382 989 puero
1414 903 1540 971 sibi
1572 903 2003 979 connitendum,
2038 903 2221 968 euius
2249 901 2584 984 fideiussor

627 992 835 1075 factus
876 996 995 1068 esi,
1037 1011 1161 1074 pro
1219 1010 1340 1074 quo
1394 989 1712 1056 nihildum
1751 988 2056 1072 pecuniae
2096 988 2363 1054 solutum
2405 993 2499 1052 est
2538 1006 2583 1052 a

619 1081 826 1160 patre.
933 1076 1183 1144 Calvina·
1235 1075 1559 1142 silentium
1613 1075 1890 1141 miratur
1945 1079 2004 1139 et
2045 1075 2301 1155 priores
2360 1073 2583 1138 literas

626 1163 988 1247 deperditas
1030 1163 1409 1244 suspicatur.
1930 1201 1935 1204 Α

632 1333 745 1399 (Ex
790 1332 1127 1454 autograpgo
1139 1331 1597 1454 1’,Διῶῑιίἷ(.ἢ.’.[“111ὲ·ἰ3ο.
1634 1326 2215 1463 ῙέΙίιῙιέὶΘῖἱνὲοΙέὀΙξθ
2257 1329 2386 1384 olim
2431 1329 2576 1399 Epp.

629 1571 1013 1640 Clarissimo
1055 1572 1199 1638 viro
1240 1571 1325 1636 D.
1362 1568 1598 1635 Ioanni
1633 1567 1911 1634 Oalvino
1946 1567 2383 1636 Genevatinm
2427 1590 2579 1636 con-

1053 1655 1368 1722 cionatori
1408 1655 1594 1720 fratri
1634 1653 1971 1721 carissimo
2013 1674 2151 1720 suo.

801 1792 1103 1860 Gratiam
1149 1799 1216 1858 et
1256 1793 1436 1859 vitae
1478 1792 1918 1858 innocentiam
1962 1814 2004 1859 a
2045 1791 2348 1858 Domino.
2414 1788 2578 1857 Sae-

627 1880 778 1965 pius
820 1887 908 1958 te,
957 1877 1218 1945 Calvine
1259 1876 1633 1945 doctissime
1687 1877 1861 1943 idem
1908 1899 1992 1943 ue
2035 1877 2201 1942 mihi
2244 1876 2580 1944 carissime

627 1974 697 2031 et
737 1962 1191 2032 colendissimo
1256 1963 1487 2043 frater,
1553 1984 1626 2028 re
1681 1962 1872 2029 admo
1919 1985 2034 2028 um
2101 1962 2219 2030 vili
2277 1962 2575 2028 obturbo.

630 2051 884 2116 Verum
932 2050 1085 2134 quia
1137 2049 1303 2114 nihil
1355 2070 1396 2115 a
1450 2055 1517 2114 te
1574 2049 2016 2132 responsionis
2074 2049 2316 2133 accipio
2373 2068 2580 2132 quum

628 2136 824 2202 toties
892 2136 1281 2219 scripserim,
1308 2135 1358 2217 ¹)
1436 2154 1633 2218 cogor
1696 2133 1818 2201 hoc
1881 2134 2093 2202 facere
2154 2131 2329 2218 quod
2392 2133 2576 2199 facio.

628 2219 941 2305 Suspicor
997 2222 1173 2287 enim
1229 2239 1409 2285 meas
1465 2220 1586 2285 tibi
1641 2239 1775 2284 non
1819 2241 1960 2287 esse
2001 2218 2311 2286 redditas.
2399 2218 2579 2284 Ado·

625 2308 878 2374 lescens
933 2326 1130 2390 quem
1181 2305 1346 2370 mihi
1393 2304 1861 2372 commendasti
1915 2304 2155 2372 Gallus
2211 2306 2347 2390 agit
2404 2303 2578 2387 apud

626 2392 907 2459 scribam
960 2391 1144 2458 urbis
1199 2399 1464 2456 nostrae
1519 2391 1836 2475 primum,
1904 2390 2241 2456 hominem
2298 2409 2577 2474 magnae

626 2478 998 2544 autoritatis
1056 2484 1122 2542 et
1177 2476 1648 2560 peritissimum
1701 2476 1775 2540 in
1818 2498 1897 2541 ea
1950 2483 2108 2541 arte.
2195 2476 2281 2541 In
2324 2495 2577 2539 annum

625 2564 826 2632 solvit
867 2563 1117 2630 scribae
1172 2582 1400 2628 aureos
1460 2568 1800 2626 coronatos
1851 2565 1944 2626 16.
2034 2561 2180 2645 Ego
2222 2581 2342 2645 pro
2385 2564 2424 2624 8
2468 2581 2575 2626 co·

622 2649 871 2715 ronatis
928 2669 1034 2713 me
1092 2646 1449 2713 debitorem
1510 2645 1847 2712 obstrinxi.
1950 2647 2168 2713 Debet
2217 2647 2330 2711 ille
2384 2666 2574 2728 prae-

622 2743 805 2800 terea
848 2733 1094 2817 aliquot
1135 2733 1448 2817 pecunias
1490 2752 1609 2816 pro
1642 2731 1827 2798 libris
1871 2731 2119 2814 aliquot
2141 2730 2572 2810 Frosehovem,

621 2841 745 2906 pro
790 2819 1026 2904 quibus
1079 2820 1238 2884 item
1282 2816 1477 2883 fidem
1527 2838 1739 2882 meam
1794 2817 2131 2883 obstrinxi.
2217 2817 2427 2883 Moris
2470 2823 2574 2883 est

622 2911 843 2972 autem
887 2903 1063 2987 apud
1106 2924 1226 2970 nos
1269 2911 1343 2969 ut
1396 2901 1807 2968 dimidiatam
1894 2911 2103 2968 artem
2146 2902 2348 2968 totius
2391 2923 2570 2968 sum-

621 3011 771 3057 mae
834 2991 905 3055 in
968 3010 1219 3055 annum
1281 2986 1635 3054 solvendae
1699 3009 1829 3072 pen
1875 2995 1991 3053 ant
2052 3009 2209 3052 mox
2274 2989 2355 3054 ab
2409 2987 2573 3053 anni

620 3076 941 3162 principio
997 3095 1072 3141 ac
1136 3074 1378 3141 diserte
1434 3073 1658 3139 dicant
1719 3071 1874 3157 quid
1941 3071 2021 3138 de
2083 3073 2350 3139 residua
2412 3072 2573 3138 anni

619 3169 810 3247 parte
855 3160 1281 3226 decreverint.
1370 3157 1509 3225 Oro
1543 3160 1780 3241 itaque,
1824 3158 1915 3223 mi
1963 3157 2233 3237 Calvine,
2280 3167 2356 3224 ut
2396 3180 2569 3224 mer-

621 3248 827 3315 catori
870 3246 1032 3313 haec
1075 3245 1324 3312 indices
1380 3251 1449 3308 et
1547 3264 1618 3308 er
1660 3243 1835 3310 hunc
1891 3243 2074 3309 urbis
2116 3251 2379 3310 nostrae
2421 3265 2570 3310 cur-

621 3353 836 3399 sorem
878 3330 1210 3415 publicum
1250 3350 1487 3429 respon
1534 3351 1644 3396 eas
1688 3337 1755 3394 et
1796 3329 2103 3413 pecunias
2140 3330 2384 3396 mittas.
2463 3330 2569 3395 De

621 3417 1033 3484 adolescente
1097 3417 1411 3499 proximis
1477 3412 1562 3480 ad
1624 3426 1689 3480 te
1752 3413 1961 3480 literis
2014 3414 2332 3496 quaedam
2398 3413 2565 3482 dedi.

619 3503 724 3569 Ea
765 3523 897 3569 non
941 3510 1163 3585 repeto
1203 3502 1357 3584 quia
1398 3520 1509 3566 eas
1553 3499 1674 3565 tibi
1717 3506 1894 3565 certo
1936 3498 2223 3567 redditas
2264 3508 2445 3586 puto.

789 3588 990 3654 Mitto
1034 3586 1153 3652 tibi
1196 3585 1491 3651 libellum
1526 3585 1607 3650 de
1642 3585 2030 3668 antiquitate
2071 3585 2226 3651 fidei
2267 3585 2568 3653 christia-

618 3693 746 3739 nae
786 3672 946 3739 olim
999 3691 1039 3736 a
1092 3693 1198 3736 me
1254 3671 1573 3754 scriptum
1615 3671 2007 3754 germanice,
2028 3672 2086 3755 ²)
2131 3692 2307 3737 nunc
2348 3679 2568 3737 autem

616 3780 887 3825 versum
944 3780 985 3824 a
1040 3755 1331 3823 studioso
1386 3755 1697 3838 quodam,
1754 3756 2056 3839 quamvis
2108 3778 2243 3822 non
2301 3757 2568 3822 omnino

614 3844 908 3910 feliciter.
1012 3842 1277 3924 Quaeso
1332 3841 1789 3908 munusculum
1849 3842 1972 3908 hoc
2041 3842 2193 3908 boni
2245 3840 2565 3908 consulas.

614 3931 788 3996 Amo
832 3937 897 3993 te
943 3950 1026 3993 ex
1071 3927 1306 3991 animo.
1396 3926 1581 3992 Vale.
1671 3927 1901 4012 Tiguri
1940 3929 2038 3993 23.
2063 3928 2118 4016 ⁸)
2163 3950 2335 3993 anno
2382 3930 2564 3991 1544.

619 4013 960 4082 Salutabis
1004 4013 1252 4077 fratres.

1643 4131 1733 4197 H.
1777 4131 2208 4218 Bullingerus
2248 4140 2421 4199 tuus.

651 4387 786 4451 568.
825 4387 881 4454 1)
918 4386 999 4443 N.
1034 4384 1155 4440 557.
1188 4384 1310 4440 565.

823 4456 885 4521 2)
920 4458 1033 4510 Der
1068 4456 1148 4510 alt
1185 4455 1365 4523 glonb.
1435 4455 1545 4508 Das
1592 4455 1691 4509 der
1725 4455 1979 4510 Christen
2023 4456 2188 4525 gloub
2224 4472 2331 4510 von
2365 4457 2565 4526 anfaug

617 4525 718 4579 der
752 4527 883 4579 walt
915 4529 1125 4595 gewfirt
1158 4523 1314 4589 habe,
1369 4522 1468 4577 der
1501 4524 1655 4577 recht
1690 4541 1836 4577 wam-
1882 4525 1961 4577 alt
2006 4524 2154 4578 vnnd
2200 4525 2565 4595 vngezwyfelt

615 4595 783 4664 gloub
827 4611 940 4665 sye.
1013 4592 1225 4646 zurich.
1262 4590 1416 4646 1539.
1465 4591 1518 4645 8.
1596 4592 1787 4647 Versio
1831 4592 2012 4647 latina
2057 4608 2198 4661 quac
2243 4594 2320 4649 ad
2362 4607 2565 4648 manus

615 4678 734 4718 non
766 4667 847 4717 est
878 4661 1055 4728 nobis,
1111 4660 1478 4715 Diethelmum
1512 4659 1809 4716 cellarium
1842 4667 2086 4715 autorem
2269 4663 2373 4717 scit
2408 4661 2563 4716 1544.

821 4730 882 4796 3)
918 4744 1151 4785 mensem
1195 4729 1443 4784 adscribe
1478 4730 1820 4799 Auyustum,
1870 4747 2026 4798 quem
2072 4731 2172 4785 tibz
2218 4736 2269 4786 et
2304 4731 2566 4801 proxime

616 4813 847 4868 aequans
894 4798 1115 4854 Calvini
1167 4813 1488 4867 responsum
1545 4805 1595 4852 et
1637 4816 1780 4868 quas
1825 4806 1991 4854 antea
2041 4800 2108 4854 de
2159 4800 2341 4856 eodem
2386 4816 2564 4870 puero

616 4868 978 4939 Bullinyerm
1011 4868 1235 4937 scripsit
1269 4867 1657 4923 communiant.

3586 565 3740 637 5⁶9.

3075 721 3547 792 GALvaS
3588 716 4222 789 BULLINGERO.

2860 894 3750 979 Ouarprieaedepueroillo
3804 892 4395 977 mammam,
4450 911 4631 976 quem

2684 985 2819 1050 iam
2893 983 3206 1049 Genevam
3272 982 3506 1046 remitti
3572 979 3752 1046 iubet.
3869 979 4161 1046 Alterum
4231 979 4630 1046 Turicensem

2684 1067 3423 1151 benehabereafflmat.

2685 1242 2797 1308 (Ex
2831 1240 3168 1308 autographo
3203 1238 3365 1292 Arch.
3404 1236 3581 1292 anic.
3617 1237 3760 1291 Plut.
3798 1236 3892 1294 VI.
3927 1238 4048 1292 Vol.
4086 1235 4188 1290 166
4250 1237 4380 1291 olim
4414 1234 4500 1305 24,
4534 1236 4629 1291 fol.

2681 1309 2769 1364 ss.
2842 1310 2967 1379 Apo
3066 1308 3177 1377 ph·
3219 1312 3439 1362 exstant
3481 1308 3538 1361 in
3572 1307 3717 1360 Bibl.
3753 1305 3960 1362 eenev.
4006 1305 4139 1362 cod.
4182 1278 4326 1359 10⁷1».
4378 1305 4469 1360 fol.
4509 1303 4625 1370 100,

2683 1378 2815 1432 satis
2848 1395 2970 1432 men
3012 1392 3105 1431 ose
3139 1376 3470 1444 descriptum
3507 1391 3575 1428 ex
3622 1392 3730 1446 quo
3764 1374 4038 1428 fluxerunt
4084 1375 4193 1428 alia
4225 1375 4334 1428 duo
4367 1374 4425 1427 in
4460 1372 4626 1428 Arch.

2681 1448 2848 1501 Bern.
2883 1447 3023 1516 Epp.
3062 1441 3160 1499 VI.
3196 1462 3250 1514 p.
3285 1442 3383 1498 341
3423 1450 3480 1498 et
3517 1442 3637 1569 2111.
3672 1441 3866 1580 ἓὸ1)00
3904 1449 3962 1498 et
3997 1460 4065 1498 ex
4099 1443 4184 1497 his
4218 1460 4305 1513 ap.
4341 1441 4628 1498 Simlernm

3578 1529 3611 1566 o
3636 1550 3648 1563 .
3755 1548 3769 1563 .

2683 1685 3125 1753 Ornatissimo
3178 1685 3322 1752 viro
3364 1682 3447 1749 D.
3492 1683 3833 1750 Henricho
3889 1684 4277 1770 Bullingero
4319 1683 4626 1751 ecclesiae

2682 1773 3040 1858 Tigurinae
3079 1768 3209 1836 fido
3251 1770 3494 1854 pastori
3512 1770 3834 1921 ofgssttriioin
3861 1770 4146 1836 Domino
4192 1769 4526 1837 carissimo
4560 1775 4628 1835 et

2856 1994 2927 2061 S.
2995 1991 3189 2076 Quod
3232 1994 3443 2060 serius
3485 1993 3789 2076 opinione
3831 1999 3949 2059 tua
3988 1992 4112 2058 tibi
4155 2014 4329 2059 nunc
4364 1991 4631 2058 demum

2684 2079 3063 2165 respondeo,
3109 2079 3482 2145 doctissime
3503 2078 3890 2163 &wimer-e,
3933 2099 4010 2144 eo
4043 2079 4287 2145 factum
4321 2085 4425 2143 est
4457 2074 4631 2160 quod

2684 2166 3002 2232 hactenus
3046 2164 3576 2248 exspectavimus
3618 2162 3777 2229 dum
3815 2173 4006 2247 pater
4047 2164 4252 2247 pueri,
4297 2164 4411 2247 qui
4453 2164 4630 2228 'Pau-

2682 2252 2810 2317 rini
2851 2260 2969 2327 est,
3011 2251 3379 2334 pecuniam,
3434 2250 3607 2315 sicut
3649 2248 3980 2334 pollicitus
4022 2250 4254 2328 fuerat,
4300 2249 4431 2315 huc
4471 2248 4629 2314 mit-

2681 2344 2867 2403 teret.
2932 2336 3128 2402 Nunc
3161 2356 3339 2414 vero,
3384 2356 3584 2418 quum
3619 2335 3868 2399 tamdiu
3902 2334 4247 2414 distulerit,
4286 2334 4627 2400 consilium

2680 2423 2990 2506 cepimus,
3037 2442 3157 2507 ego
3201 2428 3269 2486 et
3304 2422 3551 2486 amicus
3585 2419 3697 2486 ille
3740 2441 3925 2487 meus
3968 2420 4152 2486 cuius
4197 2417 4428 2504 rogatu
4464 2439 4629 2504 pue-

2678 2529 2829 2573 rum
2870 2507 2996 2572 tibi
3036 2505 3666 2584 commendaveram,
3711 2527 3844 2571 non
3879 2527 4021 2572 esse
4063 2507 4238 2573 ultra
4281 2504 4469 2571 nobis
4504 2505 4626 2570 dif-

2679 2592 3020 2659 ferendum
3073 2593 3235 2676 quin
3293 2613 3445 2657 eum
3501 2592 3720 2658 statim
3764 2611 4234 2658 revocaremus.
4322 2591 4627 2657 Primum

2677 2700 2795 2746 sex
2838 2687 3176 2777 coronatos
3218 2677 3338 2743 tibi
3392 2678 3581 2742 mitto
3637 2676 3814 2742 unde
3870 2677 4254 2778 bibliopolae
4296 2676 4526 2777 solvas
4558 2682 4628 2742 et

2672 2763 3280 2933 accusez?
3303 2761 4624 2931 {sffpssaffiwtafflssz

2675 2934 3026 3002 contrahas
3082 2933 3284 3001 libros
3325 2954 3490 3016 quos
3534 2934 3725 3010 emit,
3777 2941 3844 3000 et
3885 2953 3969 2999 ex
4023 2933 4158 3000 illis
4201 2933 4622 3018 quantulum-

2674 3041 2932 3104 cunque
2971 3019 3219 3104 poteris
3307 3019 3575 3086 seuniae
3610 3018 3841 3084 saltem
3883 3020 3952 3084 in
3988 3019 4297 3086 viaticum
4332 3019 4433 3085 illi
4467 3039 4623 3085 con-

2673 3108 2887 3186 ficias,
2953 3113 3020 3171 et
3075 3105 3200 3171 sim
3335 3104 3468 3172 huc
3525 3125 3674 3170 eum
3741 3104 3825 3170 ad
3866 3125 3987 3171 nos
4051 3107 4368 3172 remittas.
4456 3106 4622 3171 Peto

2673 3192 2873 3258 etiam
2916 3189 3031 3256 abs
3075 3199 3140 3257 te
3181 3198 3258 3256 ut
3296 3190 3522 3274 paucis
3556 3188 3777 3256 verbis
3817 3192 4106 3257 rationes
4149 3191 4421 3276 colligas
4454 3212 4621 3275 quae

2671 3299 2796 3344 nos
2839 3276 3113 3343 doceant
3154 3284 3472 3360 quantum
3527 3275 3780 3342 scribae
3823 3275 4183 3343 debebitur.
4270 3278 4417 3362 Ego
4461 3298 4620 3344 vero

2672 3363 2843 3446 quod
2877 3363 3150 3429 restabit
3183 3360 3420 3428 curabo
3451 3361 3526 3426 in
3560 3368 3851 3444 tempore
3884 3371 4322 3428 numeratum.
4363 3364 4621 3430 Verum

2671 3448 2878 3515 nolim
2918 3447 3123 3513 ullam
3180 3446 3253 3512 in
3303 3446 3511 3512 literis
3564 3447 3965 3513 mentionem
4018 3449 4217 3515 facias
4271 3469 4390 3515 sex
4434 3468 4616 3514 coro-

2671 3544 2994 3600 natorum.
3081 3532 3217 3599 Eos
3260 3532 3437 3596 enim
3470 3530 3553 3598 de
3594 3552 3742 3598 meo
3783 3532 3981 3599 solvo.
4068 3534 4301 3618 Itaque
4340 3534 4518 3600 malo
4550 3543 4618 3600 et

2670 3627 2942 3702 patrem,
2986 3625 3052 3682 et
3093 3638 3244 3682 eum
3286 3618 3358 3681 in
3403 3617 3590 3684 cuius
3642 3619 3928 3701 gratiam
3983 3639 4020 3684 e
4065 3640 4104 3685 o
4158 3619 4357 3686 fidem
4401 3641 4616 3686 mem

2671 3704 3058 3786 interposui,
3113 3702 3491 3769 existimare
3544 3703 3762 3770 adhuc
3803 3706 3950 3771 istic
4049 3705 4256 3784 eberi,
4308 3726 4438 3789 quo
4481 3707 4618 3772 sint

2672 3788 2756 3854 ad
2810 3786 3217 3855 reddendum
3268 3789 3722 3872 promptiores.
3807 3790 4123 3873 Inprimis
4182 3797 4404 3857 autem
4459 3811 4616 3876 rogo

2671 3883 2749 3939 ut
2788 3895 2895 3940 me
2937 3885 3320 3940 excusatum
3377 3873 3616 3941 habeas
3659 3874 3832 3958 quod
3873 3875 4047 3941 hanc
4084 3877 4203 3942 tibi
4248 3877 4614 3944 molestiam

2672 3959 3101 4026 exhibuerim.
3189 3959 3499 4037 Puerum,
3545 3961 3714 4027 sicut
3755 3962 3887 4025 iam
3932 3961 4086 4040 dixi,
4129 3963 4233 4028 fac
4272 3970 4349 4028 ut
4388 3963 4613 4029 statim

2671 4045 2985 4123 remittas,
3029 4066 3114 4109 ne
3158 4044 3320 4109 mihi
3366 4046 3597 4110 maiori
3641 4047 3729 4111 sit
3770 4046 3985 4111 fraudi
4025 4046 4281 4131 longior
4322 4068 4524 4113 mora.

2839 4131 3020 4197 Puer
3062 4139 3287 4195 autem
3328 4152 3522 4214 quem
3567 4141 3640 4195 tu
3682 4130 3847 4196 mihi
3890 4133 4381 4212 commendasti,
4423 4153 4610 4217 prae-

2670 4225 2969 4300 terquam
3041 4214 3214 4298 quod
3284 4216 3484 4281 habet
3546 4216 3868 4301 hospitem
3924 4217 4200 4301 probum
4269 4219 4492 4286 virum
4544 4225 4612 4285 et

2669 4301 3062 4379 humanum,
3129 4300 3294 4365 mihi
3363 4304 3560 4368 etiam
3630 4321 3826 4368 curae
3898 4305 4039 4370 erit.
4139 4304 4199 4370 E
4338 4315 4408 4369 et
4460 4326 4609 4372 cum

2666 4387 2829 4469 ipso,
2875 4395 2944 4451 et
2976 4407 3127 4452 cum
3161 4385 3533 4472 paedagogo
3566 4409 3760 4472 quem
3794 4386 3967 4454 domi
4011 4409 4168 4454 suae
4251 4389 4416 4468 abet,
4463 4390 4608 4456 dili-

2666 4481 2899 4556 genter
2950 4473 3072 4556 egi.
3163 4473 3255 4538 Et
3317 4474 3569 4556 quoties
3624 4494 3788 4557 opus
3832 4475 3959 4539 erit
4021 4481 4371 4559 utrumque
4432 4496 4608 4543 com-

2665 4557 3107 4624 monefaciam.
3196 4557 3386 4638 Vale,
3429 4559 3868 4625 eruditissime
3921 4560 4028 4626 vir
4083 4567 4152 4627 et
4193 4561 4401 4627 amice
4442 4562 4609 4632 inte-

2665 4644 2947 4727 gerrime
2991 4666 3066 4709 ac
3109 4643 3275 4708 mihi
3316 4642 3739 4711 observande.
3807 4644 4042 4712 Saluta
4083 4645 4432 4731 diligenter
4465 4667 4608 4714 meo

2665 4730 2932 4795 nomine
2973 4730 3212 4796 fratres
3253 4751 3496 4796 omnes.
3584 4731 3911 4796 Dominus
3963 4753 4082 4797 vos
4123 4752 4382 4815 semper

2666 4814 2906 4969 giuque
2938 4814 3136 4984 {³⁰¹¹}ss
3180 4826 3400 4882 servet
3439 4816 3813 4883 incolumes.
3881 4815 4193 4884 Genevae
4237 4823 4293 4883 6.
4335 4817 4605 4885 Oalend,

2723 4910 2937 4986 eptem
2981 4950 2997 4967 .

3577 4986 3861 5055 Ioannes
3903 4987 4222 5056 Calvinus
4261 4997 4435 5058 tuus.

2669 5113 2712 5121 a..-

2696 5115 2829 5218 ὡυ.
2867 5158 2924 5222 ι)
2964 5156 3330 5213 Probabacter
3373 5157 3510 5211 haee
3550 5158 3763 5228 empta
3805 5159 3918 5227 fuet
3950 5164 4244 5230 amquam·
4275 5162 4602 5228 prumam

2660 5225 2976 5351 wan·
3323 5228 3683 5297 pmcn-cm,
3719 5227 3804 5284 va
3835 5228 4021 5284 ,auem
4055 5229 4212 5284 „uua
4243 5223 4602 5286 mades-te
