5050 6167
663 445 789 512 '147

664 632 1012 703 consilium
1055 628 1423 696 huiusmodi
1457 650 1687 695 causas
1723 626 1981 705 deferri,
2028 647 2103 692 ac
2139 625 2263 692 sibi
2306 622 2423 689 uni
2455 641 2605 703 cog-

667 720 1001 796 nitionem,
1047 728 1114 782 et
1154 715 1389 800 quibus
1431 715 1840 781 committere
1880 713 2177 790 voluerit,
2223 706 2604 777 reservavit.

666 804 868 871 Iussit
909 811 1246 886 praeterea
1301 800 1593 884 captivos
1637 820 1863 864 omnes
1905 796 2060 863 fidei
2102 817 2299 864 causa
2340 791 2610 859 liberari

666 902 735 958 et
766 888 1021 956 restitui
1061 889 1298 971 cuique
1332 907 1483 952 suas
1518 885 1874 962 facultates,
1920 905 1995 950 ac
2037 881 2338 949 omnibus
2375 878 2610 962 quibus

666 974 1002 1060 religionis
1066 979 1414 1058 praetextu
1466 971 1810 1054 ademptae
1864 979 2053 1046 sunt,
2120 968 2324 1032 donec
2388 962 2613 1029 omnia

714 1062 871 1128 robe
927 1061 1237 1143 cognorit.
1338 1057 1592 1123 Saltem
1648 1056 2063 1141 respirabunt
2116 1053 2440 1135 tantisper
2498 1048 2608 1132 pii.

665 1085 935 1214 {nterea
979 1145 1307 1211 Dominus
1351 1143 1569 1227 aliqua
1605 1142 1858 1208 ratione
1908 1160 2065 1206 suae
2100 1138 2412 1205 ecclesiae
2465 1155 2612 1217 pro-

665 1233 913 1317 spic-iet.

839 1317 1165 1384 Audimus
1221 1317 1293 1380 in
1335 1314 1692 1381 Germania
1746 1312 2050 1377 inferiore
2103 1330 2244 1376 esse
2288 1305 2614 1391 quoddam

670 1425 923 1471 novum
966 1401 1563 1484 Catabaptistarum
1610 1419 1821 1482 genus
1881 1419 2042 1480 quos
2086 1394 2462 1461 Libertinos
2506 1412 2615 1456 vo-

667 1500 839 1568 cant,
859 1492 918 1566 ⁴)
963 1487 1228 1553 turbare
1268 1487 1409 1570 pias
1451 1497 1703 1550 mentes
1738 1493 1805 1548 et
1839 1482 2257 1565 evangelium
2299 1475 2616 1545 remorari

669 1596 871 1659 supra
910 1595 1109 1658 quam
1148 1574 1449 1656 cuiquam
1501 1571 1588 1635 sit
1628 1567 1964 1637 credibile:
2024 1566 2219 1649 idque
2274 1563 2616 1630 didicimus

672 1683 714 1728 a
764 1661 896 1726 fidc
948 1658 1345 1743 dignissimis
1401 1655 1676 1721 testibus
1732 1654 2008 1720 oculatis
2065 1663 2132 1718 et
2187 1651 2444 1728 auritis,
2504 1647 2614 1731 qui

666 1768 751 1813 ea
790 1745 1197 1829 potissimum
1241 1743 1454 1828 gratia
1495 1741 1625 1806 huc
1667 1738 1752 1806 ad
1793 1761 1912 1805 nos
1956 1759 2026 1804 se
2068 1744 2483 1820 receperunt,
2541 1739 2617 1797 ut

813 1831 926 1897 'cis
985 1828 1217 1896 libellis
1274 1846 1801 1894 succurreremus
1855 1824 2120 1901 vicinis,
2176 1820 2403 1905 quales
2462 1825 2619 1883 sunt

737 1915 1086 1992 eodienses,
1124 1915 1585 1990 Tornacenses,
1625 1909 2009 1976 Valentiani
2038 1916 2104 1973 et
2138 1907 2249 1974 alii
2285 1906 2353 1972 id
2389 1924 2616 1989 genus,

671 2004 848 2068 inter
889 2021 1050 2085 quos
1091 2001 1295 2084 pestis
1336 1998 1451 2064 illa
1487 1996 1807 2082 plurimos
1850 1995 2075 2060 inficit.
2148 1992 2450 2059 Calvinus
2482 1990 2618 2054 iam

672 2088 934 2171 scripsit
985 2084 1278 2150 libellum
1340 2085 1414 2149 in
1483 2103 1593 2148 eos
1649 2103 1807 2165 quos
1863 2081 2088 2164 propie
2132 2076 2619 2159 Catabaptistas

672 2194 1002 2245 vocamus,
1048 2191 1124 2235 ac
1166 2191 1236 2236 se
1278 2189 1453 2248 mox,
1498 2170 1553 2234 si
1593 2167 1765 2245 licet,
1808 2169 1881 2232 in
1924 2164 2302 2231 Libertinos
2343 2163 2621 2244 scriptu-

672 2258 1202 2341 rumpollicetur.
1268 2255 1577 2338 Longum
1599 2262 1772 2320 esset
1790 2272 2020 2319 eorum
2062 2250 2364 2315 haereses
2397 2267 2618 2331 perse-

674 2344 804 2428 qui.
892 2342 1205 2408 Haeresis
1248 2347 1351 2405 est
1384 2361 1469 2405 ex
1511 2339 1833 2415 omnibus,
1880 2345 1958 2402 ut
1998 2335 2281 2411 videtur,
2329 2331 2619 2398 haeresi-

672 2429 796 2497 bus
859 2430 1068 2511 iisque
1131 2426 1612 2492 absurdissimis
1676 2422 2143 2490 consarcinata.
2253 2417 2620 2501 Occupavit

673 2527 743 2581 et
782 2515 854 2580 in
898 2512 1122 2579 Gallia
1163 2512 1520 2577 multorum
1572 2511 1825 2575 animos
1869 2505 2251 2573 detestanda
2287 2505 2418 2569 ista
2456 2503 2616 2568 luca.

670 2601 1035 2667 Hominum
1087 2619 1292 2682 genus
1346 2595 1962 2679 periculosissimum
1978 2644 1994 2672 ,
2056 2591 2443 2674 quibuscum
2494 2586 2622 2672 col-

671 2687 794 2752 lati
828 2684 1313 2766 Oatabaptistae
1370 2683 1496 2747 viri
1553 2680 1709 2747 boni
1761 2680 1998 2745 merito
2057 2676 2285 2743 haberi
2327 2682 2619 2758 possunt.

672 2770 753 2838 Si
794 2769 1085 2836 nondum
1129 2768 1314 2834 vobis
1371 2776 1773 2851 compertum
1830 2767 1919 2831 sit
1971 2763 2326 2848 quidquam
2368 2758 2450 2825 de
2493 2759 2619 2824 hu-

672 2854 958 2924 iusmodi
999 2855 1310 2939 pestibus,
1356 2853 1653 2935 poteritis
1701 2850 2047 2935 aliquando
2089 2847 2332 2913 certius
2372 2843 2620 2910 intelli-

674 2962 849 3028 gere.
953 2939 1090 3008 Sed
1147 2939 1427 3005 arbitror
1485 2960 1601 3005 vos
1659 2959 1788 3002 non
1847 2936 2110 3000 omnino
2167 2933 2372 2998 latere
2428 2928 2621 3013 quale

673 3029 766 3094 sit
806 3027 929 3093 hoc
973 3027 1313 3092 hominum
1342 3046 1569 3125 genus.
1638 3022 1964 3089 Dominus
2008 3040 2130 3085 nos
2153 3017 2336 3085 varie
2358 3015 2443 3082 ad
2468 3036 2621 3098 pre-

676 3133 785 3180 ces
842 3119 912 3178 et
970 3111 1190 3178 studia
1233 3119 1511 3187 excitat,
1569 3129 1764 3191 quem
1820 3127 2048 3190 pmcor
2105 3112 2183 3170 ut
2240 3123 2389 3169 eam
2432 3100 2620 3166 nobis

670 3207 965 3349 ffitem
1030 3203 1343 3282 suggerat
1405 3216 1534 3277 qua
1599 3204 1864 3258 strenue
1933 3191 2075 3257 eius
2130 3190 2311 3273 operi
2365 3189 2621 3253 incum-

832 3304 927 3348 us.
2041 3311 2045 3316 ·

846 3367 1158 3434 Sarutant
1218 3375 1285 3430 te
1348 3363 1541 3434 amici
1603 3384 1862 3441 omnes,
1930 3360 2313 3444 praesertim
2385 3357 2621 3439 quibus

673 3453 956 3523 salutem
1000 3453 1133 3518 tuis
1167 3451 1373 3517 literis
1417 3449 1716 3515 nunciari
1749 3448 2014 3514 iussisti.
2103 3443 2441 3511 Salutabis
2475 3462 2620 3508 meo

670 3540 937 3606 nomine
992 3538 1074 3603 D.
1133 3535 1601 3620 Bullinyenmn,
1664 3534 1748 3599 ad
1817 3553 2015 3617 quem
2085 3529 2492 3613 scripsissem
2563 3527 2621 3592 si

675 3622 835 3709 quid
889 3623 1238 3706 scriptione
1304 3622 1578 3705 dignum
1651 3619 2073 3696 occurrisset,
2141 3625 2255 3681 aut
2319 3614 2377 3680 si
2438 3632 2620 3677 meas

674 3710 901 3776 literas
943 3708 1029 3773 ali
1075 3706 1186 3771 uid
1227 3706 1539 3771 allaturas
1573 3705 1928 3788 voluptatis
1970 3711 2089 3768 aut
2131 3699 2435 3767 utilitatis
2469 3720 2618 3781 spc-

672 3815 941 3861 rassem.
1138 3792 1277 3856 luta
1331 3790 1611 3875 reliquos
1667 3797 2069 3875 symmystas
2124 3796 2273 3852 tuos
2325 3793 2393 3850 et
2446 3785 2620 3850 viros

673 3878 898 3947 doctos
941 3878 1056 3959 qui
1097 3883 1253 3941 sunt
1305 3876 1500 3942 isthic
1551 3897 1698 3942 meo
1750 3877 2046 3953 nomine,
2099 3871 2486 3957 praesertim
2531 3867 2616 3931 D.

679 3964 1040 4046 asparem,
1057 3963 1117 4045 ὅ)
1170 3961 1641 4042 Bibliandrum,
1687 3961 2078 4029 Penio-anm
2132 3966 2201 4022 et
2258 3956 2616 4022 Gesncmm.

678 4048 925 4116 Coelius
964 4057 1033 4113 et
1075 4047 1354 4114 Rasum
1395 4068 1512 4113 vos
1565 4068 1792 4114 omnes
1835 4046 2126 4112 salutare
2168 4043 2411 4107 iubent.
2505 4038 2620 4104 Go-

670 4136 884 4201 mitem
924 4140 1088 4219 puto
1130 4132 1215 4198 ad
1255 4141 1323 4199 te
1365 4133 1647 4199 scribere
1679 4142 1748 4199 et
1780 4134 1917 4199 suis
1952 4127 2170 4196 verbis
2214 4136 2279 4192 te
2313 4125 2618 4192 salutare.

677 4219 864 4286 Vale.
953 4221 1347 4285 Lausannae
1394 4225 1451 4283 5.
1498 4219 1829 4303 Septemb.
1884 4222 2065 4280 1544.

1809 4354 1991 4418 Tuus
2032 4350 2109 4416 P.
2156 4349 2447 4414 Viretus.

676 4515 1081 4525 ——-—-———----

881 4610 1441 4676 4)Dehiavidoss
1528 4610 1541 4622 “
1613 4602 2455 4676 ω’·ἰῑῶνιιηιφιᾶἰηεοήὸίὺιινε
2509 4601 2622 4654 Der

678 4681 1060 4738 Widertouffer
1090 4681 1378 4749 Ursprung
1410 4684 1507 4734 etc.
1623 4678 1769 4732 firioh
1808 4675 1940 4730 1561
1976 4689 2104 4743 pay.
2141 4673 2207 4727 61
2243 4687 2389 4743 seqq.
2422 4673 2476 4726 a
2506 4684 2619 4725 om-

678 4752 815 4808 nino
851 4748 1360 4886 {³mess
1403 4747 1543 4804 VII.
1589 4747 1773 4817 Μ’
1799 4745 2183 4816 proleqomcna
2215 4746 2411 4798 nostra
2435 4755 2500 4810 p.
2535 4738 2619 4792 27.

1432 5146 1837 5156 ω...-

2198 429 2722 505 EPISTOLAE
2770 431 3104 494 571--574

4524 422 4650 485 748

3606 612 3756 683 572.

3101 749 3768 819 BULLINGERUS
3812 746 4248 816 GALVINO.

2886 926 3141 1005 Accepit
3191 923 3527 1005 pecuniam
3574 942 3696 1004 pro
3753 923 3944 1004 pueri
4004 920 4217 986 diaeta
4278 917 4651 996 solvendam,

2708 1032 2982 1094 puerum
3021 1012 3234 1092 ipsum
3281 1009 3592 1073 Genavam
3643 1008 3923 1082 remittit,
3980 1006 4088 1072 aad
4145 1005 4442 1084 invitum,
4498 1004 4654 1086 quid

2716 1098 2838 1164 sabe
2877 1098 3156 1180 annplius
3197 1095 3441 1160 datm
3479 1093 3810 1178 sanificat

2721 1269 2831 1334 (Ex
2879 1266 3212 1337 autographo
3258 1264 3477 1318 Archiv.
3528 1263 3705 1318 Turio.
3753 1265 3896 1318 Plut.
3947 1263 4036 1317 vl.
4070 1264 4211 1317 ·Vol.
4263 1260 4363 1314 129
4419 1261 4548 1314 olim
4591 1259 4656 1314 B.

3048 1336 3186 1404 Epp.
3223 1340 3263 1389 t.
3298 1332 3384 1401 30,
3418 1332 3507 1387 fol.
3547 1331 3660 1386 122.
3703 1360 3767 1370 —
3803 1334 4015 1388 Simler.
4052 1332 4173 1386 Vol.
4210 1330 4323 1395 55.)

2722 1525 3104 1593 Clarissimo
3161 1523 3302 1592 viro
3357 1522 3442 1592 D.
3486 1520 3724 1587 Ioanni
3767 1518 4043 1586 Calvino
4102 1517 4512 1586 Genevensis
4556 1537 4661 1583 ec-

2759 1611 2993 1677 clesiae
3036 1609 3339 1674 ministro
3381 1606 3757 1673 fidelissimo
3801 1606 3985 1672 fratri
4029 1607 4221 1690 longe
4264 1604 4618 1672 carissimo.

2892 1745 3196 1812 Gratiam
3240 1747 3307 1809 et
3349 1744 3525 1809 vitae
3569 1742 4005 1808 innocentiam
4050 1760 4090 1804 a
4133 1740 4274 1806 Deo
4316 1749 4504 1824 patre
4546 1758 4665 1821 per

2722 1832 3061 1899 Christum
3103 1830 3465 1896 Dominum
3521 1839 3836 1894 nostrum.
3936 1827 4196 1892 Literas
4248 1836 4397 1891 tuas
4425 1827 4475 1907 ¹)
4530 1843 4665 1888 una

2720 1940 2870 1985 cum
2915 1939 3032 1983 sex
3075 1916 3400 1981 coronatis
3433 1915 3651 1996 accepi
3694 1935 3735 1979 a
3777 1921 3862 1990 te,
3908 1911 4362 1978 colendissimo
4404 1912 4496 1975 mi
4525 1908 4665 1980 Gal-

2720 2007 2879 2080 vine‚
2922 2022 3039 2086 per
3080 2001 3418 2086 publicum
3458 1999 3639 2066 urbis
3681 2009 3942 2064 nostrae
3978 2017 4325 2064 cursorem.
4414 1997 4517 2062 Ac
4551 1994 4665 2062 ob-

2719 2087 3180 2156 secundassem
3237 2085 3354 2151 tibi
3398 2085 3826 2151 libentissime
3882 2084 4011 2150 nisi
4069 2105 4294 2150 cursor
4348 2083 4420 2148 in
4474 2082 4667 2165 pueri

2721 2182 3076 2257 conspectu
3118 2179 3455 2237 coronatos
3488 2172 3825 2254 proferens
3867 2170 4032 2235 mihi
4073 2167 4461 2234 tradidisset.
4530 2166 4666 2233 Ita-

2721 2281 2848 2344 que
2888 2280 3023 2324 non
3065 2259 3330 2341 ignorat
3369 2277 3532 2339 puer
3573 2262 3915 2321 coronatos
3958 2276 4076 2320 sex
4118 2255 4280 2320 mihi
4329 2275 4370 2318 a
4410 2262 4481 2318 te
4524 2273 4667 2318 esse

2724 2346 2974 2412 missos.
3064 2343 3208 2408 Imo
3251 2344 3631 2426 priusquam
3673 2340 3755 2406 ad
3795 2362 3903 2406 me
3963 2343 4219 2406 veniret
4259 2338 4343 2406 ad
4384 2339 4667 2406 scribam

2725 2431 3098 2507 diverterat,
3142 2430 3250 2495 cui
3291 2428 3533 2493 iterum
3575 2447 3778 2510 puero
3823 2434 4167 2510 praesente
4213 2424 4470 2491 dixerat
4511 2444 4583 2490 se
4628 2443 4670 2487 a

2728 2515 2987 2583 Calvino
3039 2537 3159 2580 sex
3213 2521 3552 2579 coronatos
3609 2512 3844 2577 afferre
3896 2510 4281 2595 Bullinyero.
4379 2508 4457 2576 Si
4511 2506 4670 2592 quid

2723 2623 2880 2686 ergo
2923 2600 3031 2666 hic
3073 2606 3414 2684 peccatum
3456 2607 3559 2663 est
3595 2618 3729 2662 non
3764 2618 3913 2663 mea
3945 2597 4138 2681 culpa
4171 2603 4511 2681 peccatum
4546 2604 4666 2659 est.

2724 2688 3075 2752 Rationem
3118 2684 3349 2768 collegi
3383 2704 3582 2767 quam
3614 2703 3866 2767 papyro
3898 2682 4134 2748 illitam
4175 2680 4372 2747 simul
4404 2679 4512 2745 hic
4547 2679 4672 2746 tibi

2721 2774 2934 2851 mitto,
2979 2772 3171 2838 sicuti
3227 2792 3268 2834 a
3310 2790 3415 2835 me
3458 2768 3816 2853 postulasti.
3906 2769 4011 2833 De
4055 2767 4318 2851 reliquis
4362 2766 4672 2832 omnibus

2723 2859 3048 2924 rationem
3105 2854 3336 2921 reddet
3386 2876 3567 2938 puer.
3681 2856 3815 2920 Pro
3868 2853 4054 2920 libris
4110 2852 4275 2918 nihil
4333 2849 4669 2934 expendit.

2723 2944 2897 3009 Nam
2951 2963 3073 3026 per
3126 2963 3342 3007 meam
3398 2941 3926 3006 intercessionem
3983 2939 4228 3005 factum
4282 2945 4382 3004 est
4423 2946 4503 3002 ut
4544 2935 4672 3002 mi-

2725 3030 2935 3095 nister
2990 3026 3371 3110 bibliopolae
3422 3036 3490 3091 et
3550 3024 3946 3109 typographi
4005 3023 4413 3091 Froschoveri
4465 3022 4672 3088 libros

2724 3116 3041 3197 receperit
3080 3133 3202 3196 pro
3243 3113 3539 3194 pecunia.
3624 3112 3980 3178 Praeterea
4029 3119 4370 3176 coronatos
4424 3114 4465 3172 4
4518 3105 4672 3174 dedi

2724 3200 2994 3279 scribae,
3040 3203 3077 3262 2
3104 3219 3305 3282 puero
3327 3218 3444 3280 pro
3468 3197 3700 3282 debitis
3723 3194 4051 3262 solvendis
4074 3204 4142 3262 et
4175 3195 4426 3276 viatico,
4473 3193 4671 3260 sicuti

2722 3287 2865 3369 ipse
2906 3286 3163 3350 referet.
3250 3284 3395 3368 Ego
3436 3290 3774 3366 praeterea
3817 3281 3896 3347 de
3950 3302 4097 3347 meo
4141 3281 4389 3347 scribae
4433 3278 4585 3345 dedi
4628 3284 4668 3341 5

2724 3371 2974 3437 talenta
3030 3369 3335 3453 tigurina,
3389 3367 3458 3432 id
3500 3376 3630 3445 est,
3685 3366 3990 3432 batzones
4042 3375 4364 3434 vestrates
4413 3370 4499 3430 40
4559 3362 4672 3430 vel

2725 3456 2888 3522 duos
2929 3467 3288 3532 coronatos,
3333 3455 3552 3518 minus
3600 3458 3678 3517 10
3714 3451 4113 3519 batzonibus.
4203 3452 4345 3518 Hos
4388 3461 4462 3517 tu
4504 3448 4674 3514 mihi

2724 3543 2937 3620 debes,
2983 3539 3089 3606 vel
3129 3538 3320 3622 pueri
3362 3548 3567 3622 pater.
3633 3539 3778 3622 Ego
3821 3538 4068 3604 scribae
4111 3535 4277 3616 dedi,
4319 3536 4673 3620 quominus

2723 3633 3135 3693 succenseret
3168 3635 3287 3690 etc.
3377 3623 3658 3692 Oui-abis
3702 3644 3875 3707 ergo,
3933 3623 4025 3688 mi
4071 3623 4358 3702 Calvino,
4416 3628 4495 3687 ut
4545 3619 4673 3686 ali-

2723 3709 2982 3796 quando
3026 3730 3174 3776 eam
3217 3710 3561 3792 pecuniam
3605 3708 3929 3791 recipiam.
3998 3709 4101 3774 De
4141 3730 4344 3792 puero
4387 3728 4524 3774 non
4568 3714 4673 3772 est

2723 3796 2897 3880 quod
2942 3796 3155 3861 multa
3197 3794 3494 3861 scribam.
3585 3794 3937 3860 Maluisset
3977 3794 4087 3858 hic
4128 3814 4412 3860 manere.
4515 3792 4670 3858 Non

2723 3881 3075 3947 admodum
3118 3880 3396 3964 diligens
3429 3882 3554 3945 fuit
3585 3881 3658 3944 in
3701 3879 4023 3945 visitando
4065 3880 4237 3946 ludo.
4303 3877 4482 3960 Quid
4518 3898 4674 3962 pro-

2721 3969 2948 4035 fecerit
3001 3968 3071 4031 in
3127 3966 3355 4050 lingua
3410 3966 3786 4049 germanica
3840 3967 3952 4049 qui
4008 3966 4377 4050 germanice
4426 3970 4674 4029 norunt

2723 4052 3118 4137 intelligunt.
3218 4051 3523 4117 Arbitror
3592 4059 3813 4117 autem
3881 4071 4157 4134 puerum
4228 4071 4363 4115 non
4416 4048 4674 4115 malum

2724 4140 2964 4222 alioqui
3008 4148 3075 4203 et
3116 4139 3395 4202 inertem
3438 4158 3597 4203 esse.
3683 4136 3868 4202 Bene
3911 4158 4066 4223 ergo
4107 4136 4337 4203 feceris
4377 4135 4438 4202 si
4479 4135 4674 4199 illum

2722 4245 2860 4289 non
2904 4222 3289 4290 deserueris.

2893 4309 3078 4374 Nihil
3121 4315 3461 4391 praeterea
3502 4307 3677 4390 quod
3719 4307 3999 4379 scribam
4046 4307 4271 4388 habeo,
4323 4306 4452 4373 nisi
4495 4304 4671 4391 quod

2723 4396 2969 4480 gratias
3025 4414 3148 4479 ago
3204 4403 3356 4459 tuae
3416 4393 3841 4473 humanitati,
3907 4393 4019 4477 qui
4072 4391 4499 4460 adolescentis
4551 4392 4671 4458 abs

2721 4502 2830 4547 me
2873 4480 2995 4547 tibi
3038 4477 3470 4546 commendati
3515 4501 3620 4545 res
3666 4490 3801 4545 tam
3846 4477 4189 4563 diligenter
4231 4499 4440 4546 curas.
4530 4478 4671 4543 Do·

2721 4568 2942 4632 minus
2984 4567 3173 4632 Iesus
3215 4574 3433 4631 servet
3474 4573 3541 4630 te
3579 4565 3769 4632 nobis
3820 4564 3932 4630 diu
3973 4565 4384 4632 incolumem.
4471 4562 4670 4630 Salu-

2724 4660 2873 4717 tant
2914 4661 2979 4717 te
3021 4653 3271 4717 fratres.
3359 4649 3692 4718 Salutabis
3736 4651 3922 4718 nobis
3964 4671 4193 4717 omnes
4233 4651 4489 4717 fratres.
4554 4647 4669 4713 Ti-

2724 4740 2873 4821 guri
2922 4742 3019 4803 12.
3067 4736 3472 4820 Septembris
3516 4757 3690 4801 anno
3741 4741 3923 4801 1544.

3558 4871 3985 4957 Heinrychus
4027 4869 4453 4958 Bullingerus
4494 4880 4664 4939 tuus.

2758 5063 2887 5124 572.
2925 5064 2982 5130 1)
3020 5061 3100 5119 N.
3135 5061 3256 5117 569.
