5050 6167
484 438 603 499 377

480 624 782 707 petieras,
808 625 861 700 ¹)
915 621 996 688 de
1050 630 1226 687 statu
1283 621 1486 689 huius
1551 620 1862 687 ecclesiae
1905 629 1972 685 te
2028 618 2246 686 faeere
2301 641 2435 685 cer-

479 709 744 774 tiorem:
811 709 966 792 quia
1029 730 1116 772 ne
1192 709 1333 792 ipse
1397 706 1664 792 quidem
1727 703 2049 772 satisdum
2114 705 2437 771 habebam

479 801 908 878 compertum,
943 794 1156 877 qualis
1190 801 1393 859 esset:
1440 793 1523 858 ab
1572 812 1648 858 eo
1684 812 1937 875 quoque
1972 801 2266 875 tempore
2301 812 2437 856 non

481 900 682 945 ausus
720 902 869 946 sum
902 887 1082 946 certo
1118 877 1366 962 aliquid
1402 899 1711 957 asserere,
1744 878 1942 943 rebus
1964 875 2180 943 adhuc
2201 897 2434 960 parum

481 966 914 1032 confirmatis:
981 986 1067 1030 ne
1133 963 1325 1048 paulo
1389 971 1538 1048 post
1601 971 1755 1028 ante
1814 972 2076 1045 tempus
2133 961 2435 1028 laudasse

480 1052 858 1133 poeniteret.
949 1053 1167 1133 Atque
1210 1050 1374 1115 haec
1417 1071 1615 1115 causa
1656 1049 1797 1126 fuit,
1843 1069 1964 1113 cur
2007 1047 2434 1113 abstinuerim

481 1157 521 1200 a
563 1135 935 1214 scribendo,
997 1157 1197 1219 quum
1253 1135 1652 1218 reipublicae
1706 1142 1974 1199 nostrae
2018 1132 2220 1217 legati
2263 1135 2435 1199 istuc

479 1223 1060 1305 proficiscerentur.
1161 1222 1356 1287 Nunc
1407 1220 1667 1304 quando
1725 1220 1799 1284 in
1851 1221 1976 1284 hac
2031 1241 2178 1284 mea
2232 1238 2438 1284 cessa-

479 1308 660 1372 tione
709 1329 828 1390 pro
882 1315 998 1372 tua
1042 1307 1448 1372 humanitate
1492 1306 1898 1371 antevertisti
1917 1355 1932 1382 ,
1992 1305 2237 1370 diutius
2301 1306 2435 1370 iam

481 1391 746 1458 differre
789 1414 923 1458 non
965 1393 1136 1467 licet,
1173 1394 1330 1476 quin
1375 1393 1496 1457 tibi
1538 1390 1987 1475 respondeam.
2077 1391 2182 1456 De
2237 1389 2435 1456 rebus

479 1480 726 1544 nostris
789 1481 884 1546 sic
947 1480 1169 1561 paucis
1235 1478 1420 1544 habe.
1530 1478 1799 1542 Primus
1864 1477 2109 1541 mensis
2169 1496 2251 1541 ex
2306 1497 2434 1559 quo

478 1565 919 1630 ministerium
961 1564 1197 1646 recepi,
1241 1573 1502 1628 tantum
1551 1563 1718 1628 mihi
1752 1561 2001 1646 negotii
2035 1582 2112 1626 ac
2143 1562 2433 1627 molesti-

480 1671 670 1715 arum
714 1649 1036 1727 exhibuit,
1081 1659 1158 1714 ut
1199 1648 1667 1732 propemodum
1711 1650 2081 1713 conficeret.
2183 1648 2435 1713 Tantae

477 1735 672 1801 molis
730 1744 833 1801 est
885 1735 1244 1817 collapsum
1289 1734 1657 1800 aedificium
1713 1734 2099 1798 instaurare.
2205 1731 2434 1813 Quan-

478 1841 678 1903 quam
731 1822 907 1886 enim
981 1820 1230 1885 Vinctus
1299 1820 1511 1884 multa
1577 1820 1711 1883 iam
1763 1821 2106 1884 restituere
2161 1817 2438 1883 feliciter

478 1915 796 1990 coeperat,
815 1908 875 1984 2)
918 1907 1073 1988 quia
1114 1914 1337 1970 tamen
1383 1914 1589 1969 totam
1633 1904 1884 1969 ordinis
1929 1925 2004 1969 ac
2054 1903 2436 1986 disciplinae

475 1992 753 2058 formam
799 1993 870 2056 in
911 2012 1132 2056 meum
1171 1988 1530 2057 adventum
1566 1987 1924 2068 distulerat,
1971 1988 2098 2054 fuit
2131 1988 2320 2054 velut
2353 1989 2437 2054 ab

479 2078 667 2142 initio
723 2077 1183 2143 inchoandum.
1309 2074 1562 2156 Quum,
1631 2084 1935 2157 superato
2003 2075 2129 2139 hoc
2195 2074 2434 2152 labore,

479 2162 847 2245 respirandi
910 2163 1120 2227 otium
1195 2161 1360 2225 mihi
1425 2160 1651 2225 datum
1713 2161 1796 2225 iri
1859 2160 2221 2225 crederem:
2290 2179 2438 2225 ecce

479 2268 693 2314 novae
736 2268 930 2313 curae
974 2255 1041 2312 et
1077 2246 1231 2311 illae
1260 2267 1394 2311 non
1414 2245 1621 2311 multo
1645 2246 1790 2311 aliis
1812 2244 2138 2329 prioribus
2156 2244 2437 2311 leviores

477 2353 585 2398 me
651 2333 928 2400 subinde
992 2333 1349 2415 excipiunt.
1458 2332 1604 2397 Hoc
1661 2339 1884 2396 tamen
1939 2352 2045 2396 me
2100 2340 2435 2414 utcunque

479 2418 729 2485 solatur
772 2437 849 2484 ac
888 2425 1160 2494 recreat,
1206 2417 1376 2500 quod
1421 2437 1549 2482 non
1594 2418 1736 2482 sine
1772 2418 1991 2483 fructu
2029 2416 2432 2482 laboramus:

478 2506 592 2587 qui
635 2504 760 2570 etsi
805 2525 940 2568 non
984 2513 1122 2568 tam
1155 2503 1452 2586 copiosus
1487 2509 1707 2568 exstat
1740 2523 1936 2585 quam
1957 2504 2253 2585 optarim,
2301 2522 2434 2567 non

477 2599 702 2655 tamen
759 2591 854 2655 ita
896 2595 997 2654 est
1052 2591 1332 2674 exiguus
1350 2639 1366 2667 ‚
1411 2589 1572 2672 quin
1617 2596 1927 2672 appareat
1970 2588 2256 2671 aliquam
2292 2607 2435 2654 esse

475 2676 551 2741 in
629 2675 868 2741 melius
945 2675 1187 2740 factam
1267 2674 1856 2739 commutationem.
1973 2675 2065 2738 Et
2142 2693 2292 2756 spes
2360 2672 2434 2738 in

476 2771 809 2845 posterum
868 2759 1145 2843 amplior
1202 2758 1499 2842 affulget,
1557 2758 1614 2824 si
1655 2759 1816 2822 mihi
1861 2758 2271 2841 relinquatur
2329 2758 2435 2824 Vi-

475 2853 663 2913 retus.
754 2845 903 2927 Quo
945 2846 1261 2910 maiorem
1305 2844 1427 2909 tibi
1468 2845 1745 2928 gratiam
1790 2851 1857 2908 et
1900 2842 2124 2922 habeo,
2181 2853 2246 2908 et
2289 2864 2432 2928 ago,

477 2934 631 3016 quia
674 2931 875 2997 huius
919 2928 1376 2998 sollicitudinis
1419 2937 1675 3013 partem
1720 2949 1977 2996 mecum
2013 2929 2305 3011 suscipis,
2349 2952 2435 2995 ne

479 3039 630 3085 eum
709 3026 1058 3101 reposcant
1121 3017 1471 3082 Bernates:
1541 3033 1616 3081 ac
1692 3023 1758 3080 te
1833 3014 2255 3081 vehementer
2315 3034 2437 3098 per

476 3104 732 3171 Christi
775 3123 1017 3170 nomen
1060 3102 1376 3177 obtestor,
1432 3108 1510 3165 ut
1563 3100 1788 3167 sedulo
1843 3121 1920 3166 ac
1977 3099 2325 3183 diligenter
2366 3101 2436 3165 id

475 3191 694 3256 facere
733 3209 989 3274 pergas.
1064 3187 1238 3253 Nam
1280 3187 1534 3270 quoties
1577 3186 1659 3251 de
1701 3187 1842 3251 eius
1876 3184 2164 3251 abitione
2197 3185 2434 3269 cogito,

478 3283 660 3341 totus
703 3276 1065 3341 exanim0r.
1153 3272 1445 3350 Fratres,
1501 3276 1577 3337 ut
1618 3291 1826 3354 spero,
1870 3271 2155 3336 fideliter
2199 3271 2320 3337 hac
2362 3272 2436 3335 in

477 3383 554 3427 re
594 3382 716 3427 nos
759 3358 1161 3426 adiuvabant
1203 3357 1315 3441 (de
1348 3357 1671 3423 ministris
1691 3356 2144 3423 Beruensibus
2179 3356 2435 3442 loquor)

477 3449 575 3512 ita
616 3448 793 3512 enim
837 3466 1134 3512 amamus
1175 3445 1352 3509 inter
1384 3463 1525 3522 nos,
1567 3450 1646 3506 ut
1678 3443 1847 3507 mihi
1881 3442 1963 3507 de
1995 3442 2155 3526 ipsis
2189 3442 2437 3525 optima

525 3553 779 3616 uaeque
821 3552 955 3598 non
999 3551 1186 3596 meus
1230 3548 1306 3594 ac
1341 3527 1423 3594 de
1465 3549 1572 3594 me
1605 3530 1765 3618 ipso,
1802 3526 2080 3593 audeam
2125 3526 2436 3611 polliceri.

480 3554 618 3685 {ed
663 3639 912 3696 vereor,
957 3637 1040 3682 ne
1084 3623 1351 3682 senatus
1393 3633 1630 3698 parum
1686 3635 1757 3679 se
1814 3613 2073 3679 facilem
2114 3614 2439 3697 praebeat.

481 3702 824 3786 Quidquid
878 3703 1033 3781 erit,
1086 3703 1268 3766 omni
1317 3699 1534 3766 studio
1550 3750 1566 3780 ,
1627 3698 1970 3784 diligentia
1983 3748 2000 3778 ,
2056 3697 2439 3765 assiduitate

479 3791 552 3855 in
594 3788 661 3854 id
705 3787 1176 3855 incumbamus.
1264 3787 1494 3868 Tuque
1535 3783 1698 3851 adeo
1739 3784 1877 3867 ipse
1891 3835 1906 3862 ,
1967 3783 2178 3867 quoad
2232 3791 2438 3868 potes,

482 3875 735 3940 enitere
799 3895 840 3938 a
883 3872 976 3938 ud
1047 3873 1317 3949 statres,
1380 3869 1925 3954 quemadmodum
1980 3871 2309 3936 facturum
2373 3877 2441 3935 te

481 3961 738 4044 recipis.
894 3977 1225 4041 uanquam
1270 3957 1448 4023 enim
1488 3955 1898 4022 voluntarios
1951 3956 2089 4020 fore
2145 3976 2275 4021 non
2321 3955 2440 4020 du-

482 4046 641 4126 bito,
683 4044 981 4130 proderit
1035 4054 1255 4108 tamen
1312 4049 1602 4109 vestram
1658 4041 1861 4107 simul
1917 4041 2441 4106 exhortationem

481 4131 809 4199 accedere.
907 4128 1213 4214 Collegae
1224 4130 1281 4206 ⁸)
1336 4128 1449 4192 alii
1501 4126 1970 4210 impedimento
2034 4127 2222 4192 nobis
2287 4135 2443 4191 sunt

480 4218 699 4303 magis
719 4236 916 4300 quam
937 4214 1252 4282 subsidio:
1295 4213 1579 4279 multum
1614 4213 2030 4296 arrogantiae
2064 4222 2133 4278 et
2166 4212 2440 4277 ferociae

483 4304 752 4382 habent,
799 4300 968 4366 nihil
1009 4300 1150 4379 zeli,
1193 4300 1542 4364 minimum
1582 4297 1933 4364 doctrinae.
2002 4296 2192 4380 Quod
2217 4311 2438 4362 autem

483 4399 588 4456 est
625 4389 1003 4473 pessimum,
1048 4386 1250 4452 fidere
1289 4385 1424 4452 illis
1466 4405 1736 4467 nequeo,
1793 4385 1994 4449 etiam
2057 4384 2115 4449 si
2155 4383 2441 4448 maxime

483 4474 716 4542 velim:
761 4473 993 4539 multis
1036 4473 1211 4538 enim
1256 4471 1666 4555 argumentis
1718 4490 1903 4534 suam
1960 4490 2002 4534 a
2054 4467 2241 4534 nobis
2285 4469 2440 4533 alie-

485 4563 820 4627 nationem
900 4557 1269 4625 declarant:
1351 4555 1686 4622 fidelitatis
1762 4574 1838 4620 ac
1915 4554 2151 4620 sinceri
2239 4554 2442 4618 animi

483 4647 744 4712 nullum
786 4648 921 4710 fere
965 4643 1277 4710 indicium
1320 4661 1480 4726 prae
1522 4662 1592 4708 se
1634 4641 1877 4706 ferunt.
1951 4640 2184 4705 'Polero
2218 4646 2441 4703 tamen

485 4753 617 4811 eos,
661 4732 768 4798 vel
813 4733 999 4796 foveo
1039 4729 1259 4812 potius
1292 4748 1550 4793 summa
1590 4726 1890 4792 lenitate:
1936 4746 1976 4790 a
2010 4747 2139 4808 qua
2179 4745 2285 4789 me
2328 4724 2441 4789 ab-

488 4817 642 4884 duci
683 4837 910 4882 eorum
952 4815 1371 4898 Mprobitate
1405 4834 1538 4879 non
1582 4815 1809 4896 patiar.
1876 4811 2071 4893 Quod
2092 4812 2147 4877 si
2175 4808 2442 4876 tandem

525 5073 657 5135 ω.
693 5073 752 5138 1)
788 5072 903 5128 scil.
940 5071 1212 5138 Basileus,
1248 5071 1378 5125 viva
1410 5085 1552 5126 voce.

696 5142 758 5208 2)
793 5142 913 5196 Iam
963 5141 1094 5194 inde
1145 5157 1184 5194 a
1231 5141 1396 5194 nonis
1457 5139 1676 5209 Apo-ais
1726 5153 1847 5200 cum
1907 5135 2113 5191 Senatu
2161 5135 2228 5196 de
2280 5135 2444 5190 rebus

491 5213 613 5268 eccl.
677 5227 836 5280 caere
897 5215 1171 5277 coeperat,
1290 5210 1502 5264 eciatim
1553 5208 1620 5262 de
1664 5205 2040 5263 constituendo
2101 5206 2440 5260 oensistono.

495 5280 772 5347 (Gabard,
811 5278 878 5333 P.
913 5279 1036 5332 hist.
1067 5295 1125 5346 p.
1165 5277 1226 5330 11
1270 5280 1313 5343 .)

698 5348 760 5414 3)
798 5347 874 5404 N.
911 5345 1030 5414 384,
1063 5353 1174 5402 not.
1208 5345 1244 5400 8
1278 5352 1328 5402 et
1359 5344 1409 5399 9.

1967 435 2132 497 1542
2175 432 3015 501 FEBRUAR—MART.

4374 441 4501 505 3⁷8

2539 621 2894 687 necessitas
2959 622 3104 704 ipsa
3169 621 3529 705 postulabit
3590 623 3806 689 acrius
3876 622 4236 689 remedium
4252 677 4266 704 ‚
4333 625 4499 692 dabo

2538 716 2765 771 tamen
2809 727 3095 789 operam,
3140 708 3477 790 modisque
3523 708 3826 774 omnibus
3881 710 4187 776 effectum
4238 713 4499 791 curab0,

2541 814 2624 857 ne
2710 791 3047 858 discordiis
3124 794 3367 859 nostris
3444 794 3745 858 turbetur
3822 794 4108 860 ecclesia.
4242 798 4501 864 Horreo

2541 878 2717 942 enim
2790 879 3134 956 factiones,
3201 899 3362 962 quas
3426 900 3507 943 ex
3572 881 4021 945 ministrorum
4087 881 4499 949 dissensione

2541 982 2801 1046 semper
2844 984 3178 1047 emergere
3211 983 3478 1030 necesse
3501 974 3616 1029 est.
3687 966 3887 1030 Potui
3910 986 4022 1030 eos
4044 967 4098 1030 si
4120 967 4497 1047 voluissem,

2538 1049 2751 1130 primo
2794 1069 2940 1113 meo
2984 1048 3273 1114 adventu
3318 1050 3607 1134 abigere:
3671 1059 3867 1133 atque
3923 1051 3993 1115 id
4034 1073 4210 1117 nunc
4243 1074 4498 1136 quoque

2539 1136 2610 1198 in
2655 1155 2855 1199 manu
2896 1143 3122 1200 nostra
3164 1147 3283 1200 est.
3374 1134 3509 1201 Sed
3561 1156 3671 1200 me
3728 1136 3925 1201 huius
3978 1157 4175 1219 quam
4228 1139 4500 1206 adhibui

2539 1219 3006 1286 moderationis
3105 1242 3441 1303 nunquam
3520 1222 3916 1306 poenitebit:
4011 1244 4094 1288 ne
4170 1225 4314 1305 quis
4390 1247 4498 1291 me

2540 1306 2738 1371 nimis
2795 1306 3257 1371 vehementem
3309 1307 3510 1372 fuisse
3565 1308 3800 1372 merito
3869 1317 4199 1390 queratur.
4312 1312 4501 1376 Haec

2537 1390 2684 1455 ideo
2727 1392 2849 1456 tibi
2893 1392 3103 1456 obiter
3147 1392 3374 1471 refero,
3414 1413 3541 1475 quo
3583 1392 3819 1458 melius
3872 1396 4245 1476 perspicias,
4302 1417 4499 1479 quam

2540 1477 2739 1542 miser
2782 1479 2906 1541 sim
2951 1477 3212 1543 futurus
3255 1478 3510 1544 sublato
3566 1477 3790 1544 Vir-eto.

2712 1561 2906 1644 Quod
2970 1563 3278 1629 ecclesiae
3333 1571 3595 1629 vestrae
3659 1564 3962 1648 exemplo
4027 1584 4500 1632 commemoras

2540 1667 2737 1729 quam
2789 1648 2992 1713 noxia
3049 1649 3139 1715 sit
3204 1650 3406 1731 pestis
3461 1650 3916 1715 ministrorum
3980 1649 4326 1716 dissidium
4344 1701 4361 1731 ,
4428 1650 4497 1719 id

2541 1753 2662 1816 ego
2717 1754 2971 1816 quoque
3024 1735 3466 1816 superioribus
3522 1736 3714 1801 annis
3769 1744 4079 1819 expertus
4148 1757 4295 1801 sum
4347 1737 4499 1822 plus

2542 1818 2703 1883 satis
2746 1819 2813 1883 in
2861 1820 3056 1883 huius
3100 1819 3409 1885 ecclesiae
3453 1819 3841 1886 calamitate.
3908 1821 4132 1900 Nobis,
4149 1822 4208 1904 ⁴)
4243 1823 4353 1905 qui
4388 1823 4499 1890 hic

2543 1924 2805 1969 eramus
2820 1955 2834 1978 ,
2891 1903 3058 1968 nihil
3101 1906 3514 1971 coniunctius
3559 1927 3702 1971 esse
3758 1915 4029 1988 poterat.
4121 1906 4249 1972 Sed
4292 1928 4500 1990 quum

2541 1987 2753 2054 Satan
2808 1990 3160 2054 infaustam
3210 1990 3391 2055 illam
3448 1990 3852 2056 simultatem
3916 1992 4090 2057 inter
4144 1993 4381 2059 fratres
4432 2001 4502 2059 et

2539 2095 2661 2139 nos
2705 2075 3070 2153 excitasset,
3115 2077 3288 2141 nosti
3322 2075 3466 2158 ipse
3508 2074 3665 2158 quid
3698 2086 4051 2160 sequutum
4095 2078 4198 2143 sit.
4266 2078 4501 2161 Itaque

2542 2158 2666 2225 hoc
2725 2181 2992 2244 prorsus
3045 2159 3219 2243 apud
3273 2181 3381 2225 me
3438 2169 3797 2226 statueram
3815 2212 3832 2241 ‚
3898 2162 4027 2226 nisi
4086 2164 4502 2229 reconciliata

2541 2266 2694 2311 cum
2735 2244 2869 2310 illis
2912 2246 3144 2329 gratia,
3190 2246 3364 2311 hanc
3391 2247 3792 2329 provinciam
3814 2267 4150 2330 nunquam
4173 2248 4496 2331 recipere:

2542 2331 2698 2414 quia
2740 2330 3242 2414 desperaveram
3299 2352 3486 2414 posse
3540 2331 3676 2397 ullo
3730 2332 3923 2397 modo
3981 2332 4146 2396 utile
4203 2353 4346 2398 esse
4391 2334 4500 2401 hic

2541 2437 2762 2480 meum
2785 2417 3241 2497 ministerium,
3286 2417 3415 2482 nisi
3456 2437 3726 2481 manum
3755 2417 3854 2482 illi
3875 2417 4042 2482 mihi
4067 2419 4499 2501 porrigerent.

2540 2502 2819 2566 Interim
2892 2502 3086 2566 multi
3150 2504 3219 2567 in
3284 2522 3511 2567 eorum
3578 2511 3767 2568 coetu
3830 2511 3990 2567 sunt
4040 2503 4206 2567 mihi
4259 2525 4499 2587 parum

2541 2588 2752 2666 amici,
2790 2587 2901 2653 alii
2944 2588 3145 2653 etiam
3186 2588 3401 2671 palam
3438 2588 3697 2653 infensi.
3715 2588 3775 2671 ⁵)
3841 2586 3978 2654 Sed
3997 2587 4123 2654 hoo
4195 2590 4208 2602 “
4245 2589 4258 2602 “
4347 2597 4501 2656 nter

2540 2692 2755 2750 caveo,
2801 2695 2887 2739 ne
2931 2672 3089 2756 quid
3121 2673 3554 2739 contentionis
3599 2674 3951 2739 exoriatur.
4055 2673 4139 2738 In
4194 2696 4276 2739 ur
4358 2725 4374 2753 ,
4422 2683 4502 2740 ut

2538 2759 2672 2822 iam
2717 2759 2874 2836 dixi,
2918 2758 3240 2824 habemus
3290 2758 3679 2824 intestinum
3754 2779 3979 2825 semen
4044 2758 4324 2839 dissidii:
4383 2760 4502 2828 sed

2538 2851 2768 2910 nostra
2797 2842 3298 2910 mansuetudine
3332 2852 3402 2909 et
3441 2844 3759 2926 patientia
3793 2844 4139 2923 efficimus,
4182 2853 4260 2910 ut
4293 2845 4501 2912 eccle-

2540 2930 2641 2995 sia
2703 2930 2876 2995 nihil
2940 2928 3334 2996 incommodi
3394 2929 3548 2994 inde
3603 2931 3877 3009 sentiat,
3945 2940 4139 3014 atque
4193 2937 4272 2996 ut
4327 2931 4500 2997 nihil

2539 3016 2888 3099 perveniat
2942 3015 3024 3081 ad
3079 3015 3288 3097 ipsam
3346 3013 3620 3097 plebem.
3716 3013 3983 3080 Norunt
4034 3017 4212 3081 enim
4269 3037 4499 3083 omnes

2540 3122 2737 3184 quam
2802 3100 3054 3183 placido
3118 3099 3534 3182 humanoque
3592 3099 3859 3184 ingenio
3925 3101 4014 3167 sit
4085 3101 4367 3168 Veretum.-
4430 3110 4500 3168 et

2541 3206 2662 3270 ego
2703 3186 2913 3251 nihilo
2956 3205 3106 3251 snm
3150 3184 3460 3270 asperior,
3505 3184 3630 3251 hac
3673 3185 3904 3251 saltem
3945 3186 4017 3250 in
4065 3194 4271 3269 parte.
4359 3187 4501 3253 Vix

2541 3271 2767 3338 credes
2825 3272 3082 3337 forsan:
3136 3272 3229 3337 sic
3283 3279 3506 3336 tamen
3571 3291 3678 3336 res
3726 3270 3944 3337 habet.
4054 3272 4253 3336 Tanti
4319 3272 4501 3338 enim

2541 3357 2711 3421 mihi
2752 3365 2853 3423 est
2893 3357 3154 3441 publica
3196 3377 3327 3439 pax
3370 3362 3438 3421 et
3480 3356 3840 3435 concordia,
3898 3362 3977 3422 ut
4019 3377 4291 3423 manum
4333 3357 4501 3422 mihi

2541 3442 2864 3508 iniiciam:
2921 3450 3119 3525 atque
3169 3442 3342 3508 hanc
3392 3440 3661 3506 laudem
3716 3441 3883 3506 mihi
3948 3441 4310 3508 adversarii
4370 3442 4500 3527 ipsi

2543 3528 2829 3593 tribuere
2880 3535 3226 3613 coguntur.
3329 3526 3514 3608 Quin
3566 3527 3766 3592 etiam
3821 3548 3908 3593 ex
3974 3527 4264 3595 inimicis
4332 3548 4500 3594 non-

2541 3612 2710 3678 nulli
2754 3621 2988 3697 sponte
3027 3613 3100 3678 in
3137 3611 3278 3679 dies
3315 3612 3510 3679 amici
3542 3614 3732 3692 fiunt,
3775 3611 3936 3678 alios
3973 3615 4247 3679 comiter
4268 3612 4501 3693 allicio,

2545 3705 2615 3764 et
2685 3701 3001 3782 proficere
3074 3719 3183 3763 me
3258 3698 3564 3764 nonnihil
3632 3698 3874 3765 sentio:
3954 3706 4287 3781 utcunque
4363 3719 4504 3765 non

2544 3783 2785 3867 ubique
2827 3784 3150 3850 succedat.
3229 3784 3544 3849 Poteram
3577 3804 3781 3867 quum
3811 3783 3971 3848 veni
4001 3804 4244 3868 magno
4263 3784 4504 3867 plausu

2545 3870 2880 3954 exagitare
2921 3869 3146 3935 hostes
3187 3876 3479 3948 nostros,
3535 3875 3603 3934 et
3654 3869 3867 3952 plenis
3922 3869 4089 3935 velis
4143 3870 4373 3936 invehi
4428 3870 4505 3935 in

2546 3963 2754 4021 totam
2795 3954 2981 4021 illam
3024 3955 3376 4031 nationem,
3420 3975 3589 4037 quae
3630 3975 3752 4019 nos
3795 3954 4090 4020 laeserat.
4172 3953 4499 4020 Abstinui.

2546 4041 2824 4107 Possem
2869 4041 3176 4124 quotidie,
3235 4041 3295 4107 si
3338 4040 3593 4119 liberet,
3642 4061 3776 4104 non
3819 4037 4013 4105 modo
4058 4041 4342 4124 impune,
4387 4039 4505 4105 sed

2546 4146 2698 4193 cum
2745 4127 3107 4192 multorum
3162 4124 3629 4210 approbatione
3683 4126 4148 4210 perstringere.
4250 4124 4503 4208 Super-

2546 4210 2768 4278 sedeo:
2819 4213 2952 4277 imo
3006 4233 3264 4278 summa
3314 4211 3632 4295 religione
3696 4209 3765 4274 id
3820 4210 4001 4294 fugio
4016 4261 4034 4290 ,
4091 4231 4177 4275 ne
4231 4209 4507 4277 verbulo

2545 4318 2679 4362 uno
2722 4298 3034 4363 insectari
3077 4297 3363 4380 aliquem
3404 4295 3662 4362 videar:
3719 4295 3963 4362 nedum
4006 4295 4204 4361 simul
4256 4315 4503 4361 omnes.

2545 4383 2749 4448 Hunc
2804 4385 3099 4449 animum
3155 4383 3322 4448 mihi
3379 4381 3703 4447 Dominus
3774 4382 4135 4447 confirmet.
4245 4380 4509 4448 Accidit

2547 4475 2773 4534 tamen
2825 4467 3157 4534 interdum
3218 4477 3297 4532 ut
3347 4487 3612 4532 necesse
3672 4468 3762 4531 sit
3801 4466 4071 4550 collegis
4113 4468 4354 4533 nostris
4396 4487 4503 4532 re-

2548 4554 2811 4619 sistere:
2870 4551 2986 4619 sed
3040 4573 3381 4636 nunquam
3440 4551 3509 4617 id
3560 4553 3851 4630 facimus,
3900 4552 4035 4618 nisi
4076 4552 4182 4618 vel
4218 4573 4339 4619 sua
4379 4553 4508 4617 im-

2547 4639 2951 4723 portunitate
3016 4660 3138 4705 nos
3201 4647 3440 4722 cogant
3455 4689 3472 4718 ,
3529 4638 3640 4704 vel
3695 4637 3912 4720 aliqua
3975 4640 4244 4722 gravior
4308 4657 4507 4705 causa

2548 4745 2670 4791 nos
2703 4735 2956 4809 urgeat.

2719 4810 3030 4875 Referam
3072 4807 3196 4873 tibi
3238 4808 3612 4891 exemplum
3656 4829 3894 4886 unum,
3957 4809 4139 4874 cuius
4195 4829 4302 4882 me
4345 4829 4504 4891 que·

2548 4896 2828 4961 rimonia
2869 4895 2983 4960 illa
3024 4916 3191 4977 quae
3234 4895 3304 4959 in
3347 4893 3556 4960 literis
3600 4894 3734 4959 tuis
3777 4894 4178 4971 continetur,
4238 4889 4506 4976 propte'r

2752 5132 2814 5196 4)
2858 5134 3078 5188 Far-ello
3112 5138 3164 5186 et
3202 5132 3439 5187 Oet-aldo
3475 5138 3523 5186 et
3558 5133 3687 5201 ipsi.

2749 5203 2815 5270 5)
2857 5201 2984 5257 Sca.
3050 5204 3148 5271 qui
3205 5202 3635 5256 Articulantium
3698 5200 3917 5255 nomine
3983 5199 4272 5254 veniebant
4320 5200 4506 5270 (molqo

2548 5272 2909 5339 Amabant-e),
2967 5271 3021 5324 d.
3081 5270 3130 5324 6.
3197 5270 3358 5325 Iunii
3401 5269 3541 5324 1540
3574 5287 3611 5324 a
3650 5267 4029 5325 Gnatam-minis
4077 5281 4122 5320 a.
4163 5267 4508 5325 Fanniam

2456 5337 2462 5344 ’
2547 5343 2680 5397 victi
2711 5347 2763 5397 et
2793 5343 2947 5396 varie
2979 5341 3239 5395 mulctati.
