5050 6167
704 428 826 493 ⁷91

701 615 876 764 ideeto
917 612 1227 696 competit
1267 611 1520 679 ratione
1558 612 1808 678 formae
1854 612 2276 697 significatae,
2328 631 2499 695 quae
2557 617 2659 677 est

749 700 933 766 eitas.

878 781 1015 850 Sed
1047 781 1243 848 redeo
1271 782 1355 849 ad
1386 782 1571 848 illam
1603 791 1784 848 tuam
1804 783 2127 868 insignem
2165 783 2656 865 responsionem

700 890 832 954 qua
875 868 1146 949 asseris,
1201 868 1471 935 Ioannis
1527 869 1946 934 autoritatem
1986 889 2198 951 neque
2247 869 2315 933 in
2362 868 2656 933 divinam

703 975 915 1038 neque
988 955 1063 1020 in
1143 953 1503 1020 humanam
1569 953 1825 1020 Christi
1901 962 2207 1019 naturam
2274 954 2657 1036 simpliciter

704 1049 1090 1124 competere,
1137 1038 1252 1104 sed
1294 1041 1360 1104 in
1398 1048 1601 1104 totam
1647 1059 2010 1121 personam,
2056 1050 2132 1104 ut
2171 1041 2302 1104 iam
2339 1060 2487 1104 sum
2536 1039 2654 1103 tibi

701 1125 1073 1210 praefatus:
1118 1124 1321 1190 Pater
1362 1125 1498 1190 filio
1541 1126 1749 1190 vitam
1795 1124 1990 1203 dedit,
2047 1146 2201 1190 nam
2260 1126 2341 1190 ab
2386 1133 2653 1190 aeterno

700 1211 912 1278 filium
955 1233 1038 1277 ex
1082 1231 1204 1275 sua
1246 1209 1611 1275 substantia
1653 1211 1898 1295 genuit.
1985 1210 2133 1277 Hoc
2167 1211 2343 1277 enim
2380 1218 2482 1276 est
2516 1210 2652 1275 filio

700 1297 907 1362 vitam
953 1295 1128 1374 dare,
1172 1295 1344 1380 quod
1386 1295 1471 1360 ab
1512 1307 1779 1361 aeterno
1815 1316 2148 1382 generare.
2236 1296 2387 1361 Non
2431 1303 2648 1361 autem

700 1381 968 1448 divinae
1010 1389 1288 1447 naturae
1331 1382 1539 1449 vitam
1574 1379 1772 1449 dedit.
1858 1381 2072 1446 Nemo
2107 1381 2348 1466 quippe
2391 1401 2649 1447 conces-

698 1489 898 1534 surus
953 1474 1085 1532 est:
1145 1464 1334 1532 Sicut
1386 1474 1575 1551 pater
1634 1467 1841 1531 vitam
1884 1467 2083 1533 habet
2122 1467 2195 1531 in
2239 1477 2448 1533 semet
2486 1468 2648 1550 ipso,

698 1554 795 1619 ita
859 1551 1040 1618 dedit
1100 1560 1376 1618 naturae
1438 1552 1699 1618 divinae
1751 1554 1957 1618 vitam
2013 1552 2256 1617 habore
2308 1553 2382 1617 in
2440 1561 2651 1619 semet

697 1640 859 1722 ipsa.
947 1640 1059 1703 An
1097 1658 1253 1703 vero
1295 1637 1457 1705 haee
1498 1637 1571 1702 in
1626 1636 1985 1704 humanam
2039 1645 2417 1722 competant
2455 1649 2648 1703 natu-

697 1744 843 1789 ram
887 1724 1124 1808 accipe.
1188 1722 1396 1807 quue
1430 1723 1732 1805 inprimis
1766 1745 1850 1788 ex
1894 1722 2166 1808 cyrillo,
2212 1725 2321 1806 qui
2365 1724 2440 1788 in
2483 1722 2647 1788 illud

695 1809 994 1874 Ioannis:
1040 1808 1229 1875 Sicut
1268 1817 1458 1893 pater
1500 1808 1698 1874 habet
1735 1810 1944 1875 vitam
1987 1810 2057 1875 in
2101 1819 2309 1875 semet
2348 1810 2488 1892 ipso
2523 1817 2644 1875 etc.

698 1896 793 1959 sic
824 1894 1081 1960 scribit:
1117 1893 1339 1960 Nolite
1375 1895 1605 1959 mirari
1640 1895 1717 1972 si,
1750 1916 1953 1977 quum
1987 1916 2094 1960 me
2129 1895 2460 1961 hominem
2504 1915 2646 1960 esse

698 1978 997 2058 videatis,
1040 1980 1504 2045 suscitaturum
1548 1988 1768 2045 tamen
1822 1992 2114 2048 mortuos
2174 2001 2281 2045 me
2337 1980 2646 2063 pollicear

692 2074 763 2130 et
803 2065 874 2130 in
918 2064 1228 2131 iudicium
1274 2064 1708 2130 deducturum
1753 2067 2050 2132 miniter:
2098 2066 2277 2131 dedit
2316 2067 2495 2131 enim
2541 2067 2643 2132 vi-

692 2150 1001 2217 vificandi
1033 2152 1349 2216 virtutem
1384 2163 1590 2233 pater,
1641 2150 1822 2217 dedit
1855 2150 2187 2217 iudicandi
2228 2160 2640 2235 potestatem.

693 2234 830 2302 Sed
889 2245 965 2300 ut
1028 2236 1341 2303 lubricam
1401 2236 1794 2301 Iudaeorum
1849 2248 2139 2302 mentem
2195 2237 2302 2304 hic
2356 2239 2644 2315 retinere

688 2321 959 2399 studuit,
1003 2323 1096 2387 sic
1138 2321 1411 2387 aliorum
1454 2342 1709 2406 quoque
1751 2344 1978 2389 curam
2031 2343 2168 2387 non
2210 2343 2485 2407 parvam
2530 2323 2645 2387 ha-

688 2408 849 2473 buit.
939 2405 1357 2490 Quapropter
1411 2427 1693 2484 eausam,
1752 2429 1955 2491 quare
2004 2409 2165 2474 haec
2208 2430 2249 2474 a
2287 2421 2473 2490 patro
2517 2407 2642 2472 sibi

690 2491 847 2558 data
903 2491 1162 2571 dixerit,
1222 2492 1395 2559 illico
1454 2494 1728 2560 subiecit
1784 2493 2038 2561 dicens:
2098 2494 2252 2577 quia
2305 2494 2480 2559 filius
2522 2493 2641 2559 ho-

690 2577 887 2643 minis
930 2587 1046 2656 est,
1092 2588 1167 2643 ut
1207 2577 1654 2663 intelligamus
1696 2582 1916 2644 omnia
1958 2580 2084 2646 sibi
2127 2579 2280 2645 data
2321 2580 2526 2645 fuisse
2569 2588 2645 2643 ιιι

688 2662 963 2742 homini,
1008 2665 1119 2746 qui
1164 2685 1363 2747 quum
1400 2676 1703 2731 creatura
1737 2667 1827 2729 sit
1859 2664 2027 2730 nihil
2067 2663 2267 2730 habet
2301 2685 2342 2730 a
2374 2686 2445 2730 se
2479 2664 2638 2748 ipso.

689 2747 910 2829 Quam
953 2748 1346 2815 sententiam
1394 2749 1462 2814 in
1509 2749 1747 2828 libello,
1807 2772 2002 2833 quem
2021 2753 2110 2822 23)
2158 2750 2475 2816 adversus
2529 2771 2640 2815 eos

686 2834 802 2917 qui
845 2835 1097 2901 animas
1138 2856 1405 2917 corpore
1449 2845 1683 2901 exutas
1727 2834 2010 2901 dormire
2052 2834 2476 2911 contendunt,
2522 2856 2640 2901 ex·

686 2920 1007 3003 pressisti,
1052 2920 1381 3004 inquiens:
1403 2923 1495 2998 ¹²⁴)
1553 2920 1775 3003 Quum
1820 2933 2039 2986 autem
2082 2919 2360 2987 dicimus
2402 2920 2638 2987 Chris-

684 3012 866 3085 tum,
923 3015 1245 3089 quatenus
1300 3004 1495 3071 homo
1550 3016 1683 3086 est,
1740 3008 1943 3072 vitam
2003 3006 2246 3072 habere
2301 3006 2375 3071 in
2430 3013 2639 3072 semet

682 3091 847 3176 ipso,
892 3113 1027 3157 non
1070 3093 1286 3177 ipsum
1329 3092 1452 3158 sibi
1487 3112 1751 3160 causam
1786 3113 1929 3158 esse
1963 3092 2136 3158 vitae
2179 3090 2478 3172 dicimus,
2520 3090 2636 3157 sed

684 3176 811 3242 hoc
853 3186 1130 3256 tantum,
1179 3198 1436 3243 omnem
1474 3179 1653 3242 vitae
1686 3177 2161 3260 plenitudinem
2198 3199 2239 3243 a
2272 3179 2415 3243 Deo
2445 3187 2636 3259 patre

685 3262 959 3328 effusam
1018 3264 1087 3328 in
1146 3262 1483 3329 Christum
1543 3262 1909 3340 hominem,
1975 3262 2092 3347 qui
2154 3264 2378 3348 utique
2436 3262 2635 3329 homo

682 3357 990 3415 creatura
1046 3356 1163 3414 est.
1264 3347 1558 3413 Adverte
1571 3349 1684 3427 2ὃ),
1743 3347 2037 3426 obsecro,
2105 3369 2191 3414 ne
2240 3349 2312 3414 in
2365 3369 2438 3413 re
2497 3357 2634 3413 tam

681 3433 858 3500 seria
899 3432 1202 3499 ludamus
1245 3442 1361 3498 aut
1394 3432 1719 3512 ludamur,
1763 3431 2273 3516 perpenditoque
2306 3433 2463 3518 quid
2499 3434 2635 3521 Cy·

680 3519 889 3595 rillus,
935 3518 1122 3583 cuius
1157 3527 1222 3583 te
1257 3518 1449 3584 video
1485 3518 2043 3601 sequacissimum,
2087 3520 2251 3586 velit
2291 3541 2494 3604 quum
2529 3521 2634 3585 in-

680 3605 823 3688 quit
859 3602 1123 3670 Christo
1158 3605 1381 3669 omnia
1415 3603 1568 3668 data
1600 3603 1804 3669 fuisse
1839 3611 1915 3670 ιιι
1949 3604 2197 3670 homini
2231 3608 2341 3689 qui
2377 3615 2631 3673 creatu-

678 3697 889 3756 raest.
913 3689 1194 3754 Nomine
1215 3689 1456 3773 quippe
1469 3688 1756 3755 hominis
1778 3689 2203 3772 quiereatura
2215 3699 2334 3769 est,
2352 3690 2630 3757 alteram

679 3796 722 3840 a
763 3776 961 3841 verbo
1004 3784 1406 3857 assumptam
1445 3783 1699 3857 oportet
1734 3775 2064 3860 intelligas
2108 3786 2429 3843 naturam.
2495 3776 2628 3858 Qui

678 3861 853 3926 enim
900 3861 1014 3928 fiet
1057 3870 1133 3924 ut
1175 3860 1461 3924 hominis
1504 3861 1786 3938 nomine,
1832 3862 1945 3944 qui
1979 3871 2282 3926 creatura
2316 3870 2435 3939 est,
2480 3883 2628 3944 per-

676 3966 905 4012 sonam
947 3945 1020 4009 in
1064 3944 1314 4011 duabus
1349 3947 1605 4011 naturis
1640 3946 1784 4028 quis
1817 3955 1992 4012 recte
2036 3947 2377 4032 intelligat,
2422 3968 2627 4030 quum

675 4050 872 4097 nemo
914 4032 1211 4096 fassurus
1242 4032 1343 4116 ‘sit
1383 4031 1727 4098 Christum
1774 4043 2138 4098 ereaturam
2185 4053 2346 4098 esse.
2422 4032 2626 4098 Pater

681 4116 697 4133 '
752 4117 885 4181 'tur
938 4116 1010 4179 in
1066 4114 1398 4181 hominem
1451 4119 1561 4201 qui
1618 4127 1919 4182 creatura
1971 4125 2073 4183 est
2128 4119 2332 4183 vitam
2376 4118 2625 4183 effudit.

740 4220 816 4267 ec
858 4208 1047 4285 pater
1090 4201 1215 4267 hoc
1257 4203 1456 4281 solus,
1500 4203 1614 4269 sed
1659 4203 1935 4269 verbum
1979 4223 2131 4269 cum
2170 4202 2403 4286 spiritu
2447 4203 2621 4270 fecit.

676 4286 941 4370 Quippe
985 4306 1185 4369 quum
1228 4309 1454 4353 eorum
1499 4309 1632 4354 una
1676 4289 1765 4354 sit
1806 4297 2063 4366 natura,
2120 4288 2285 4355 eitra
2325 4289 2621 4373 impieta-

672 4380 809 4439 tem
855 4372 1100 4437 divisas
1142 4393 1337 4438 nemo
1380 4372 1552 4439 dicet
1609 4375 2036 4457 operationes.
2125 4370 2262 4439 Sed
2312 4373 2487 4456 quod
2541 4375 2624 4440 ab

673 4477 809 4524 una
850 4478 1130 4541 persona
1161 4459 1405 4524 factum
1443 4458 1700 4538 dicitur,
1745 4457 1808 4522 id
1846 4460 2048 4524 totius
2082 4460 2403 4524 trinitatis
2436 4480 2623 4543 opus,

718 4544 968 4626 uisquis
1028 4551 1203 4610 recte
1269 4546 1474 4610 sentit
1536 4546 1678 4611 sine
1734 4543 1932 4609 ullius
1995 4565 2314 4628 personae
2377 4545 2627 4611 iniuria

671 4565 998 4696 gutebitur.
1086 4628 1305 4711 Quum
1352 4631 1527 4695 enim
1569 4628 2245 4695 consubstantialitate
2286 4652 2494 4696 uuum
2538 4632 2627 4697 sit

674 4714 958 4793 trinitas,
1000 4735 1137 4779 una
1179 4715 1398 4797 procul
1446 4714 1641 4780 dubio
1685 4724 1786 4780 est
1829 4715 2040 4781 virtus
2083 4716 2225 4782 eius
2269 4723 2466 4800 atque
2507 4737 2625 4800 po-

674 4802 897 4867 tentia.
988 4799 1235 4866 Omnia
1274 4801 1449 4864 enim
1492 4823 1575 4866 ex
1614 4812 1803 4883 patre
1844 4822 1962 4883 per
2002 4801 2214 4866 filium
2268 4802 2339 4866 in
2383 4802 2623 4884 spiritu

675 4894 849 4952 sunt.
919 4886 1097 4951 Hinc
1133 4894 1200 4950 ot
1234 4884 1541 4952 Christus
1577 4889 1700 4952 ait:
1744 4885 2189 4972 Quaecunque
2226 4889 2403 4953 enim
2435 4899 2624 4971 pater

883 5124 973 5193 23)
1008 5124 1155 5179 deest
1185 5124 1422 5178 verbm.

880 5195 975 5320 {gi
1051 5193 1539 5385 &42:93th
1591 5261 1669 5316 ad
1713 5264 1908 5318 verba.-
1961 5263 2165 5316 homini
2220 5265 2311 5334 qui
2371 5271 2622 5319 creatura

679 5340 777 5399 est,
816 5331 1020 5387 absunt
1158 5331 1330 5387 «tuero
1365 5330 1669 5400 emPhfl'
1702 5338 1812 5400 (⁰)-

2347 418 2874 490 EPlswLAE
2919 423 3043 486 590

4568 427 4678 490 792

2757 609 2932 689 facit,
2970 608 3134 677 haec
3165 608 3395 675 eadem
3428 608 3607 674 filius
3641 607 3962 675 similiter.
4035 606 4534 675 Communicant
4568 609 4681 695 igi·

2758 702 2870 760 tur
2912 706 3100 778 pater
3153 695 3333 760 filius
3391 703 3459 760 et
3501 695 3770 779 spiritus
3820 701 4088 761 sanctus
4134 694 4401 773 homini,
4444 694 4554 777 qui
4591 705 4684 762 est

2756 789 3078 858 creatura,
3122 782 3332 847 vitam
3372 800 3568 864 quam
3609 800 3652 845 a
3693 800 3766 845 se
3806 801 3939 846 non
3983 778 4197 845 habet.

2932 866 3202 933 Possem
3245 866 3354 932 hie
3397 866 3518 931 tibi
3560 864 3770 932 multa
3811 887 3896 932 ex
3930 866 4305 949 Augustino
4346 873 4537 949 atque
4567 866 4684 933 Hi·

2755 951 2921 1017 lario
2979 971 3361 1036 congerere,
3419 950 3535 1017 sed
3590 952 3993 1036 praestiterit
4048 973 4136 1017 ex
4186 950 4455 1036 Cyrillo,
4513 952 4686 1020 cuius

2756 1058 2903 1102 meo
2958 1036 3196 1103 iudicio
3254 1037 3575 1119 receptior
3632 1037 3752 1102 tibi
3805 1037 4032 1102 sutura
4086 1046 4186 1102 est
4233 1037 4570 1115 sententia,
4618 1036 4685 1103 id

2753 1122 2779 1187 i
2827 1143 2974 1187 sum
3018 1122 3254 1188 moliri.
3341 1122 3646 1206 Agedum
3690 1122 3904 1204 locum
3947 1123 4370 1206 proferamus.
4458 1121 4688 1189 Scribit

2814 1208 3047 1294 yrillus
3089 1208 3258 1274 libro
3301 1206 3553 1274 decimo
3597 1207 3949 1274 Thesauri:
3999 1207 4224 1274 Habet
4262 1228 4517 1291 semper
4555 1229 4684 1274 om-

2756 1295 2869 1359 nia
2908 1303 3097 1379 pater
3137 1315 3306 1379 quae
3349 1294 3486 1359 filio
3526 1294 3723 1371 dedit,
3768 1302 3838 1359 et
3873 1294 4049 1360 filius
4102 1294 4404 1360 similiter
4444 1314 4688 1379 semper
4752 1303 4766 1322 χ

2755 1379 2959 1445 habet
3012 1401 3179 1464 quae
3244 1400 3505 1463 semper
3568 1381 3862 1463 accipere
3916 1388 3996 1444 ut
4047 1379 4382 1445 hominem
4436 1380 4555 1456 ait,
4617 1387 4688 1444 ιιι

2750 1465 2893 1549 ipse
2945 1464 3132 1531 dicit:
3193 1465 3398 1531 Pater
3449 1465 3667 1550 diligit
3718 1465 3925 1531 filium
3983 1475 4051 1531 et
4091 1474 4482 1550 potestatem
4522 1463 4691 1531 dedit

2753 1551 2814 1616 ei
2856 1549 3170 1617 iudicium
3212 1551 3425 1617 faeere
3464 1554 3620 1634 quia
3658 1550 3832 1616 filius
3873 1549 4161 1616 hominis
4203 1559 4321 1617 est.
4410 1550 4488 1616 Si
4542 1571 4688 1634 ergo

2750 1635 3082 1703 iudicandi
3139 1644 3527 1720 potestatem
3585 1636 3803 1702 datam
3857 1635 3980 1702 sibi
4025 1638 4136 1712 ait,
4187 1658 4324 1702 non
4366 1637 4498 1702 alia
4537 1657 4688 1719 qua·

2752 1722 2903 1787 dam
2947 1726 3029 1787 de
3071 1743 3270 1788 causa
3302 1721 3419 1788 sed
3458 1723 3611 1805 quia
3642 1723 3854 1789 faetus
3889 1731 3990 1788 est
4026 1721 4241 1801 homo,
4286 1723 4692 1807 perspicuum

2750 1817 2854 1872 est
2895 1809 3051 1891 quia
3091 1828 3228 1873 non
3284 1816 3360 1873 ut
3415 1810 3693 1874 verbum
3735 1807 3868 1875 Dei
3920 1818 3989 1873 et
4030 1809 4215 1873 Deus
4266 1808 4412 1892 ipse
4468 1808 4691 1890 accipit

2747 1892 2864 1959 sed
2921 1903 3000 1958 ut
3054 1894 3268 1959 homo.
3321 1893 3464 1970 ,Ex
3520 1893 3757 1977 quibus
3814 1913 3891 1961 ac
3946 1895 4222 1960 caeteris
4265 1895 4594 1977 praefatis,
4635 1895 4690 1960 si

2746 1979 3034 2046 boeotico
3066 1977 3187 2045 hoc
3203 1981 3296 2054 ⁴²⁶)
3339 2001 3457 2045 sue
3499 1978 3820 2063 stupidior
3851 2000 3985 2044 non
4026 2001 4192 2059 sum,
4216 1980 4380 2046 mihi
4420 1978 4546 2045 duo
4583 1980 4690 2046 ad-

2745 2085 3014 2130 versum
3068 2073 3136 2130 te
3178 2064 3488 2149 colligere
3530 2064 3769 2132 licebit.
3858 2066 4087 2131 Prius:
4132 2065 4415 2132 verbum
4456 2066 4687 2148 ipsum,

2748 2148 3090 2215 dominum
3154 2151 3236 2216 ab
3300 2161 3563 2217 aeterno
3627 2151 4053 2235 genitum27),
4118 2152 4324 2217 vitam
4392 2151 4613 2217 datam
4653 2172 4691 2217 a

2747 2248 2934 2320 patre
2986 2237 3250 2319 accepit.
3339 2237 3673 2302 Alterum:
3720 2236 4029 2303 Christus
4084 2237 4443 2303 seeundum
4487 2237 4693 2302 homi·

2746 2342 2898 2386 nem
2935 2320 3166 2407 (quum
3201 2329 3419 2387 autem
3450 2321 3784 2387 hominem
3822 2322 3981 2398 dieo,
4019 2330 4325 2388 naturam
4374 2345 4516 2389 non
4550 2344 4693 2406 per-

2745 2427 2994 2486 sonam,
3040 2428 3126 2472 ne
3168 2407 3312 2489 quis
3354 2406 3683 2472 tetradam
3724 2409 3793 2472 in
3848 2406 4095 2473 divinis
4145 2429 4265 2473 nos
4306 2417 4691 2491 putetcon·

2743 2493 3047 2567 stituere,
3112 2492 3310 2558 velim
3374 2493 3682 2577 intelligi)
3743 2491 3987 2559 nedum
4052 2492 4387 2559 iudicandi
4451 2494 4569 2561 sed
4628 2502 4694 2560 et

2744 2577 3119 2643 vivificandi
3139 2580 3252 2656 ²⁸),
3313 2577 3600 2643 donante
3642 2587 3828 2661 patre
3870 2579 4007 2644 filio
4049 2598 4126 2644 ae
4163 2579 4405 2662 spiritu
4451 2587 4691 2658 sancto,

2743 2664 2876 2813 233³
2881 2663 3011 2813 ‘12:¹21
3019 2661 3472 2814 203¹¹25ut¹1¹<¹3³
3525 2664 3884 2815 ttbssfltfz‘:
3941 2665 4304 2817 a'ssffss‘fiss‘
4303 2664 4693 2817 0:3¹1.ss

2741 2855 2880 2899 rem
2924 2855 3072 2899 sum
3116 2835 3487 2900 effecturus.
3574 2833 3627 2901 S
3709 2836 3891 2900 uitur
3924 2836 4102 2899 enim
4136 2856 4430 2920 semper:
4474 2837 4694 2902 omnia

2741 2919 2942 2985 habet
2984 2928 3173 3003 pater
3210 2941 3378 3008 quae
3416 2920 3554 2985 filio
3589 2920 3668 2986 de
3721 2921 3785 3002 ἰ,
3829 2920 4010 2985 dedit
4041 2922 4247 3005 igitur
4280 2923 4507 2990 vitam.
4585 2919 4690 2985 De

2738 3005 3163 3071 antecedente
3216 3026 3352 3071 non
3408 3025 3480 3071 os
3534 3006 3998 3085 haesitaturus,
4055 3005 4115 3073 si
4170 3006 4225 3072 C
4311 3008 4430 3073 illo
4489 3008 4692 3074 refra-

2740 3091 2881 3174 gari
2933 3112 3068 3156 non
3121 3091 3509 3174 perrexeris,
3562 3092 3713 3170 imo,
3771 3100 3846 3157 ιιι
3899 3093 4127 3159 verius
4180 3092 4430 3171 dicam,
4492 3093 4692 3175 serip-

2739 3185 2943 3241 turae.
3033 3174 3111 3241 Si
3154 3197 3308 3243 vero
3352 3176 3477 3243 hoc
3519 3176 3829 3242 illationis
3873 3198 4100 3261 genus,
4152 3198 4282 3262 quo
4325 3187 4397 3245 te
4441 3200 4530 3245 ex
4572 3178 4692 3245 hoo

2738 3259 2971 3343 laqueo
3013 3262 3270 3345 eripias,
3325 3261 3750 3328 reiiciendum
3809 3262 4091 3342 duxeris,
4157 3264 4369 3330 habeo
4431 3264 4689 3348 pedicas

2738 3346 2976 3430 quibus
3011 3348 3388 3412 molientem
3442 3348 3666 3432 fugam
3721 3369 3876 3413 mox
3918 3370 4226 3416 remorer.
4313 3351 4429 3416 Ex
4488 3370 4689 3435 oppo-

2737 3432 2862 3497 sito
2907 3431 3227 3516 siquidem
3273 3435 3729 3515 consequentis
3764 3433 3834 3499 id
3866 3434 4037 3517 quod
4072 3457 4220 3502 cum
4257 3435 4689 3502 antecedente

2736 3527 2992 3602 pugnat
3033 3516 3339 3600 colligere
3382 3518 3884 3603 haudquaquam
3943 3521 4143 3587 fuerit
4182 3542 4561 3605 operosum,
4613 3540 4687 3587 ao

2736 3602 2932 3668 breve
2989 3602 3110 3668 hoc
3168 3602 3595 3687 enthymema
3660 3605 3732 3669 in
3787 3604 4245 3690 syllogismum
4309 3607 4687 3675 necessario

2733 3686 3220 3754 concludentem
3267 3687 3593 3755 reducere.
3682 3689 4282 3758 Contradictorium
4316 3695 4568 3779 quippe
4607 3692 4685 3758 il-

2731 3772 2847 3838 lati
2911 3781 3044 3839 est:
3108 3773 3311 3838 Pater
3367 3795 3503 3840 non
3559 3773 3739 3841 dedit
3789 3775 3926 3841 filio
3979 3778 4209 3852 vitam,
4267 3779 4352 3844 ad
4401 3778 4579 3863 quod
4615 3775 4685 3843 id

2730 3857 2900 3941 quod
2945 3879 3095 3923 cum
3137 3859 3567 3926 antecedente
3609 3868 3784 3927 stare
3827 3862 4009 3928 nullo
4051 3863 4248 3929 modo
4302 3875 4530 3948 potest
4581 3883 4683 3930 se-

2728 3943 2971 4093 guitur.
3051 3944 3304 4028 Nempe
3349 3946 3571 4011 omnia
3604 3968 3769 4029 quae
3798 3968 4058 4031 semper
4090 3948 4289 4015 habet
4320 3961 4519 4034 pater
4550 3971 4684 4016 non

2774 4028 2913 4094 edit
2967 4028 3134 4095 filio:
3193 4040 3262 4095 at
3310 4032 3450 4097 vita
3505 4032 3749 4115 aliquid
3793 4054 4021 4099 eorum
4064 4043 4169 4101 est
4207 4056 4379 4120 quao
4424 4058 4565 4102 sem
4648 4057 4683 4099 r

2728 4113 2925 4180 habet
2979 4123 3183 4197 pater,
3238 4117 3444 4181 vitam
3501 4118 3709 4200 igitur
3762 4118 3945 4185 dedit
4007 4119 4160 4188 filio.
4256 4122 4524 4188 Forsan
4629 4121 4642 4134 ⁶

2728 4221 3011 4278 rursum,
3056 4200 3229 4283 quod
3272 4221 3314 4266 a
3354 4224 3460 4268 me
3494 4204 3657 4269 satis
3688 4203 3945 4270 elusum
3983 4207 4229 4288 putavi,
4274 4228 4348 4274 es
4391 4208 4681 4274 obiectu·

2727 4306 2861 4364 rus,
2918 4285 3131 4351 filium
3186 4287 3439 4353 scilieet
3488 4287 3598 4355 hic
3652 4309 3770 4372 pro
3826 4311 4107 4375 persona
4146 4292 4218 4356 in
4261 4292 4526 4359 duabus
4567 4312 4683 4359 na-

2727 4373 2895 4438 turis
2951 4372 3171 4455 accipi.
3269 4373 3418 4458 Ego
3473 4373 3580 4440 his
3635 4376 3769 4440 tuis
3824 4375 4097 4458 prolatis
4147 4380 4314 4444 citra
4357 4381 4680 4445 rationem

2728 4467 2844 4523 aut
2898 4460 3315 4523 autoritatem
3378 4459 3568 4526 facile
3619 4480 3752 4525 non
3811 4463 4153 4529 assentior.
4251 4465 4513 4543 Profer,
4568 4462 4680 4529 ob-

2728 4563 2928 4621 secro,
2974 4542 3078 4608 vel
3120 4565 3349 4619 unum,
3394 4548 3451 4609 si
3494 4555 3694 4629 potes,
3740 4548 3851 4629 qui
3890 4546 4042 4611 huic
4074 4557 4228 4614 tuae
4260 4548 4680 4634 responsioni

2726 4629 3186 4710 patrocinetur.
3275 4629 3475 4695 Dicat
3529 4633 3874 4716 quisquam
3932 4632 4202 4702 Ioannis
4254 4636 4680 4702 autoritatem

2727 4713 2838 4800 (de
2891 4714 3182 4796 antiquis
3235 4714 3527 4798 loquor):
3586 4716 3778 4783 Sicut
3848 4726 4035 4802 pater
4089 4719 4289 4786 habet
4343 4723 4558 4788 vitam
4605 4719 4677 4784 in

2725 4808 2935 4866 semet
2975 4801 3118 4883 ipso
3159 4807 3278 4868 eto.
3322 4803 3391 4867 in
3432 4810 3636 4868 totam
3679 4804 4031 4871 convenire
4075 4825 4451 4888 Ρθνεοιιιιιιι,
4513 4825 4677 4891 quae

2725 4887 3017 4970 geminas
3059 4885 3131 4949 in
3173 4906 3244 4952 se
3289 4896 3561 4954 naturas
3598 4889 4063 4970 complectitur.
4148 4892 4313 4957 Mox
4353 4914 4483 4979 ego
4529 4892 4678 4958 huie

2724 4972 3081 5039 catholicae
3124 4973 3416 5039 veritatis
3471 4985 4029 5059 propugnatorum
4088 4997 4511 5044 numerosam
4566 4998 4676 5059 op-

2928 5194 3023 5256 26)
3059 5196 3160 5248 hoc
3193 5209 3281 5248 om
3314 5212 3363 5247 α.

2928 5264 3021 5322 27)
3058 5264 3153 5317 sic.

2927 5332 3021 5402 28)
3055 5329 3285 5402 supple:
3319 5339 3662 5401 potestatem.
