5050 6167
383 492 495 555 121
2084 491 2249 554 1540
2292 485 2708 554 NOVEMB.
4278 493 4399 556 122

1283 678 1434 747 26⁰.

887 816 1363 883 GALVINUS
1407 815 1839 881 PARENTI.

557 987 813 1054 Gaudet
854 993 1025 1055 statu
1066 988 1354 1056 ccclesiae
1393 987 1491 1053 vel
1532 988 1673 1068 ipso
1717 987 1961 1052 absente
2001 985 2343 1068 tranquillo

382 1080 437 1141 d
478 1074 786 1140 ordinato.
888 1075 1148 1142 Utinam
1195 1080 1253 1139 et
1299 1073 1581 1139 Genevae
1623 1072 1867 1138 similia
1912 1075 2337 1156 continyerent.

388 1160 522 1242 Quo
564 1180 651 1224 aa
682 1160 892 1226 redire
924 1159 1137 1226 debeat
1169 1161 1443 1225 nondum
1476 1161 1875 1224 constitutum
1908 1159 2102 1224 habet.
2190 1155 2341 1223 Gon-

379 1246 603 1311 silium
642 1247 720 1312 de
758 1265 942 1313 coena
985 1247 1391 1329 Arymtorati
1432 1244 1813 1310 celebranda.

382 1418 554 1483 (Bibl.
592 1418 796 1471 Genev.
833 1418 966 1471 Ood.
1003 1414 1122 1484 106,
1158 1418 1247 1472 fol.
1263 1414 1351 1480 49,
1386 1415 1740 1486 apographon
1776 1415 2061 1484 antiquum
2098 1432 2167 1469 ex
2190 1421 2342 1467 auto—

477 1487 591 1556 pho
635 1486 998 1555 descriptum3
1034 1487 1341 1539 recentiora
1377 1492 1597 1538 exstant
1631 1485 1762 1536 ibid.
1802 1484 1932 1539 Cod.
1974 1484 2090 1549 111,
2126 1484 2219 1537 fol.
2255 1481 2341 1549 26,

420 1556 535 1610 iml.
583 1555 709 1609 Vol.
758 1555 841 1609 48.
895 1586 959 1595 —
1008 1556 1175 1609 Arch.
1222 1555 1387 1608 Bern.
1434 1554 1576 1623 Epp.
1626 1553 1729 1606 VI.
1778 1570 1831 1622 p.
1868 1551 1964 1628 42..
2005 1582 2071 1591 --
2110 1553 2341 1622 Anglice

1036 1624 1209 1678 edidit
1245 1623 1419 1677 Bt-O.
1454 1624 1500 1677 1.
1540 1620 1686 1688 196.)

522 1793 795 1881 Optimo
838 1796 1028 1861 fratri
1071 1816 1217 1861 meo
1260 1796 1324 1860 N
1327 1795 1532 1860 icolao
1575 1794 1848 1860 Parenti
1892 1792 2202 1859 ecclesiae

581 1882 940 1966 gallicanae
984 1880 1156 1967 apud
1204 1884 1801 1965 Argentoratenses
1844 1876 2132 1945 diacono.

556 2019 702 2104 Ego
744 2019 909 2084 mibi
955 2018 1391 2100 ecclesiaeque
1433 2027 1697 2083 nostrae
1739 2016 1954 2100 magis
1990 2035 2185 2098 quam
2223 2014 2344 2079 tibi

380 2105 698 2189 gratulor,
743 2105 836 2169 mi
884 2105 1161 2183 Nicaeae,
1220 2101 1391 2185 quod
1450 2123 1679 2168 omnes
1726 2104 1820 2167 ita
1863 2102 2217 2185 diligenter
2260 2096 2344 2163 ad

379 2192 761 2258 concionem
788 2192 1069 2256 veniunt
1089 2197 1157 2254 et
1178 2197 1562 2255 reverenter
1597 2188 1987 2255 auscultant.
2055 2185 2135 2250 Id
2166 2187 2343 2250 enim

379 2297 715 2343 summum
758 2298 975 2342 meum
1013 2285 1241 2340 votum
1275 2274 1407 2339 fuit
1438 2295 1640 2358 quum
1677 2273 2097 2349 discederem,
2148 2281 2227 2336 ut
2259 2291 2344 2335 ne

419 2364 539 2431 uid
582 2363 894 2428 fratribus
937 2363 1199 2438 nostris,
1260 2381 1426 2443 quos
1474 2360 1839 2425 ministerio
1883 2379 2032 2423 meo
2079 2358 2346 2436 regebat

378 2387 707 2526 alu-istus,
753 2470 836 2513 ex
880 2468 1029 2512 mea
1072 2447 1372 2513 absentia
1416 2444 1772 2522 decederet,
1820 2467 1904 2509 ne
1940 2443 2097 2527 quid
2141 2463 2225 2507 ex
2267 2463 2343 2507 eo

379 2536 614 2601 ordine
679 2534 1008 2618 deperiret
1068 2554 1195 2616 quo
1254 2531 1593 2598 christiani
1652 2531 1872 2615 gregis
1929 2529 2343 2595 incolumitas

378 2623 775 2689 continetur.
868 2621 1086 2702 Atque
1129 2617 1196 2682 id
1239 2619 1531 2701 ipsorum
1574 2618 1787 2701 magis
1832 2619 2107 2682 interest
2149 2634 2345 2699 quam

378 2729 547 2773 mea.
638 2706 735 2773 Ut
769 2708 946 2771 enim
983 2705 1192 2789 gloria
1226 2715 1294 2768 et
1338 2723 1581 2769 corona
1616 2704 1899 2786 pastoris
1934 2702 2208 2768 ecclesia
2241 2708 2347 2766 est

378 2794 553 2859 bene
599 2792 977 2866 constituta,
1026 2791 1123 2855 ita
1164 2811 1380 2872 neque
1423 2788 1709 2873 gaudere
1751 2789 1860 2854 vel
1904 2788 2174 2873 gloriari
2215 2787 2345 2852 nisi

377 2882 446 2945 in
483 2881 631 2945 eius
665 2878 876 2943 salute
913 2876 1024 2941 1116
1061 2885 1293 2960 potest.
1382 2874 1782 2941 Benedictus
1817 2895 1975 2958 ergo
1995 2872 2342 2949 Dominus,

377 2967 493 3050 qui
562 2973 940 3029 nostrorum
1006 2963 1303 3027 omnium
1369 2963 1622 3027 animos
1682 2962 1752 3025 in
1814 2961 1932 3025 tali
2001 2959 2183 3025 verbi
2241 2959 2344 3022 sui

377 3050 760 3117 reverentia
819 3049 1144 3125 continet,
1205 3058 1273 3112 et
1325 3056 1392 3113 te
1444 3048 1642 3112 etiam
1695 3046 1780 3112 iis
1834 3043 2024 3112 donis
2078 3045 2346 3110 instruit

378 3159 548 3221 quae
596 3135 975 3202 satisfacere
1018 3133 1151 3199 illis
1192 3132 1464 3218 possint.
1552 3133 1830 3200 Utinam
1866 3132 1960 3197 sic
1996 3128 2344 3213 aliquando

380 3222 895 3291 Genevensibus
959 3239 1214 3303 quoque
1276 3219 1632 3303 prospiciat
1649 3270 1663 3296 ,
1743 3238 1828 3282 ne
1894 3239 2002 3283 me
2065 3216 2346 3299 amplius

377 3310 759 3376 sollicitent.
847 3305 1024 3372 Illud
1071 3306 1247 3371 enim
1295 3304 1721 3370 vehementer
1778 3325 1886 3369 me
1944 3303 2131 3388 angit
2172 3301 2346 3385 quod

375 3397 517 3462 illis
585 3395 778 3479 cupio
837 3392 1143 3476 opitulari
1165 3444 1178 3466 ,
1259 3389 1374 3456 sed
1436 3392 1757 3456 rationem
1818 3389 2072 3454 nullam
2137 3387 2346 3453 video.

378 3481 784 3566 Quanquam
828 3480 910 3545 ab
952 3481 1079 3544 ista
1123 3475 1563 3543 sollicitudine
1607 3476 1904 3541 animum
1945 3472 2156 3558 quoad
2200 3494 2347 3556 pos-

376 3591 531 3635 sum
599 3586 834 3634 revoco
847 3614 866 3645 ,
932 3563 1142 3631 donec
1203 3564 1375 3629 istuc
1439 3562 1828 3628 redierimus
1842 3614 1858 3640 ,
1927 3573 1996 3627 et
2048 3559 2350 3626 Farellas

376 3652 803 3738 rescripserit
859 3649 1184 3734 quomodo
1249 3647 1423 3733 apud
1479 3648 1628 3714 illos
1682 3669 1790 3713 res
1848 3647 2147 3713 habeant.
2245 3646 2350 3711 Ea

378 3742 563 3806 enim
622 3738 769 3823 lege
826 3737 1018 3804 nobis
1076 3737 1476 3819 sumpsimus
1534 3735 1695 3800 istas
1748 3733 2064 3810 inducias,
2125 3739 2204 3796 ut
2261 3752 2349 3796 ex

378 3835 565 3892 statu
604 3824 937 3902 ecclesiae,
975 3822 1093 3906 qui
1126 3833 1285 3887 tunc
1318 3822 1462 3900 erit,
1500 3819 1845 3886 consilium
1877 3840 2109 3902 capere
2136 3818 2347 3883 liceat.

375 3912 588 3980 Nunc
631 3913 854 3996 igitur,
914 3907 1073 3974 dum
1118 3908 1343 3973 omnia
1396 3907 1489 3973 sic
1540 3925 1862 3990 suspensa
1913 3911 2089 3982 sunt,
2143 3904 2349 3969 inter-

378 3999 672 4082 quiesco,
716 4007 785 4062 et
827 3997 911 4062 ab
951 4016 1029 4060 ea
1072 3995 1427 4074 anxietate,
1483 4014 1681 4076 quam
1724 3990 1890 4057 mihi
1944 3990 2141 4055 huius
2195 4011 2351 4056 con-

378 4084 768 4150 saltationis
846 4079 1197 4148 difficultas
1274 4079 1590 4145 attulerat
1606 4129 1622 4156 ,
1700 4076 2002 4143 nonnihil
2080 4077 2347 4158 respiro.

377 4170 647 4236 Verum
706 4166 900 4234 redeo
958 4166 1043 4232 ad
1102 4166 1447 4232 ecclesiam
1494 4173 1805 4230 nostrata.
1910 4161 2141 4227 Placet
2192 4181 2351 4226 66116

380 4256 565 4340 qnod
609 4252 973 4320 absentiam
1029 4272 1248 4317 meam
1305 4272 1442 4316 non
1497 4272 1739 4334 magno
1797 4248 2121 4315 desiderio
2179 4246 2351 4312 ferre

379 4350 627 4427 potest.
730 4338 837 4404 De
893 4359 1095 4404 coena
1151 4336 1427 4402 Domini
1498 4334 1889 4402 celebranda
1953 4335 2121 4400 bene
2189 4333 2351 4398 facis

380 4426 567 4513 quod
609 4446 859 4492 mones.
888 4427 938 4506 ¹)
1028 4425 1259 4508 Neque
1282 4425 1458 4488 enim
1480 4423 1648 4487 mihi
1672 4422 1741 4488 in
1762 4429 2054 4487 mentem
2078 4426 2355 4499 venerat

381 4535 600 4599 quum
643 4512 919 4579 abirem:
980 4510 1096 4577 sed
1138 4510 1341 4574 nimis
1385 4528 1530 4573 sero
1573 4507 1642 4573 id
1684 4508 1912 4574 fecisti.
1999 4504 2356 4573 Praeteriit

383 4601 571 4666 enim
616 4598 757 4664 dies
799 4619 926 4681 quo
970 4595 1355 4661 denunciari
1399 4603 1797 4678 oportuerat,
1841 4601 1959 4659 aut
1992 4599 2166 4658 certe
2202 4598 2355 4655 ante

382 4688 658 4770 elapsus
723 4684 851 4748 erit
911 4702 1112 4766 quam
1177 4681 1409 4746 literae
1472 4700 1659 4745 meae
1720 4680 2071 4763 pervenire
2130 4675 2215 4742 ad
2293 4686 2356 4741 te

382 4773 668 4857 pofflnt.
769 4770 861 4834 Et
914 4789 1153 4834 vereor
1205 4788 1312 4844 ne,
1378 4767 1436 4830 si
1502 4764 1957 4849 probationem
2021 4763 2281 4829 solitam
2299 4764 2359 4845 2)

383 4855 867 4932 remiserimus,
912 4875 992 4920 ea
1031 4853 1320 4919 varietas
1358 4851 1796 4917 turbationem
1842 4851 2129 4934 aliquam
2168 4848 2359 4914 nobis

388 4950 687 5030 generet.
759 4940 1054 5006 Proinde
1090 4940 1295 5005 satius
1330 4939 1468 5003 fore
1504 4936 1804 5016 arbitror,
1843 4938 1899 5002 si
1929 4955 2107 5001 nunc
2131 4955 2359 5017 super-

387 5030 647 5108 sedeas,
695 5027 956 5111 quando
999 5046 1130 5091 non
1174 5025 1303 5089 fuit
1341 5025 1415 5089 in
1458 5031 1750 5106 tempore
1793 5024 2153 5106 cogitatum
2169 5072 2187 5101 ,
2230 5020 2362 5086 nisi

387 5118 567 5183 forte
609 5113 882 5181 redierit
928 5111 1260 5189 Claudia-3,
1278 5108 1337 5196 ⁸)
1380 5117 1461 5174 ut
1480 5130 1632 5176 cum
1656 5130 1731 5175 eo
1752 5109 1961 5193 possis
1983 5107 2360 5174 deliberare.

426 5288 576 5348 260.
612 5286 671 5350 1)
710 5285 836 5338 Yon
871 5285 1011 5336 have
1049 5285 1189 5336 done
1225 5283 1349 5336 well
1386 5284 1443 5334 in
1478 5282 1664 5351 giving
1696 5279 2023 5333 intimation.

612 5353 673 5417 2)
709 5355 1049 5421 sinyulorum
1084 5354 1612 5406 communicantium.

613 5423 674 5488 3)
715 5422 976 5489 Feraeus,
1012 5421 1150 5475 alter
1185 5421 1437 5476 ecclesiae
1465 5419 1697 5489 yallieae
1731 5417 2015 5471 diaconum

2444 676 2620 742 Nam
2665 676 2721 742 si
2759 676 2903 759 ipse
2929 685 3146 742 tecum
3171 676 3481 761 expedire
3503 677 3852 756 censuerit,
3897 677 4101 743 nolim
4133 677 4401 744 differri.

2446 763 2737 827 Tantum
2781 783 3014 827 vereor
3068 784 3152 827 ne
3208 763 3276 828 in
3321 770 3661 847 posterum
3705 762 3895 828 nobis
3937 763 4153 829 fraudi
4195 764 4299 845 sit,
4346 765 4405 832 si

2445 848 2603 932 quid
2643 850 3010 914 innovetur.
3101 848 3377 932 Alioqui,
3413 850 3471 914 si
3507 848 3689 915 salvo
3724 849 3952 915 ordine
3987 850 4131 915 fieri
4166 859 4403 933 posset,

2446 933 2614 998 nihil
2639 955 2949 999 morarer.
3000 933 3190 1013 Vale,
3216 936 3306 999 mi
3335 935 3612 1017 Nicolae‚
3639 934 4076 1002 Sebastianum
4091 935 4166 1035 ⁴),
4189 936 4405 1001 Enar-

2445 1020 2615 1098 dum,
2662 1027 2729 1083 et
2771 1020 2933 1085 alios
2976 1028 3124 1085 tuos
3168 1020 3424 1087 sodales
3468 1021 3918 1087 amantissime
3956 1043 4220 1088 nomme
4256 1041 4404 1088 meo

2447 1106 2681 1171 saluta.
2783 1104 3111 1171 Dominus
3168 1126 3284 1171 vos
3340 1127 3569 1172 omnes
3627 1117 3988 1184 conservet,
4048 1117 4115 1172 et
4168 1109 4405 1192 spiritu

2447 1213 2567 1256 6116
2597 1201 2829 1341 ἓεωοῐο
2853 1190 2946 1340 lad
2983 1213 3174 1257 omne
3210 1213 3372 1275 opus
3394 1194 3635 1259 bonum
3661 1193 3916 1277 dirigat.
3966 1194 4404 1276 Wormaciae,

2449 1281 2549 1342 26.
2663 1297 2850 1342 ovem
2898 1327 2911 1340 .

3687 1364 4010 1431 Calvinus
4060 1375 4231 1432 tuus.

3345 1638 3496 1710 261.

2646 1758 2771 1822 LE
2816 1741 3121 1823 SENAT
3168 1760 3294 1824 DE
3342 1744 3728 1826 GENEVE
3774 1762 3839 1826 A
3882 1761 4218 1827 PAREL.

2630 1910 2729 1977 On
2787 1911 2881 1976 lui
2932 1911 3235 1976 demanda
3293 1933 3394 1977 666
3451 1912 3599 1979 bons
3654 1914 3860 1996 office-9
3915 1915 4081 1982 dans
4135 1915 4410 1997 l'affairc

2451 1996 2951 2149 'lsi'tzylgetvgtsoerentre
2971 1997 3188 2063 Berne
3222 2003 3278 2062 et
3319 1998 3560 2064 Genkve
3598 2006 3960 2066 concernant
3999 2001 4089 2067 les
4124 1999 4298 2067 biens
4332 2000 4407 2068 de

2452 2236 2776 2305 (Exemplar
2810 2237 3186 2319 autographon
3224 2243 3405 2292 exstat
3450 2240 3508 2292 in
3545 2238 3887 2292 Bibliotheca
3933 2247 4215 2308 pastorum
4261 2238 4404 2292 Neo-

2450 2307 2797 2370 comensium,
2835 2307 3011 2359 fascic.
3050 2323 3172 2375 epp.
3213 2307 3413 2362 divers.
3483 2308 3711 2377 Legitur
3746 2324 3962 2377 quoque
3991 2309 4048 2360 in
4074 2308 4271 2361 Codice
4289 2307 4407 2362 MS.

2449 2374 2591 2427 Bibl.
2629 2375 2779 2427 civic.
2819 2374 2998 2429 Turio.
3037 2376 3102 2431 B.
3136 2374 3239 2428 217
3277 2393 3325 2444 p.
3371 2375 3488 2441 110,
3526 2377 3582 2430 111
3620 2377 3840 2430 Perroti
3882 2377 3999 2430 vita
4041 2377 4244 2431 Farelli
4287 2376 4405 2430 MS.

3022 2450 3079 2497 et
3114 2445 3259 2514 apud
3295 2445 3508 2498 Simler.
3545 2446 3672 2499 Vol.
3706 2442 3820 2512 48.)

2623 2616 2762 2679 Aut
2783 2612 3079 2680 Docteur
3099 2614 3298 2679 Farel
3321 2616 3661 2682 Ministrez
3697 2616 4150 2701 Evangelique
4183 2622 4407 2683 nostre

2447 2700 2767 2784 singulier
2810 2702 3005 2785 Amy.

2621 2837 2983 2916 Monsieur,
3006 2858 3245 2923 appres
3266 2859 3432 2905 nous
3455 2849 3627 2906 estre
3648 2836 4035 2905 recomande
4049 2836 4129 2903 de
4140 2839 4406 2905 tresbcn

2448 2944 2654 2990 cucur
2696 2945 2769 2988 az
2814 2943 2978 2989 vous
3022 2924 3198 2989 illest
3241 2925 3532 2991 certaine
3588 2948 3716 3010 que
3767 2923 4025 2990 havons
4078 2923 4407 2991 entendus

2448 3008 2512 3073 le
2557 3010 2686 3075 bon
2731 3030 2933 3075 cueur
2975 3009 3186 3094 grand
3232 3033 3461 3076 amem·
3517 3022 3586 3075 et
3627 3011 3765 3078 zele
3808 3032 3933 3093 que
3976 3030 4145 3076 nous
4187 3018 4408 3094 portes

2449 3114 2523 3159 az
2579 3116 2745 3160 nous
2803 3095 2974 3161 fere‘
3004 3097 3255 3162 service
3322 3106 3389 3163 et
3451 3098 3720 3182 playsir,
3766 3096 3926 3162 dont
3989 3103 4408 3163 tresassertes

2448 3201 2620 3246 vous
2655 3182 2996 3247 merciens-
3083 3182 3177 3247 Et
3211 3202 3487 3268 croyons
3529 3203 3658 3266 que
3701 3203 3821 3267 par
3863 3203 4030 3247 nous
4074 3181 4407 3249 ambassa-

2451 3265 2649 3332 deurs
2691 3277 2909 3332 estant
2949 3289 3072 3352 par
3115 3267 3351 3334 devers
3404 3290 3572 3334 vous
3627 3277 3800 3335 estes
3858 3289 4037 3334 asses
4097 3267 4409 3353 advertys

2450 3352 2533 3417 de
2575 3352 2678 3418 laz
2722 3374 2916 3419 cause
2960 3355 3218 3422 encoire
3257 3361 3387 3439 'par
3421 3355 3814 3439 appellation
3848 3353 4180 3439 pendante
4224 3361 4412 3420 entre

2449 3458 2623 3503 nous
2699 3438 3053 3507 treschiers
3117 3439 3661 3526 Combourgeoys
3725 3441 3823 3508 les
3889 3437 4251 3525 Seigneurs
4329 3438 4412 3507 de

2451 3523 2675 3590 Berne
2721 3533 2790 3590 et
2834 3546 3002 3591 nous
3027 3524 3077 3613 ¹)
3123 3533 3192 3591 et
3235 3548 3477 3611 pource
3518 3549 3647 3611 que
3691 3549 3775 3592 en
3819 3534 3961 3594 cest
3999 3525 4200 3592 affere
4245 3547 4411 3593 nous

2451 3631 2703 3694 pouves
2739 3631 2972 3696 servyr
3004 3633 3171 3679 vous
3204 3635 3452 3697 pryons
3473 3634 3638 3680 nous
3660 3612 3958 3697 havoyer
3977 3613 4414 3678 entierement

2453 3717 2623 3779 pour
2664 3696 3088 3763 recomandez
3124 3706 3193 3762 et
3240 3697 3381 3781 quil
3413 3718 3581 3766 vous
3614 3698 3842 3783 playse
3877 3718 4040 3765 vous
4073 3695 4414 3782 employer

2453 3803 2622 3865 pour
2662 3804 2830 3849 nous
2871 3783 2973 3850 laz
3007 3804 3132 3849 6611
3168 3793 3555 3868 cognoytres
3589 3791 3764 3849 estre
3804 3803 4244 3867 neccessayre.
4322 3782 4415 3847 Et

2455 3890 2541 3933 en
2607 3889 2682 3934 ce
2745 3891 2910 3935 nous
2975 3869 3148 3935 feres
3213 3889 3252 3933 a
3345 3869 3559 3935 reable
3622 3869 3877 3955 playsir
3940 3867 4182 3951 lequell
4245 3887 4414 3933 nous

2453 3954 2825 4039 paroffrons
2880 3954 3234 4039 desservyr
3252 3891 3452 4021 glgieu
3496 3954 3762 4040 aydant,
3819 3954 4114 4038 autquell
4166 3973 4414 4039 pryons

2456 4039 2595 4124 quil
2638 4061 2801 4106 vous
2844 4039 3069 4105 doient
3108 4061 3471 4125 prosperer.

2629 4126 2733 4190 De
2778 4126 3070 4206 Geneve,
3115 4148 3190 4193 ce
3235 4130 3335 4192 26.
3383 4126 3756 4193 Novembre
3806 4130 3990 4192 1540.

3356 4263 3545 4330 Vous
3589 4263 3755 4328 bons
3799 4282 3987 4347 amys

2915 4349 3051 4414 Les
3095 4346 3511 4433 Syndicques
3555 4356 3624 4414 et
3662 4347 3952 4431 Oonseyl
3998 4345 4079 4413 de
4124 4347 4412 4415 Geneve.

2663 4521 2721 4586 4)
2765 4519 3153 4586 castellionem,
3188 4521 3314 4576 cide
3348 4520 3466 4574 eius
3500 4517 3886 4585 Defensionem
3912 4533 3971 4587 p.
4006 4517 4126 4572 360.

2495 4589 2626 4650 261.
2663 4592 2722 4655 1)
2760 4589 2945 4644 Bor-ne
3059 4589 3298 4644 &tendait
3342 4591 3500 4643 avoir
3548 4588 3642 4642 1166
3685 4587 3859 4643 droit-³
3902 4602 4000 4641 sur
4042 4588 4119 4642 les
4153 4588 4306 4642 biens
4338 4587 4418 4642 du

2467 4658 2725 4726 Ohapitre
2761 4658 2827 4712 de
2866 4657 2921 4714 S.
2996 4659 3149 4727 ictor,
3200 4658 3332 4713 dont
3366 4658 3443 4712 166
3475 4657 3659 4712 baillia
3703 4657 3771 4711 de
3815 4656 4041 4711 Thoana
4086 4663 4136 4710 et
4181 4656 4248 4709 de
4298 4653 4418 4711 Geoe

2461 4729 2716 4809 venaient
2764 4729 2831 4781 de
2874 4726 3168 4808 s'emparer
3207 4743 3283 4780 au
3325 4743 3450 4806 nom
3496 4726 3562 4779 de
3605 4726 3661 4780 la
3694 4722 4024 4796 republique.
4099 4724 4310 4806 Geticae
4343 4724 4420 4778 166

2463 4794 4111 4942 ἒἭεῖωζῗῖῖίῗῗῗέῗῖἒῖῖζῗῑῗ28ἀὶῧὲἒοἪὲ
4122 4798 4419 4940 {at-m

2463 4934 2851 5003 fre'quemment
2883 4949 3073 4988 encore
3108 4949 3207 4986 sur
3243 4934 3290 4985 le
3324 4935 3484 5000 capis,
3528 4929 3720 4985 Galvm
3753 4933 3879 4998 finit
3903 4946 4011 4998 par
4034 4931 4419 4999 dytnte‘resser

2467 5004 2506 5058 ὰ
2541 5019 2640 5056 son
2677 5009 2816 5056 tour.
2894 5002 2962 5055 Ce
3009 5001 3144 5056 n'est
3191 5001 3349 5071 qu’en
3403 4999 3535 5052 1544
3581 4998 3766 5068 qu’elle
3813 5016 3866 5052 66
3914 4999 4144 5051 termina
4187 5014 4294 5065 par
4338 5014 4418 5052 un

2467 5071 2960 5127 accommodmnent.
3039 5072 3080 5125 I
3084 5071 3105 5125 Ζ
3138 5087 3206 5124 116
3240 5074 3454 5124 sam-ait
3490 5068 3598 5122 &tre
3669 5069 3876 5122 uestion
3910 5067 3987 5121 ici
4007 5065 4072 5119 de
4095 5067 4149 5119 la
4168 5067 4420 5122 vocation

2467 5141 2534 5194 de
2564 5141 2723 5194 Viret.
2788 5141 2963 5209 Voyee
2998 5156 3096 5194 sur
3131 5139 3165 5194 Ρ
3247 5141 3365 5193 aire
3399 5140 3465 5192 de
3511 5136 3584 5192 St.
3667 5139 3804 5191 ictor
3848 5136 3893 5188 le
3927 5131 4063 5189 re'cit
4097 5134 4315 5190 dctat'lle'
4351 5135 4417 5190 de

2472 5209 2664 5291 Rayet,
2698 5210 2822 5264 hist.
2858 5210 2934 5265 du
2962 5211 3158 5278 peuple
3234 5223 3263 5262 6
3301 5207 3511 5262 6611666
3556 5207 3600 5259 Ι.
3637 5204 3734 5258 171
3784 5205 3921 5258 suiv.
3978 5201 4082 5255 259
4129 5206 4267 5259 suiv.
4314 5203 4417 5259 279

2464 5294 2604 5333 suw.

3243 5468 3646 5477 ——-—-———-
