5050 6167
365 424 479 489 353

360 611 639 680 foveritis
681 631 758 675 eo
802 629 931 693 quo
977 608 1232 676 decebit
1288 615 1356 674 et
1421 629 1588 691 opus
1643 615 1744 674 est
1796 607 2041 685 studio,
2088 629 2310 691 spera-

359 718 505 765 mus
569 697 934 762 Dominum
997 695 1189 760 vobis
1254 695 1635 760 affuturum.
1745 693 2067 760 Strenuos
2132 696 2310 760 enim

360 784 686 866 operarios
731 781 950 865 diligit
993 802 1070 846 ac
1111 782 1301 846 iuvat
1315 781 1374 862 ⁸)
1432 779 1772 845 libenter.“
1878 778 2047 861 Quis
2103 780 2313 862 igitur

361 870 714 937 christiano
789 868 1119 932 duntaxat
1177 866 1445 942 iudicio,
1517 865 1840 930 modestia
1904 873 1972 929 et
2035 866 2311 930 caritate

358 953 691 1041 praeditus
729 953 1057 1018 Far-ellum
1101 952 1206 1018 hic
1249 951 1686 1034 reprehendat
1699 1002 1715 1029 ,
1771 959 1887 1016 aut
1941 948 2021 1016 de
2072 950 2185 1015 illo
2229 950 2311 1015 si-

359 1042 640 1107 nistrum
684 1037 926 1121 aliquid
972 1038 1456 1122 suspicaretur?
1548 1035 1714 1117 Quis
1756 1045 1972 1100 autem
2021 1058 2151 1101 non
2195 1056 2310 1118 po-

360 1128 490 1192 tins
534 1126 698 1191 haec
730 1125 955 1188 omnia
988 1124 1071 1187 ad
1094 1124 1223 1188 Dei
1266 1122 1679 1188 voluntatem
1721 1142 1796 1186 ac
1829 1121 2310 1205 providentiam

360 1214 627 1286 referat,
696 1219 891 1291 atque
956 1210 1117 1274 adeo
1182 1209 1371 1273 illum
1436 1208 1800 1273 admiretur
1862 1208 1934 1270 in
2006 1207 2311 1291 operibus

361 1297 538 1364 suis?
630 1296 870 1377 Quare,
919 1295 1149 1378 optimi
1188 1296 1456 1367 fratres,
1517 1292 1890 1357 desinamus
1945 1294 2014 1356 in
2072 1294 2196 1359 hac
2240 1313 2311 1357 re

359 1393 546 1449 tanta
581 1393 648 1448 et
682 1393 819 1447 tam
857 1382 1081 1445 divina
1125 1378 1204 1445 de
1240 1401 1428 1445 servo
1450 1378 1723 1442 Domini
1760 1378 2112 1462 quidquam
2158 1400 2310 1444 san-

359 1469 740 1554 guinarium
783 1468 1088 1551 cogitare.
1177 1465 1359 1546 Quin
1402 1466 1619 1547 potius
1667 1464 1962 1529 dicamus
2005 1485 2154 1529 cum
2198 1463 2312 1528 illo

359 1555 771 1621 sanctissimo
813 1554 1164 1637 propheta:
1233 1553 1297 1616 A
1341 1552 1624 1616 Domino
1680 1550 1925 1614 factum
1979 1559 2080 1614 est
2135 1549 2311 1614 istud

358 1651 428 1706 ct
469 1649 575 1706 est
615 1639 916 1704 mirabile
959 1640 1028 1702 in
1072 1638 1278 1703 oculis
1322 1638 1580 1701 nostris.
1652 1635 1884 1700 Valete
1918 1635 1990 1699 in
2027 1634 2310 1712 Christo,

357 1727 602 1791 iratres
658 1725 1066 1810 integerrimi
1085 1774 1100 1802 ,
1165 1735 1233 1787 et
1285 1723 1455 1787 hanc
1508 1729 1803 1786 nostram
1870 1742 1954 1786 ex
2021 1728 2312 1804 tempore

356 1811 849 1894 rescriptionem
887 1812 961 1874 in
1005 1810 1238 1874 bonam
1284 1818 1535 1891 partem
1578 1807 1871 1890 accipite.

674 1964 881 2030 Pauci
923 1983 1010 2027 ex
1053 1962 1362 2027 fratribus
1406 1963 1646 2028 vestris
1688 1961 2241 2027 Neocomensibus
2256 1961 2316 2042 ⁴)

441 2053 561 2135 qui
607 2063 747 2116 tum
791 2049 1065 2114 aderant
1105 2069 1310 2131 quum
1352 2048 1582 2113 literas
1624 2059 1878 2114 vestras
1922 2046 2312 2130 accepimus.

1265 2595 1420 2666 380.

580 2749 1082 2819 PARELLUs
1125 2747 1468 2815 vfflnmo
1512 2748 1632 2813 ΕΤ
1676 2746 2112 2814 oALVINo.
2161 2823 2169 2832 ‚

540 2922 756 2990 Cam
809 2923 1058 2988 tandem
1121 2921 1394 2986 diremta
1447 2922 1581 2984 iam
1643 2920 1868 2985 ultimi
1929 2921 2321 2999 discrimina,

346 3013 478 3078 iter
501 3009 828 3076 Bonnense
869 3014 926 3073 et
973 3007 1480 3074 Neocomensium
1521 3006 1829 3071 decretum
1876 3006 1954 3069 de
1994 3007 2135 3085 ipso
2179 3007 2324 3071 reti-

351 3098 587 3175 nenda,
630 3097 867 3177 raptim
910 3098 1193 3171 enarrat,
1244 3098 1298 3157 et
1352 3092 1653 3175 difficaltate
1694 3092 2034 3156 ministerii
2079 3091 2324 3172 fortiter

349 3187 620 3250 servata
651 3182 982 3265 qloriatur.

349 3372 476 3435 (Ex
529 3377 663 3423 auto
800 3368 873 3422 ho
910 3367 1047 3421 Bibl.
1095 3372 1374 3446 pastorum
1414 3364 1878 3417 Neocomensium.
1945 3364 2090 3445 Rpp.
2125 3364 2325 3446 Far-elli

348 3441 496 3495 fasc.
535 3438 612 3493 11.
649 3385 802 3492 find)
874 3436 1070 3490 Cruces
1107 3440 1469 3566 interpr-stup]
1503 3432 1647 3485 haud
1682 3448 1880 3502 paucas
1915 3434 2018 3485 tibi
2054 3439 2323 3503 permitti-

1274 3519 1406 3556 mus.

537 3694 762 3776 Quam
821 3691 1159 3760 carissimo
1213 3691 1448 3755 Ioanni
1511 3688 1730 3755 Vireto
1794 3699 1859 3755 et
1910 3690 2110 3755 Petro
2170 3687 2323 3754 Oal·

335 3786 518 3851 vino
547 3784 602 3866 ¹)
646 3778 1030 3866 symmystis

1732 3877 2063 3943 Genevae.

537 4019 615 4088 S.
663 4017 886 4100 Quum
906 4019 966 4100 ²)
1024 4016 1328 4081 rediisset
1369 4015 1707 4081 Dinardus
1749 4022 1816 4078 et
1856 4013 2131 4079 feliciter
2174 4035 2323 4098 per-

341 4109 533 4177 actis
589 4103 766 4189 apud
810 4124 1037 4168 omnes
1092 4122 1253 4185 quos
1311 4101 1590 4178 adierat,
1647 4101 1860 4184 primo
1904 4099 2324 4178 Basilienses,

340 4196 524 4263 inde
581 4194 1204 4272 Argentoratenses,
1262 4185 1804 4251 Constantienses
1856 4192 1923 4250 et
1976 4184 2327 4269 Tigurinos

339 4280 583 4349 literis
614 4277 971 4342 instructus
1014 4289 1349 4357 pastorum
1372 4271 1454 4335 ad
1480 4273 1830 4348 ministros,
1867 4272 2325 4354 magistratum

341 4379 420 4435 et
467 4364 736 4449 plebem
764 4361 874 4442 qui
909 4369 1065 4424 sunt
1084 4358 1212 4435 hic,
1253 4356 1578 4421 dederunt
1598 4357 1796 4422 etiam
1822 4354 2176 4421 Senatores
2199 4357 2327 4420 Ar-

336 4451 819 4540 gentinenses,
845 4444 1383 4511 Constantienses
1418 4451 1487 4506 et
1505 4442 1806 4526 Tigurini
1840 4441 2063 4504 literas
2084 4440 2162 4505 ad
2189 4461 2328 4505 ma-

400 4540 416 4554 ’
467 4547 726 4602 tratum
764 4532 963 4609 hunc,
1001 4551 1163 4614 quas
1199 4528 1391 4594 audio
1427 4528 1848 4593 vehementes
1884 4546 2026 4590 esse
2064 4539 2132 4589 et
2163 4527 2325 4609 pias.

421 4646 466 4690 6
519 4621 734 4686 literis
778 4627 1117 4702 pastorum
1159 4638 1291 4681 non
1335 4622 1435 4680 est
1474 4613 1643 4697 quod
1687 4613 1994 4678 referam:
2053 4613 2210 4677 satis
2255 4633 2330 4677 ac

337 4728 700 4794 superque
744 4725 814 4770 se
857 4705 1037 4787 ipsas
1079 4700 1554 4766 commendant.
1641 4699 1916 4766 Utinam
1970 4718 2133 4778 quae
2176 4718 2329 4763 cum

584 4997 643 5056 3)
684 4995 782 5050 Sic
814 4994 1038 5050 omnino
1084 4991 1369 5060 hyadum
1411 4991 1538 5045 vide
1572 4990 1651 5045 N.
1684 4989 1791 5042 370
1828 4989 2032 5057 paucis
2078 4988 2330 5044 versibus

334 5089 386 5127 a
423 5069 578 5139 fine.
650 5065 834 5120 Codex
868 5063 1110 5120 ambibat:
1149 5074 1323 5115 vovet.
1777 5127 1786 5138 .
1963 5126 1973 5137 ι
2113 5126 2124 5137 ·
2176 5126 2187 5138 ⁶

587 5135 646 5201 4)
691 5133 803 5189 Via:
837 5152 875 5187 a
903 5148 1032 5188 vero
1059 5130 1440 5186 abor-rubim
1455 5130 1556 5184 hos
1582 5128 1934 5198 potissumum
1949 5142 2014 5180 m
2046 5130 2327 5181 mmmm-

336 5223 496 5265 rum
535 5218 768 5325 varnero
784 5201 1143 5325 'quaerendos
1176 5215 1291 5254 esse
1323 5199 1454 5254 rati.

392 5274 562 5338 880.
639 5279 657 5332 )
691 5273 775 5327 sic

601 5430 820 5483 calvini
849 5442 1032 5497 opera.
1117 5426 1227 5480 νοι.
1268 5424 1376 5477 x1.

2052 425 2210 487 1541
2260 420 2671 489 DEOEMB.

4247 429 4377 496 354

2414 611 2720 693 suspiriis
2764 609 3013 688 audivi,
3073 619 3212 677 tam
3254 612 3422 677 mihi
3467 612 3787 692 adessent,
3844 634 4043 696 quam
4093 635 4213 699 ego
4256 617 4373 683 ab-

2413 717 2564 761 sum
2609 697 2835 779 procul
2886 698 2968 761 ab
3023 718 3103 762 ea
3159 698 3549 781 cogitatione
3607 700 3802 764 talem
3859 722 3967 765 me
4024 722 4195 780 esse,
4255 704 4373 768 sed

2416 781 2722 847 Christus
2783 802 2973 848 meus
3029 783 3359 865 supplebit
3412 791 3478 848 et
3531 786 3770 850 sarciet
3831 786 4003 868 quod
4070 786 4252 860 deest
4304 800 4372 853 et

2412 868 2585 932 male
2628 867 2874 933 haeret.
2957 868 3171 933 Erant
3210 868 3441 934 literae
3485 869 3569 933 ad
3612 879 3916 935 senatum
3959 872 4370 938 Beruensem

2412 954 3073 1035 Argentoratensium
3111 963 3176 1017 et
3213 954 3509 1030 aliorum,
3552 977 3717 1037 quas
3751 957 3856 1021 cui
3895 956 4197 1024 daremus
4234 980 4369 1024 non

2412 1038 2821 1104 offendentes
2835 1089 2852 1116 ,
2910 1040 3129 1104 visum
3185 1040 3311 1104 fuit
3364 1048 3438 1105 ut
3480 1040 3814 1106 Einardus
3870 1062 3980 1107 eas
4032 1045 4368 1125 perferret,

2411 1122 2753 1205 haesitque
2798 1123 2929 1189 diu.
2996 1125 3167 1192 Nam
3211 1136 3515 1191 senatum
3558 1127 3834 1192 intravit
3875 1149 4027 1192 cum
4076 1127 4369 1208 Camerio,

2413 1211 2524 1291 qui
2565 1230 2832 1275 causam
2866 1210 3002 1294 egit
3036 1219 3319 1289 strenue,
3354 1232 3715 1293 propensus
3749 1224 3824 1276 ut
3857 1213 4145 1278 officium
4178 1217 4370 1281 amici

2413 1295 2612 1360 faciat
2653 1296 2726 1358 in
2765 1317 2889 1373 me,
2934 1295 3134 1377 idque
3179 1298 3309 1362 tuis
3353 1299 3608 1370 excitus
3624 1299 3681 1379 ⁸)
3716 1297 3925 1364 literis
3960 1308 4029 1363 et
4072 1300 4368 1379 aliorum,

2415 1380 2593 1445 unde
2625 1381 2952 1446 firmanda
2985 1382 3111 1446 erit
3151 1382 3457 1458 amicitia,
3495 1392 3568 1447 ut
3608 1383 3913 1449 ecclesiae
3935 1383 4186 1449 Ohristi
4221 1407 4372 1467 pro·

2416 1466 2519 1530 sit.
2588 1466 2720 1532 Ubi
2763 1467 3141 1544 revertitur,
3187 1468 3372 1532 venit
3414 1487 3561 1532 cum
3602 1471 3844 1535 nuncio
3865 1470 4211 1546 Bernensi,
4257 1472 4373 1553 qui

2415 1550 2642 1616 literas
2678 1551 2763 1616 ad
2796 1573 2903 1617 me
2937 1553 3178 1628 attulit,
3223 1553 3461 1634 quibus
3493 1575 3651 1619 mox
3691 1555 3980 1620 vocabar.
4029 1554 4370 1635 Quaeren-

2417 1635 2541 1701 dus
2583 1637 2711 1700 fuit
2753 1657 2961 1719 equus
3018 1648 3086 1703 et
3142 1640 3254 1720 qui
3311 1659 3567 1703 mecum
3623 1639 3782 1716 iret,
3842 1639 4015 1722 quod
4073 1642 4372 1723 quamvis

2418 1721 2603 1787 tarde
2662 1723 3006 1787 inventum
3063 1723 3207 1799 fuit,
3264 1733 3489 1787 tamen
3530 1745 3605 1789 eo
3650 1725 3754 1789 die
3812 1726 3927 1790 sed
3981 1729 4372 1809 intempesta

2418 1817 2606 1874 nocte
2649 1809 2939 1872 Bernam
2994 1808 3238 1890 appuli.
3327 1809 3621 1874 Iusserat
3670 1812 3951 1876 Gironus
4005 1811 4089 1876 ad
4147 1834 4217 1877 se
4273 1812 4371 1877 di-

2417 1901 2776 1958 verterem:
2823 1893 2997 1975 quod
3040 1894 3180 1959 feci.
3270 1894 3440 1959 Erat
3483 1897 3539 1960 is
3582 1894 3721 1960 dies
3748 1896 4045 1961 Veneris.
4064 1898 4125 1980 ⁴)
4172 1897 4372 1963 Cras-

2419 1980 2560 2043 tino
2604 1978 2709 2044 die
2754 1977 3110 2044 Consulem
3156 1977 3347 2056 adeo,
3406 1982 3516 2062 qui
3572 1980 3765 2046 iussit
3819 1991 4121 2047 senatum
4163 1982 4375 2048 intra-

2420 2085 2579 2128 rem.
2669 2063 2804 2130 Sed
2850 2066 3033 2147 prius
3077 2086 3272 2148 quam
3317 2064 3674 2130 haberetur
3715 2075 4001 2144 senatus,
4047 2068 4373 2134 Ludovici

2421 2149 2729 2214 Ammani
2770 2151 3091 2215 senatoris
3133 2170 3290 2215 vere
3332 2151 3426 2234 pii
3471 2152 3670 2216 funus
3714 2159 4013 2217 curatum
4057 2153 4198 2229 fuit,
4244 2174 4376 2235 quo

2419 2257 2528 2300 me
2570 2234 2822 2301 diducit
2868 2235 3169 2301 Suzzems
3223 2257 3417 2318 quem
3463 2237 3836 2301 inviseram.
3925 2238 4087 2302 Post
4128 2238 4377 2303 elatum

2419 2323 2616 2386 funus
2664 2319 3011 2386 Gonzemom
3055 2321 3354 2398 salutavi,
3400 2322 3510 2404 qui
3555 2323 3769 2386 funeri
3813 2324 4219 2388 interfuerat.
4310 2327 4375 2389 A

2422 2427 2550 2489 quo
2594 2418 2908 2489 exceptus
2964 2407 3057 2472 fui
3114 2407 3274 2471 satis
3315 2415 3543 2488 aperta
3585 2409 3815 2472 fronte.
3905 2407 4072 2473 Inde
4116 2409 4376 2475 circiter

2422 2490 2867 2570 undecimam,
2928 2513 3128 2574 quum
3181 2492 3482 2557 timerem
3538 2514 3645 2556 1116
3688 2494 4058 2575 praeteriri,
4112 2495 4376 2577 iamque

2423 2576 2596 2659 apud
2651 2598 2756 2641 me
2813 2575 3080 2661 indigne
3131 2578 3372 2642 ferrem
3426 2576 3594 2659 quod
3649 2599 3879 2658 senez,
3939 2580 4032 2644 sic
4086 2587 4376 2658 vocatus,

2422 2662 2541 2726 tali
2599 2663 2710 2726 via
2774 2670 2908 2727 tam
2973 2663 3102 2729 cito
3165 2662 3560 2745 paruissem,
3641 2672 3709 2727 et
3774 2664 4019 2747 negligi
4097 2664 4377 2744 viderer,

2422 2768 2625 2830 quum
2667 2756 2998 2829 oporteret
3055 2768 3162 2812 me
3216 2748 3324 2813 hic
3379 2769 3521 2812 esse
3577 2750 3877 2831 sequenti
3920 2747 4263 2828 dominico,
4310 2756 4379 2815 et

2424 2834 2553 2898 alia
2592 2832 2661 2898 id
2706 2853 2937 2916 genus,
2983 2842 3206 2898 tamen
3249 2843 3521 2898 vocatus
3566 2835 3692 2911 fui,
3753 2845 4018 2917 rogatus
4063 2833 4219 2916 quid
4264 2835 4379 2900 de-

2424 2927 2776 2984 trectarem
2827 2939 3059 3000 parere
3114 2919 3197 2983 iis
3241 2939 3406 3000 quae
3449 2919 3681 3002 legati,
3739 2941 3823 2984 116
3867 2941 3996 3001 qua
4038 2921 4381 3004 sanguinis

2425 3003 2655 3069 effusio
2699 3004 2808 3069 hic
2842 3006 3047 3080 fieret,
3093 3003 3539 3081 decreverant,
3583 3026 3787 3087 quum
3821 3009 3981 3069 satis
4015 3006 4180 3070 mihi
4217 3016 4382 3070 tem-

2423 3089 2604 3173 poris
2645 3089 3074 3154 constitutum
3122 3091 3370 3166 fuisset,
3417 3099 3492 3153 ut
3527 3110 3783 3172 possem
3823 3089 3983 3153 mihi
4020 3090 4379 3169 consulere,

2425 3195 2813 3258 possemque
2857 3174 3010 3239 alibi
3069 3196 3220 3240 cum
3277 3175 3493 3239 fructu
3539 3196 3732 3258 agere
3786 3174 4114 3254 uberiore,
4177 3197 4384 3258 quum

2426 3263 2636 3326 maior
2680 3281 2831 3343 pars
2876 3260 3040 3325 nolit
3080 3282 3185 3326 me
3228 3260 3604 3324 ministrum
3646 3260 3905 3340 habere,
3945 3262 4086 3326 fieri
4128 3282 4382 3345 quoque

2428 3367 2639 3430 posse,
2694 3356 2772 3411 ut
2812 3346 2923 3428 qui
2967 3367 3141 3411 nunc
3195 3345 3407 3410 nolint
3456 3365 3564 3410 me
3618 3367 3881 3411 rursum
3939 3353 4260 3428 repetant,
4306 3355 4386 3414 ut

2428 3433 2707 3515 contigit
2760 3432 3108 3509 Genevae,
3164 3452 3366 3513 quum
3422 3451 3615 3513 quem
3675 3433 4003 3498 eiecerant
4048 3431 4385 3499 Calvinum

2430 3517 2819 3583 revocarint.
2910 3517 3056 3583 Hoc
3098 3538 3230 3581 non
3288 3517 3430 3582 sine
3488 3516 3766 3598 quadam
3821 3518 3953 3582 mei
4009 3528 4166 3583 nota
4210 3518 4383 3584 dice-

2428 3604 2642 3678 batur,
2700 3601 3221 3685 admonebatque
3265 3624 3350 3667 ne
3394 3602 3553 3685 quid
3607 3603 3887 3668 sinerem
3935 3625 4163 3668 rursus
4215 3604 4384 3668 mihi

2430 3690 2571 3754 fieri
2616 3687 2786 3771 quod
2810 3688 3138 3765 Genevae,
3184 3695 3259 3752 ut
3302 3689 3519 3770 potius
3561 3710 3710 3754 cum
3757 3690 3971 3771 gratia
3992 3710 4189 3771 quam
4234 3689 4384 3772 pul-

2429 3795 2544 3838 sus
2588 3773 2836 3838 exirem
2883 3773 3300 3837 Neocomum.
3366 3773 3512 3839 Hoc
3555 3773 3881 3838 addebant
3922 3794 3993 3837 se
4036 3774 4178 3839 iure
4221 3775 4384 3840 civi-

2430 3860 2585 3924 tatis
2642 3860 2919 3941 astringi
2975 3858 3556 3934 Neocomensibus,
3625 3872 3698 3922 ut
3753 3856 3924 3940 quod
3980 3859 4199 3941 plures
4254 3868 4384 3925 sta-

2430 3947 2712 4011 tuissent
2754 3944 2925 4009 tueri
2972 3943 3279 4008 debeant:
3341 3964 3542 4024 quare
3599 3942 3652 4007 si
3711 3963 3750 4006 a
3808 3944 3942 4008 suis
3983 3944 4232 4009 civibus
4276 3964 4384 4010 co-

2430 4038 2687 4115 gentur,
2748 4039 2824 4093 ut
2865 4028 3074 4094 literis
3117 4030 3485 4112 receperint
3540 4037 3609 4092 et
3663 4029 3805 4092 iure
3860 4028 4136 4093 iurando
4154 4080 4169 4106 ,
4231 4049 4382 4094 cau-

2431 4137 2572 4180 sam
2618 4116 2853 4179 horum
2913 4117 3047 4180 sint
3089 4113 3473 4196 suscepturi.
3563 4113 3694 4178 Hic
3751 4112 4056 4196 respondi
4112 4114 4193 4178 ad
4249 4115 4384 4179 sin-

2432 4201 2613 4285 gula:
2669 4200 2836 4264 nihil
2882 4201 3104 4264 minus
3163 4220 3307 4264 esse
3361 4219 3550 4280 quam
3599 4198 3773 4280 quod
3830 4199 4040 4263 maior
4096 4219 4248 4281 pars
4291 4201 4387 4265 ita

2431 4287 2625 4362 velit,
2684 4286 2799 4350 sed
2844 4286 3042 4351 aliam
3083 4306 3224 4350 esse
3277 4304 3539 4348 causam
3560 4334 3573 4360 ,
3630 4284 3939 4347 nimirum
3998 4283 4169 4365 quod
4213 4285 4388 4351 ferre

2432 4393 2567 4437 non
2626 4372 2951 4454 potuerim
3010 4391 3088 4435 ea
3139 4369 3219 4434 ob
3276 4390 3442 4454 quae
3496 4367 3910 4451 evangelium
3963 4368 4134 4433 male
4179 4370 4387 4450 audit,

2433 4467 2498 4522 et
2544 4457 2651 4523 hic
2694 4476 2771 4521 ac
2813 4458 2882 4521 in
2928 4455 3182 4534 Gallia,
3239 4477 3361 4521 nec
3413 4476 3519 4520 me
3575 4473 3765 4537 posse
3807 4454 4146 4519 ecclesiam
4189 4475 4389 4537 quam

2434 4543 2602 4606 mihi
2641 4543 2966 4607 commisit
3008 4542 3337 4606 Dominus
3380 4541 3708 4617 deserere,
3774 4539 3903 4604 nisi
3949 4541 4062 4621 qui
4117 4560 4225 4605 me
4268 4563 4387 4606 vo·

2432 4629 2614 4694 cavit
2655 4637 2917 4693 revocet
2960 4634 3077 4691 aut
3129 4627 3255 4691 alio
3298 4634 3502 4694 vocet.
3592 4623 3836 4689 Addidi
3895 4625 4134 4703 multa,
4195 4635 4261 4689 et
4305 4626 4387 4693 de

2435 4714 2711 4779 Geneva
2756 4712 3079 4795 respondi,
3125 4733 3231 4777 me
3263 4713 3484 4797 potius
3529 4711 3697 4775 velle
3742 4708 4140 4793 discerptum
4183 4712 4385 4778 fuisse

2435 4802 2491 4864 si
2535 4819 2679 4864 eam
2721 4798 3174 4877 deseruissem,
3220 4800 3346 4863 nisi
3391 4800 3678 4882 fugatus,
3722 4805 3841 4860 aut
3883 4807 4106 4861 sancte
4152 4806 4230 4861 ut
4273 4818 4386 4862 cx·

2433 4884 2615 4968 pedit
2659 4884 2787 4949 alio
2831 4893 3123 4951 vocatus.
3228 4886 3468 4949 Actum
3510 4884 3729 4965 itaque
3778 4881 3906 4946 fuit
3949 4892 4024 4946 ut
4069 4883 4196 4948 huc
4239 4883 4386 4948 lite-

2432 4992 2547 5037 rae
2590 4972 3031 5048 mitterentur,
3089 4970 3325 5053 quibus
3381 4989 3608 5035 omnes
3652 4966 4190 5045 admonerentur,
4247 4988 4385 5032 non

2640 5262 2702 5327 3)
2737 5260 2850 5315 sic!

2637 5330 2699 5392 4)
2737 5330 2821 5384 25.
2859 5330 2994 5383 Nov.
3905 5409 3977 5465 ²⁸
