5050 6167
663 447 785 509 491

664 627 1015 696 convenire
1056 624 1351 710 contigit,
1404 643 1484 689 ea
1525 644 1693 708 quae
1734 622 1927 688 modo
1969 621 2380 706 potissimum
2422 629 2612 687 teneo

665 719 1055 799 argumenta
1097 710 1476 778 describam.
1541 708 1844 775 Primum
1879 707 2141 791 quidem
2174 708 2348 773 Novi
2383 708 2612 773 Tosta-

662 800 873 866 menti
916 798 1115 864 fidem
1157 796 1504 881 abrogant:
1561 816 1714 860 eum
1767 794 1879 876 qui
1935 793 2100 858 illud
2154 793 2614 875 conscripserit

663 895 783 952 aut
848 884 991 951 eius
1059 890 1358 949 autorem
1413 901 1669 946 summe
1725 879 2085 958 eruditum,
2163 878 2611 962 ingeniosissi-

663 992 865 1049 mum,
921 967 1519 1054 prudentissimum,
1569 965 2079 1050 sagacissimum,
2139 986 2214 1030 ac
2257 984 2466 1046 paene
2511 963 2610 1029 di·

665 1058 923 1134 vinum,
981 1063 1058 1121 ut
1099 1054 1475 1129 Platonem,
1529 1051 1623 1118 sic
1679 1059 2075 1134 agnoscunt,
2132 1048 2280 1113 θεὸν
2338 1049 2403 1113 δὲ
2456 1046 2610 1113 εἶναι

664 1141 964 1225 οὐδαμῶς,
1021 1161 1143 1205 neo
1184 1139 1323 1204 ulla
1365 1138 1613 1203 ratione
1661 1136 1732 1200 id
1773 1136 1917 1201 fieri
1957 1156 2145 1218 posse
2188 1134 2606 1201 contendunt.

663 1228 875 1313 quue
898 1248 1007 1292 eos
1028 1225 1316 1290 maxime
1350 1230 1586 1294 movet.
1633 1230 1709 1286 ut
1747 1221 1961 1305 inquit
1993 1221 2123 1302 ille,
2166 1221 2336 1304 quod
2375 1221 2608 1287 Socra-

665 1322 786 1393 tes,
807 1313 1000 1379 Plato
1024 1310 1264 1393 aliique
1299 1306 1608 1393 permulti
1627 1306 1999 1390 philosophi
2034 1307 2259 1373 divina
2280 1306 2608 1391 pleraque,

666 1421 743 1467 ac
786 1399 987 1463 etiam
1030 1396 1355 1461 diviniora
1388 1392 1727 1478 evangelio
1764 1394 2185 1475 scripserunt,
2231 1393 2344 1475 qui
2388 1399 2609 1457 tamen

667 1486 757 1551 dii
800 1506 933 1550 non
975 1489 1136 1549 sunt
1177 1478 1551 1546 existimati.
1637 1478 1901 1543 Veteris
1959 1478 2380 1543 instrumenti
2436 1478 2609 1544 locos

663 1572 737 1637 in
798 1577 1090 1635 nostram
1153 1565 1464 1631 adductos
1527 1565 1919 1630 sententiam
1983 1562 2365 1647 depravant,
2432 1571 2498 1627 et
2552 1564 2611 1628 si

663 1655 902 1741 quibus
943 1658 1283 1738 urgentur,
1342 1650 1637 1734 protinus
1679 1648 1992 1714 historiae
2037 1648 2229 1715 fidem
2276 1650 2608 1732 abrogant,

664 1760 995 1827 quumque
1056 1737 1317 1803 illorum
1380 1736 1452 1800 in
1517 1734 1886 1801 refellendis
1951 1743 2090 1800 tam
2153 1735 2610 1801 sacratissimis

665 1826 1007 1910 scripturis
1044 1822 1248 1888 nimia
1267 1820 1674 1905 impudentia
1705 1821 2022 1904 arguitur,
2068 1820 2213 1885 hui!
2251 1828 2386 1885 tam
2422 1840 2609 1885 sanc-

665 1921 791 1991 tae,
832 1909 1158 1994 inquiunt,
1203 1906 1580 1990 scripturae,
1641 1926 1803 1989 quae
1854 1914 1951 1971 tot
2005 1905 2348 1989 impudicis
2390 1905 2610 1971 verbis

665 2005 735 2064 et
788 1994 1198 2064 cantionibus
1251 1994 1529 2058 refertae
1585 1991 1656 2056 in
1701 1990 1974 2058 Cantico
2017 1992 2416 2057 canticorum
2461 2011 2610 2074 pas-

665 2083 792 2151 sim
828 2078 1416 2164 deprehenduntur.
1495 2078 1726 2160 Neque
1768 2078 2091 2160 recipiunt
2130 2078 2310 2143 illius
2345 2077 2611 2160 linguae

665 2174 925 2251 tropum
962 2166 1359 2249 explicatum
1395 2162 1477 2228 de
1502 2162 1666 2240 Deo,
1703 2163 2040 2229 ecclesiam
2075 2184 2263 2229 suam
2297 2172 2612 2245 tanquam

665 2255 943 2321 amicam
985 2250 1433 2333 amplectente.
1521 2249 1876 2314 Praeterea
1928 2269 2133 2332 quum
2176 2249 2256 2314 de
2301 2248 2435 2312 filio
2479 2246 2612 2312 Dei

664 2337 914 2422 aliquid
970 2336 1277 2415 audiunt,
1343 2332 1424 2401 de
1479 2355 1553 2400 eo
1624 2333 1869 2400 dictum
1924 2334 2441 2416 interpretantur
2496 2332 2609 2415 qui

661 2424 863 2510 probe
917 2422 1309 2506 sapientiam
1364 2419 1547 2485 illam
1603 2417 1892 2485 divinam
1941 2427 2244 2496 sectatur,
2299 2418 2610 2502 quemad-

661 2510 931 2576 modum
973 2508 1187 2591 aliquo
1222 2507 1294 2570 in
1327 2506 1466 2572 loco
1500 2506 1811 2587 scriptum
1847 2512 1977 2570 est:
2016 2505 2212 2571 Mons
2235 2505 2381 2580 Dei,
2417 2524 2610 2570 mons

708 2596 959 2680 ing-uis,
1016 2603 1084 2660 et
1136 2592 1407 2675 spiritus
1465 2589 1598 2656 Dei
1611 2591 1668 2672 ⁴)
1723 2592 1764 2655 i.
1811 2611 1864 2656 e.
1920 2590 2183 2674 ingens,
2241 2598 2310 2655 et
2365 2590 2610 2673 digitus

662 2617 812 2761 Eei,
868 2688 936 2746 et
978 2686 1238 2746 caetera
1280 2696 1444 2761 quae
1495 2676 1881 2759 paraphrasi
1935 2676 2239 2741 hebraica
2282 2675 2610 2754 dicuntur,

663 2773 734 2834 et
782 2766 954 2831 hanc
998 2773 1292 2831 nostram
1334 2762 1563 2847 αἵρεσιν
1614 2761 2067 2826 inventionem
2111 2781 2251 2826 esse
2296 2768 2610 2845 tanquam

662 2863 1025 2939 poetarum,
1063 2851 1175 2933 qui
1209 2847 1495 2916 celebres
1530 2853 1599 2912 et
1638 2847 1913 2912 eximios
1949 2848 2123 2912 viros
2158 2846 2312 2913 deos
2348 2855 2612 2930 propter

662 2940 979 3007 virtutem
1036 2936 1451 3000 effinxerunt.
1550 2931 1777 3013 Quum
1831 2953 1990 2998 vero
2044 2932 2167 2998 hoc
2222 2939 2610 3017 argumento

661 3023 1109 3109 impelluntur,
1153 3019 1336 3085 nullo
1380 3019 1452 3084 in
1493 3017 1759 3083 homine
1801 3038 2076 3101 usquam
2122 3018 2285 3083 tales
2329 3019 2611 3084 virtutes

663 3109 1061 3194 apparuisse,
1117 3113 1255 3172 tam
1309 3104 1618 3188 insignes,
1676 3111 1811 3167 tam
1865 3103 2139 3182 divinas,
2197 3111 2391 3187 atque
2434 3111 2609 3170 certe

662 3195 795 3260 Dei
837 3194 1046 3277 ipsius
1078 3191 1391 3275 proprias,
1437 3210 1648 3274 neque
1679 3189 1753 3253 in
1787 3188 1974 3255 factis
2009 3209 2119 3256 eas
2157 3196 2413 3255 tantum
2453 3210 2609 3255 con-

663 3282 897 3348 sistere
953 3279 1139 3361 (quia
1200 3277 1498 3359 protinus
1554 3274 1786 3359 negari
1846 3281 2173 3358 possent),
2240 3274 2355 3341 sed
2411 3281 2478 3340 et
2535 3276 2607 3338 in

663 3364 1025 3442 sententiis,
1070 3383 1237 3446 quae
1279 3362 1335 3427 si
1375 3359 1533 3443 quid
1576 3380 1848 3443 usquam
1891 3361 1963 3425 in
2005 3359 2281 3427 Platone
2325 3369 2440 3425 aut
2481 3359 2608 3427 So-

663 3459 840 3517 crate
891 3449 1048 3515 boni
1100 3447 1427 3530 reperitur
1482 3444 1550 3509 id
1604 3466 1799 3510 omne
1851 3453 2025 3510 certe
2067 3446 2607 3530 complectuntur,

663 3557 740 3603 ac
794 3541 1135 3622 praeterea
1185 3553 1416 3615 puram
1472 3531 1656 3596 illam
1709 3551 1784 3597 ac
1841 3530 2238 3597 defaecatam
2281 3530 2413 3596 Dei
2467 3532 2608 3596 veri

659 3630 973 3700 mentem,
1029 3624 1343 3703 quantam
1383 3617 1480 3681 illi
1524 3615 1705 3701 (quia
1747 3624 2006 3682 tantum
2048 3616 2345 3682 homines
2389 3618 2606 3701 erant)

661 3707 924 3790 assequi
966 3725 1100 3770 non
1156 3711 1450 3787 potuere,
1510 3701 1839 3781 exhibent,
1894 3703 2322 3785 omnibusque
2366 3703 2523 3769 viris
2568 3724 2607 3767 a

661 3795 806 3861 Deo
847 3793 989 3875 ipso
1022 3789 1424 3873 praeparatis
1466 3795 1710 3854 certam
1745 3809 1819 3854 ac
1854 3790 2244 3854 renudatam
2278 3808 2606 3854 common-

662 3885 907 3946 strant:
961 3883 1104 3941 tum
1146 3875 1243 3939 illi
1282 3875 1569 3957 primum
1612 3874 1788 3940 illius
1844 3874 2013 3939 facta
2054 3874 2295 3939 infitias
2333 3873 2429 3938 ire
2473 3895 2605 3939 non

662 3962 979 4040 dubitant,
1037 3960 1273 4026 deinde
1315 3961 1674 4026 sententias
1717 3965 1787 4023 et
1826 3959 2155 4023 axiomata
2194 3958 2325 4023 viri
2364 3958 2603 4024 eruditi

659 4071 804 4115 esse
847 4069 980 4112 non
1024 4053 1285 4130 negant,
1341 4045 1456 4110 sed
1499 4065 1608 4110 eas
1651 4064 1790 4108 esse
1843 4044 2169 4125 simplices
2213 4052 2280 4108 et
2319 4044 2600 4125 infimas,

659 4134 844 4202 nullo
878 4131 1448 4199 demonstrationis
1483 4149 1722 4214 genere
1758 4129 2097 4211 expolitas,
2132 4128 2297 4194 nihil
2321 4130 2601 4214 denique

658 4220 978 4287 habentes
1020 4217 1190 4301 quod
1235 4237 1368 4282 non
1420 4218 1650 4298 cuique
1691 4212 2105 4280 mediocriter
2147 4214 2403 4280 erudito
2447 4237 2602 4282 con-

659 4305 890 4370 tritum
953 4303 1042 4369 sit
1104 4312 1171 4369 et
1242 4300 1671 4385 exploratum.
1773 4298 1961 4365 Scias
2022 4307 2242 4365 autem
2304 4300 2602 4368 homines

662 4388 1037 4455 huiusmodi
1091 4388 1207 4454 vix
1259 4384 1619 4452 rationibus
1671 4386 1965 4451 convinci
2019 4406 2235 4469 posse:
2295 4387 2390 4452 ita
2444 4393 2603 4453 sunt

659 4471 1360 4640 {3332330‘335330‘334
1415 4470 2600 4638 ξὲὲὶξθῗῧοῖῶῖῖἑηᾞῗρᾞ

658 4664 861 4729 quam
899 4643 1012 4727 qui
1053 4643 1397 4726 aliquando
1431 4663 1472 4706 a
1504 4641 1694 4707 nobis
1730 4640 2160 4721 desciverant,
2204 4643 2382 4708 omni
2424 4642 2598 4711 vallo

657 4750 738 4795 ae
755 4730 1116 4813 sepimento
1151 4726 1773 4794 demonstrationum
1819 4747 1892 4792 se
1933 4729 2328 4807 munierunt,
2373 4736 2442 4794 et
2482 4727 2597 4794 ad-

659 4835 930 4883 versum
973 4834 1093 4879 nos
1149 4815 1244 4879 ita
1284 4813 1609 4896 obstinate
1661 4832 1803 4879 sese
1858 4813 2304 4893 obfirmarunt,
2362 4824 2438 4880 ut
2482 4816 2595 4881 vix

659 4922 948 4985 unquam
989 4920 1099 4966 eos
1139 4897 1292 4964 inde
1333 4898 1530 4964 avelli
1562 4920 1836 4983 sperem,
1877 4898 1950 4965 in
1982 4899 2243 4966 illorum
2277 4909 2473 4984 caput
2513 4902 2595 4968 ab

657 4986 952 5071 apostolo
988 4984 1234 5052 dictum
1274 5005 1415 5051 esse
1456 4992 1723 5068 putans:
1768 4985 1958 5064 Nam,
1997 4985 2232 5069 inquit,
2275 4987 2421 5053 fieri
2464 5009 2596 5053 non

657 5080 875 5156 potest
913 5081 991 5137 nt
1034 5070 1147 5154 qui
1189 5070 1391 5137 semel
1444 5071 1690 5137 fuerint
1731 5070 2101 5150 illuminati,
2157 5074 2595 5157 gustaverint-

658 5179 784 5242 que
817 5157 1060 5225 donum
1100 5156 1392 5237 coeleste,
1436 5165 1501 5224 et
1532 5157 1879 5242 participes
1920 5158 2166 5224 fuerint
2206 5158 2362 5225 facti
2403 5159 2597 5243 spiri-

863 5343 1275 5413 4)aa·.1,2.
1348 5345 1776 5414 mmm.

2315 433 2841 502 EPISTOLAE
2884 436 3011 499 444

4534 433 4657 499 492

2717 629 2822 686 tus
2876 621 3087 687 sancti
3101 673 3116 700 ,
3183 623 3718 706 gustaverintque
3772 623 4015 688 bonum
4070 622 4198 687 Dei
4252 622 4525 690 verbum
4585 640 4657 689 ao

2714 707 2993 773 virtutes
3034 707 3239 772 futuri
3281 708 3540 785 saeculi,
3597 709 3653 773 si
3707 708 4149 792 prolabantur,
4209 705 4424 774 denuo
4469 728 4656 774 reno-

2714 799 2956 858 ventur
3008 813 3128 875 per
3181 793 3665 877 poenitentiam.
3754 794 3834 859 Id
3878 793 4085 859 solum
4129 805 4463 876 praestare
4506 814 4657 878 pos-

2714 899 2943 943 sumus
3001 878 3173 961 quod
3231 881 3515 945 maxime
3570 879 3716 945 illos
3756 879 4051 945 mordeat
4091 887 4158 944 et
4213 881 4557 959 excruciet,
4602 881 4659 946 si

2715 964 2921 1029 vitam
2962 964 3290 1049 integram
3325 974 3391 1030 et
3423 986 3654 1048 puram
3688 967 3758 1029 in
3800 965 3946 1049 lege
3980 965 4249 1030 Domini
4287 975 4660 1033 constanter

2714 1048 3047 1133 degamus,
3084 1049 3256 1133 quod
3291 1059 3366 1115 ut
3406 1058 3745 1134 prosperet
3780 1051 3850 1115 in
3886 1052 4072 1117 nobis
4109 1051 4436 1118 Dominus
4470 1051 4657 1118 Iesus

2713 1134 3018 1201 Christus
3042 1137 3243 1201 etiam
3263 1141 3458 1219 atque
3497 1139 3692 1201 etiam
3715 1156 3828 1201 oro
3863 1145 3930 1202 et
3962 1145 4038 1201 tu
4059 1137 4398 1203 nobiscum
4421 1137 4655 1204 orabis.

2886 1219 3060 1301 Quia
3101 1242 3261 1287 vero
3305 1221 3386 1288 de
3439 1222 3569 1287 illis
3628 1229 3843 1287 actum
3886 1230 4004 1301 est,
4065 1223 4237 1305 ipsos
4279 1223 4659 1289 omittamus

2713 1325 2966 1385 censeo,
3014 1306 3286 1390 aliisque
3328 1309 3397 1371 in
3433 1306 3570 1373 dies
3605 1307 4024 1374 nascentibus
4060 1307 4428 1374 recentibus
4469 1308 4658 1393 inge-

2712 1393 2841 1456 niis
2882 1411 3317 1468 occurramus,
3375 1414 3459 1457 ne
3502 1393 3751 1459 scilicet
3790 1395 3860 1457 in
3904 1401 4351 1477 grassatorum
4392 1393 4657 1459 illorum

2713 1497 2950 1543 manus
2990 1478 3284 1543 incidant
3325 1499 3400 1545 ac
3442 1479 3738 1562 protinus
3782 1479 4226 1545 conficiantur.
4314 1480 4446 1546 Hic
4481 1477 4658 1564 apud

2713 1583 2831 1629 nos
2877 1563 3053 1628 viros
3092 1564 3292 1629 bonos
3331 1573 3398 1629 et
3438 1563 3663 1630 fideles
3705 1564 3948 1647 aliquot
3989 1586 4131 1630 esse
4174 1564 4258 1629 ad
4302 1566 4472 1631 hanc
4515 1585 4657 1630 rem

2714 1649 3098 1714 attentiores
3142 1649 3262 1714 tibi
3305 1670 3543 1726 assero,
3592 1659 3659 1715 et
3701 1660 3875 1716 certe
3919 1651 3988 1715 in
4021 1651 4231 1716 officio
4275 1671 4394 1733 pro
4438 1672 4509 1716 se
4553 1670 4656 1715 se-

2714 1733 2867 1799 dulo
2900 1735 3170 1817 quisque
3202 1735 3372 1800 facit.
3441 1734 3576 1802 Sed
3610 1736 3741 1800 iam
3777 1737 4028 1820 ingenti
4061 1756 4289 1801 eorum
4310 1735 4658 1801 hominum

2713 1820 3136 1885 multitudine
3189 1829 3447 1886 tantum
3499 1843 3632 1887 non
3682 1821 4127 1905 opprimimur,
4192 1823 4287 1887 ita
4350 1829 4427 1887 ut
4481 1844 4658 1890 nune

2714 1913 2897 1970 tuam
2954 1914 3348 1988 tuorumque
3402 1907 3714 1972 similium
3767 1928 4030 1991 operam
4083 1906 4190 1974 hic
4245 1927 4659 1991 summopere

2716 1990 3173 2057 desideremus.
3240 1992 3455 2057 Tuum
3499 1994 3624 2058 erit
3657 2013 3895 2058 munus
3931 2013 4064 2057 non
4098 1994 4316 2058 minus
4354 2014 4658 2060 necessa·

2713 2077 2888 2141 rium
2931 2097 3128 2160 quam
3182 2077 3362 2155 utile,
3420 2079 3477 2144 si
3536 2079 3852 2145 nonnulla
3908 2079 3980 2143 in
4035 2079 4209 2143 hanc
4261 2081 4659 2146 sententiam

2714 2162 3076 2245 collegeris,
3134 2170 3211 2226 ut
3266 2164 3606 2247 scripsisti,
3666 2172 3732 2230 et
3785 2185 3862 2229 ea
3914 2163 4274 2247 eleganter,
4328 2170 4403 2228 ut
4454 2165 4660 2247 probe

2715 2248 2922 2329 nosti,
2976 2247 3421 2331 descripseris,
3472 2250 3706 2332 quibus
3751 2249 3988 2315 ferocia
4023 2250 4451 2315 crescentium
4472 2255 4508 2290 ¹·
4551 2251 4659 2315 in-

2713 2333 2908 2417 genia
2961 2334 3041 2399 ab
3096 2334 3213 2398 illa
3267 2336 3516 2416 patenti
3568 2336 3676 2400 via
3732 2334 3986 2401 deflecti
4039 2336 4319 2418 possint,
4378 2355 4455 2400 ao
4497 2357 4659 2419 pru·

2712 2417 2945 2485 denter
3008 2440 3151 2485 eam
3216 2419 3385 2485 inire
3448 2421 3626 2486 viam
3691 2420 4082 2485 edoceantur
4143 2441 4338 2505 quam
4405 2421 4662 2504 primus

2712 2505 2957 2569 stravit
2998 2505 3213 2583 Iesus,
3274 2513 3466 2588 atque
3521 2507 3593 2570 in
3647 2527 3793 2571 eam
3837 2527 4038 2588 usque
4093 2514 4406 2590 tanquam
4450 2528 4659 2573 manu

2712 2588 3136 2657 adducantur.
3226 2589 3417 2671 Quod
3473 2600 3547 2656 ut
3604 2593 3891 2657 faustum
3948 2592 4229 2674 felixque
4287 2593 4372 2658 sit
4428 2592 4657 2660 Deum

2712 2685 2841 2760 opt.
2880 2698 3051 2742 max.
3089 2696 3327 2760 quaeso
3361 2685 3430 2741 et
3461 2677 3673 2743 filium
3707 2679 3846 2742 eius
3884 2677 4104 2744 Iesum
4140 2679 4480 2743 Christum
4516 2701 4653 2747 oro.

2885 2762 3230 2829 Caeterum
3280 2762 3450 2845 quod
3492 2761 3570 2827 ad
3615 2782 3991 2829 communes
4032 2784 4139 2828 res
4181 2773 4436 2831 nostras
4453 2764 4511 2851 ὁ)
4550 2773 4655 2832 at-

2713 2847 2899 2927 tinet,
2945 2849 3162 2914 nescio
3207 2846 3363 2930 quid
3405 2855 3577 2914 recte
3620 2848 3929 2914 scribam:
3986 2855 4167 2915 tanto
4220 2858 4374 2915 sunt
4426 2850 4498 2916 in
4544 2872 4655 2917 er-

2712 2953 2862 2998 rore
2904 2943 2969 2999 et
3024 2933 3216 3017 lapsu
3259 2941 3333 2998 ut
3388 2935 3456 2999 in
3501 2933 3686 3000 brevi
3731 2935 3990 2999 ruinam
4032 2935 4438 3001 minitentur.
4530 2937 4663 3003 'I'ot

2710 3019 3093 3102 impendent
3134 3017 3318 3084 nobis
3378 3019 3659 3103 undique
3719 3020 4119 3086 calamitates
4173 3029 4241 3086 et
4282 3022 4535 3106 plagae,
4581 3030 4662 3089 ut

2712 3126 2846 3170 non
2882 3105 3174 3171 dubitem
3214 3125 3332 3170 nos
3368 3103 3481 3170 diu
3526 3106 3647 3170 hoc
3681 3113 3856 3171 statu
3892 3126 4022 3170 non
4057 3107 4408 3172 consistere
4442 3129 4654 3191 posse.

2710 3189 2917 3274 quue
2981 3187 3229 3256 dudum
3285 3191 3450 3255 mihi
3511 3191 3840 3275 praesagit
3902 3191 4175 3258 animus.
4263 3193 4411 3260 Hoc
4467 3194 4659 3262 Deus

2710 3284 2970 3342 avertat
3023 3277 3094 3340 in
3150 3275 3332 3342 cuius
3389 3297 3591 3341 manu
3645 3297 3721 3342 ac
3776 3284 4095 3360 potestate
4152 3285 4377 3344 nostra
4410 3282 4658 3347 ,omnia

2710 3370 2867 3429 sunt
2908 3364 3049 3429 sita.
3140 3360 3300 3426 Vale
3343 3370 3411 3427 et
3451 3382 3558 3427 me
3601 3361 4128 3428 commendatum
4172 3363 4356 3430 habe.

3483 3499 3667 3564 Tuus
3709 3519 3899 3582 quem
3948 3501 4119 3565 nosti
4164 3499 4477 3585 Oapnius.

2881 3671 3041 3737 Post
3082 3671 3201 3735 has
3242 3668 3325 3735 ad
3359 3679 3424 3734 te
3465 3669 3741 3768 scriptas
3784 3669 4024 3749 literas,
4062 3668 4218 3737 dum
4251 3671 4400 3739 illas
4442 3675 4655 3744 amico

2710 3777 2855 3822 meo
2898 3756 3461 3833 communicarem,
3507 3777 3612 3821 cui
3657 3762 3725 3822 et
3777 3764 3925 3822 tuas
3967 3758 4296 3839 quondam
4338 3758 4655 3844 legendas

2709 3842 3030 3921 dederam,
3089 3863 3167 3907 ea
3219 3861 3386 3924 quae
3439 3841 3723 3906 maxime
3767 3863 3807 3906 a
3847 3861 3953 3906 me
4006 3844 4302 3927 exigeres
4354 3853 4654 3928 praeter-

2706 3929 2961 3993 misisse
2995 3948 3143 3993 sum
3178 3926 3565 4006 admonitus,
3609 3934 3802 4009 teque
3846 3928 4130 3993 maxime
4166 3929 4534 3997 desiderare
4570 3939 4651 3999 ut

2704 4013 2966 4080 illorum
3019 4012 3356 4079 hominum
3413 4033 3628 4078 mores
3688 4012 3950 4078 habitus
3998 4021 4066 4079 et
4120 4018 4647 4085 conversationes

2705 4101 2775 4164 in
2830 4097 3158 4181 republica
3209 4105 3431 4164 nostra
3483 4096 3603 4162 tibi
3654 4096 4055 4164 deliniaram.
4086 4102 4139 4174 ⁶)
4227 4099 4419 4182 Quod
4474 4104 4646 4170 mihi

2704 4185 2895 4269 longe
2958 4181 3209 4250 facilius
3272 4184 3401 4248 erit
3462 4205 3659 4267 quam
3719 4183 3785 4248 id
3852 4184 4023 4267 quod
4087 4207 4286 4268 supra
4337 4189 4641 4256 conabar.

2702 4271 3002 4336 Primum
3036 4269 3299 4353 quidem
3332 4280 3488 4333 sunt
3519 4269 3837 4335 eiusmodi
3872 4269 4171 4335 homines
4207 4270 4386 4353 lauti,
4428 4274 4643 4354 nitidi,

2701 4356 2896 4434 obesi,
2940 4360 3264 4436 μαλθακαί,
3307 4354 3469 4419 nihil
3505 4355 3907 4439 voluptatum
3938 4357 4228 4420 omnium
4252 4378 4420 4440 quae
4464 4368 4648 4426 terra

2702 4443 2992 4525 marique
3034 4441 3341 4525 conqueri
3375 4444 3414 4482 ὓ
3456 4449 3730 4524 possunt
3768 4461 3899 4505 non
3944 4441 4350 4524 affectantes,
4407 4451 4649 4528 potant

2701 4528 2977 4613 egregie,
3035 4547 3294 4593 mensas
3336 4526 3572 4592 siceliis
3614 4526 3743 4591 illis
3784 4526 4092 4594 lautiores
4134 4537 4408 4610 ponunt,
4452 4529 4648 4597 deni-

2699 4634 2824 4697 que
2888 4612 3200 4678 diffluunt
3262 4611 3546 4695 undique
3607 4610 4079 4694 voluptatibus,
4142 4613 4364 4697 sicque
4428 4627 4644 4701 agunt

2699 4699 2921 4765 omnia
2973 4706 3283 4781 tanquam
3340 4705 3665 4782 postrema
3707 4696 4080 4780 nullamque
4123 4699 4392 4783 posthac
4432 4702 4640 4769 ratio-

2700 4805 2851 4850 nem
2893 4784 3321 4862 admittentia,
3387 4790 3452 4848 et
3495 4782 3553 4849 si
3595 4781 3850 4865 quando
3894 4783 4220 4851 doloribus
4263 4787 4641 4854 morborum

2701 4877 3050 4954 anguntur,
3095 4878 3233 4934 tum
3276 4868 3561 4934 maxime
3606 4867 4010 4951 voluptatum
4055 4871 4319 4954 agmina
4359 4872 4486 4938 sibi
4528 4894 4639 4940 as-

2699 4955 2978 5032 ciscunt,
3036 4955 3269 5037 quibus
3320 4953 3571 5019 dolores
3625 4953 3772 5020 illos
3829 4953 4167 5020 inferiores
4223 4955 4505 5023 reddant
4559 4980 4641 5026 ac

2697 5039 2964 5106 tandem
2999 5040 3070 5104 in
3106 5040 3439 5122 voluptate
3471 5039 3796 5123 provoluti
3840 5039 4142 5107 vincant:
4188 5050 4256 5106 et
4286 5043 4345 5108 si
4377 5044 4641 5127 quando

2791 5277 2802 5290 ⁶
2902 5208 3187 5290 &Loqui
3217 5208 3437 5290 viduav-
3468 5207 3536 5263 a«
3567 5209 4634 5293 statu-raramquoaalntormm

2900 5276 3467 5414 muz-menz?
3498 5284 3551 5334 a
3582 5294 3817 5335 m
3848 5297 3911 5335 m
3943 5295 4073 5349 W
4104 5280 4254 5336 “be-
