5050 6167
636 456 761 516 163

629 638 1052 707 Amicissimo
1086 660 1232 705 meo
1265 640 1339 704 in
1360 638 1648 704 Domino
1667 638 1857 703 fratri
1880 642 1945 702 et
1968 615 2199 701 maiori
2220 632 2586 699 Wilhelmo

942 724 1208 791 Farello
1254 724 1598 791 Christum
1641 722 1902 790 docenti
1945 721 2274 788 Neocomi.

808 861 879 929 S.
925 863 1122 929 Facis
1164 869 1242 927 ut
1284 861 1473 940 soles,
1530 860 1627 925 mi
1674 859 1926 926 Farelle
1940 910 1956 939 ,
1999 866 2187 924 tanta
2227 878 2386 924 cura
2432 876 2585 939 pro-

636 948 973 1033 spiciendo
997 948 1378 1014 Genevensi
1401 946 1708 1012 ecclesiae
1725 966 1919 1028 quam
1943 955 2015 1010 tu
2037 945 2290 1028 primus
2311 942 2586 1009 Christo

630 1036 959 1118 peperisti.
1062 1034 1284 1099 Instas
1330 1033 1657 1098 violenter
1708 1053 1795 1097 ne
1851 1040 2077 1116 pastor
2129 1029 2226 1094 illi
2283 1037 2582 1113 negetur.

628 1121 771 1186 Nos
835 1127 1062 1185 nostra
1124 1127 1515 1203 argumenta
1575 1117 1892 1183 habemus
1955 1136 2120 1199 quae
2171 1125 2247 1180 tu
2302 1134 2343 1179 a
2397 1114 2584 1180 nobis

629 1227 867 1273 coram.
958 1205 1224 1271 Interea
1264 1225 1398 1269 non
1440 1203 1836 1288 impedimus
1879 1202 1994 1269 sed
2034 1202 2255 1285 potius
2310 1200 2583 1267 adiuva-

631 1293 848 1359 bimus
901 1291 1222 1375 proficisci
1282 1290 1626 1356 volentem.
1724 1289 2106 1355 Periculum
2163 1293 2267 1352 est
2323 1308 2405 1352 ne
2446 1285 2585 1350 illic

632 1378 1059 1444 seditionibus
1121 1378 1510 1443 constrictus
1576 1374 1969 1453 committat,
2036 1395 2165 1457 quo
2223 1393 2294 1437 se
2351 1370 2585 1437 reddat

631 1464 906 1548 posthac
963 1463 1264 1529 inutilem
1320 1462 1466 1528 aliis
1520 1461 1841 1539 ecclesiis,
1894 1481 2093 1543 quum
2138 1459 2341 1525 sciam
2384 1478 2581 1541 quam

632 1551 720 1616 sit
774 1548 1038 1615 difficile
1092 1570 1227 1613 non
1283 1548 1626 1614 admisceri
1678 1546 1976 1630 partibus
2019 1546 2089 1610 in
2134 1544 2395 1628 publica
2438 1554 2583 1608 tur-

628 1637 909 1714 batione,
953 1642 1021 1700 et
1062 1655 1258 1718 quam
1301 1633 1450 1699 Deo
1495 1632 1833 1716 displiceat
1866 1632 2160 1699 confusio
2201 1630 2583 1696 officiorum.

628 1723 712 1788 In
776 1720 1056 1805 publicis
1119 1720 1318 1786 rebus
1381 1718 1795 1786 consulendis
1862 1718 2160 1784 homines
2237 1725 2393 1782 sunt
2470 1714 2585 1780 alii

627 1828 910 1893 quorum
953 1827 1150 1890 opera
1192 1807 1376 1871 Deus
1417 1826 1552 1870 non
1593 1806 1805 1870 utitur
1846 1805 1920 1869 in
1962 1803 2321 1869 ministerio
2376 1800 2583 1866 eccle-

629 1894 891 1960 siastico
908 1944 923 1971 ,
977 1913 1188 1976 neque
1244 1891 1698 1957 ministrorum
1754 1889 1980 1956 relicto
2040 1888 2242 1955 verbo
2308 1886 2585 1953 Domini

627 1980 1009 2045 ministrare
1050 1982 1316 2044 mensis.
1381 1977 1677 2060 Utraque
1714 1976 1964 2043 functio
1999 1982 2210 2041 totum
2246 1973 2584 2039 hominem

627 2073 915 2148 occupat.
1026 2063 1379 2129 Caeterum
1442 2083 1649 2147 quum
1704 2064 2004 2147 absentes
2058 2060 2228 2125 nihil
2290 2067 2582 2125 statuere

711 2152 968 2229 ssimus,
1008 2156 1074 2216 et
1117 2160 1188 2214 tu
1228 2170 1428 2233 urges
1469 2156 1828 2231 tantopere,
1873 2145 2064 2213 credo
2094 2148 2231 2213 fore
2263 2156 2342 2210 ut
2360 2164 2581 2209 coram

755 2236 1094 2303 voluntate
1135 2234 1409 2300 Domini
1449 2235 1851 2301 constituant
1891 2235 2079 2299 finita
2112 2229 2584 2313 Ratisponensi

626 2324 1032 2390 tractatione.
1134 2321 1401 2387 Interea
1450 2320 1651 2386 velim
1713 2320 1834 2386 tibi
1901 2318 2298 2404 persuadeas
2312 2369 2327 2398 ‚
2392 2315 2582 2382 nobis

628 2429 762 2473 non
827 2406 1242 2474 mediocriter
1305 2405 1483 2472 cordi
1552 2427 1694 2473 esse
1758 2413 2012 2471 tantam
2076 2404 2415 2470 ecclesiam
2431 2453 2448 2481 ,
2515 2409 2583 2467 et

632 2493 964 2560 Calvinum
1006 2493 1280 2578 dignum
1313 2494 1425 2577 qui
1460 2494 1549 2557 sit
1583 2491 2024 2574 amplissimae
2058 2490 2370 2556 ecclesiae
2388 2509 2582 2573 prae-

627 2580 852 2647 fectus.
941 2579 1079 2645 Neo
1121 2580 1268 2645 fieri
1309 2599 1498 2662 posse
1541 2578 1940 2644 arbitramur
1980 2584 2058 2642 ut
2113 2596 2373 2659 semper
2419 2575 2580 2641 hae-

627 2673 772 2731 reat
813 2665 987 2750 apud
1029 2686 1152 2731 nos
1194 2666 1264 2730 in
1306 2672 1495 2730 tanta
1536 2665 1857 2730 bonorum
1899 2662 2238 2728 hominum
2283 2663 2577 2745 penuria.

626 2751 799 2818 Vale
840 2759 909 2818 et
949 2751 1173 2817 Deum
1216 2758 1473 2835 patrem
1518 2771 1634 2833 per
1671 2748 2019 2816 Christum
2072 2768 2193 2833 pro
2250 2748 2439 2814 nobis
2475 2749 2580 2812 in·

626 2857 836 2904 voees.
926 2840 1203 2922 Argent.
1252 2841 1353 2902 25.
1399 2836 1593 2902 Febr.
1642 2837 1767 2900 An.
1811 2840 1993 2900 1541.

1823 2972 1907 3037 V.
1954 2969 2188 3055 Capito
2230 2978 2404 3038 tuus.

800 3186 899 3246 22.
949 3181 1052 3246 die
1096 3180 1254 3248 hinc
1297 3180 1602 3246 abierunt
1643 3176 1949 3259 Bam-5⁵,
1997 3176 2299 3243 Calvinus
2339 3186 2409 3244 et
2439 3180 2579 3245 Do-

625 3270 850 3334 minus
916 3267 1193 3333 Iacobus
1262 3265 1615 3331 Sturmius:
1677 3264 2004 3333 incertum
2076 3287 2162 3332 an
2227 3267 2362 3331 sint
2425 3273 2580 3331 ante

624 3364 884 3421 sextum
928 3373 1224 3418 mensem
1268 3351 1561 3428 redituri,
1599 3359 1665 3417 et
1708 3373 1794 3417 an
1840 3352 2168 3418 Dominus
2210 3373 2322 3417 eos
2363 3352 2451 3417 sit
2491 3373 2577 3417 ex

621 3439 740 3505 illa
781 3439 1044 3524 publica
1086 3459 1280 3504 scena
1324 3445 1747 3521 exempturus
1783 3445 1935 3504 ante
1969 3440 2168 3504 finem
2204 3436 2580 3522 tragoediae

670 3546 794 3591 uae
859 3526 1083 3609 paucis
1148 3526 1338 3590 annis
1403 3546 1535 3589 non
1597 3525 1881 3589 finietur.
1972 3526 2344 3591 Autumant
2400 3524 2580 3590 enim

789 3633 963 3679 arem
998 3611 1206 3677 ardua
1246 3609 1481 3676 moliri.
1572 3611 1755 3677 Deus
1797 3613 1966 3678 bene
2010 3618 2241 3678 vertat.

1528 4058 1675 4128 282.

875 4201 998 4266 LE
1044 4183 1346 4267 SENAT
1392 4199 1519 4265 DE
1564 4198 1878 4265 BERNE
1925 4201 1990 4265 A
2032 4197 2338 4263 vmm.

636 4459 697 4525 G
782 4366 872 4473 fl
901 4379 1057 4455 peut
1099 4370 1596 4453 tranquillemmt
1650 4372 1970 4437 omatinuer
2024 4390 2137 4435 son
2178 4369 2500 4436 minas-tere
2539 4370 2583 4434 ᾰ

698 4478 891 4524 eneve.

730 4594 1025 4661 (Archives
1060 4595 1127 4648 de
1164 4596 1356 4648 Berne.
1427 4593 1642 4649 Welsch
1678 4593 2008 4647 Missivbuch
2044 4590 2105 4646 B.
2142 4592 2231 4646 fol.
2266 4590 2371 4645 235
2405 4595 2483 4659 v.)

804 4768 869 4833 A
902 4766 1254 4832 honorable
1292 4766 1442 4832 doct
1473 4773 1699 4831 nostre
1725 4774 2054 4852 tresayme
2075 4764 2347 4831 maistre
2368 4765 2585 4848 pierre

634 4853 809 4920 viret
851 4852 1194 4937 predicant
1236 4875 1276 4918 a
1322 4853 1658 4918 lausanne.

806 4992 869 5055 N
871 5002 1047 5055 ostre
1090 4990 1364 5055 amiable
1407 4988 1763 5055 salutation
1808 4989 2051 5055 devant
2094 4988 2274 5053 mise.
2354 4987 2584 5052 Hono·

632 5077 816 5143 rable
838 5074 986 5143 doct
1000 5079 1323 5142 tresaime.
1391 5077 1573 5142 Nous
1609 5095 1813 5141 avons
1840 5095 2065 5141 reoeuz
2089 5094 2251 5141 vous
2270 5071 2508 5139 lectres
2533 5074 2584 5156 ¹)

668 5242 807 5305 282.
843 5245 899 5312 l)
939 5246 995 5301 11
1024 5250 1215 5316 paruit

634 5314 705 5368 de
740 5314 1043 5370 Lausanne
1078 5318 1183 5383 (N.

636 5385 709 5438 oia
744 5384 788 5438 a
818 5401 885 5440 en
920 5385 1069 5441 e'tac'&

1398 5249 1558 5330 Vg'ret,
1592 5243 1831 5371 iffom'e'
1864 5245 1960 5300 des
1993 5243 2303 5327 desum-chet
2351 5245 2417 5299 de
2450 5259 2587 5324 ceu-fr

1307 5320 1350 5383 ),
1388 5320 1567 5372 s’etatt
1583 5333 1618 5370 a
1662 5332 1801 5370 resse
1820 5331 1897 5369 au
1918 5313 2220 5385 Maon-strat
2232 5330 2380 5383 pour
2397 5329 2587 5368 savou·

2186 418 2713 511 EPIST'OLAE
2755 445 3097 508 281-284

4520 446 4643 508 164

2691 638 2760 698 et
2804 632 2868 698 le
2912 637 3229 700 contennz
3272 629 3536 698 dioelles
3559 630 3905 712 entenduz,
3942 631 4285 716 lesquelles
4307 651 4471 697 nous
4491 636 4645 697 sont

2689 717 3161 805 tresagreables
3216 725 3282 782 et
3336 716 3517 783 selon
3575 717 3638 782 le
3702 723 4022 783 contenuz
4082 716 4342 785 dicelles
4396 736 4645 800 pouves

2687 803 3000 889 proceder
3053 825 3135 869 en
3191 803 3257 867 la
3312 802 3750 869 restauration
3803 803 3882 868 de
3926 804 4187 888 lesglise
4245 803 4325 868 de
4369 803 4644 870 Geneve

2689 892 2913 1043 affl.
2944 910 3323 1041 ffiffl.
3364 888 4642 1042 sslsss⁶du⁰ssff⁰3310⁹sszcssss¹ss30¹⁰⁰ffiss

2690 1085 2846 1130 xxv.
2890 1061 3206 1129 februarii
3251 1082 3425 1127 anno
3467 1066 3585 1127 etc.
3633 1060 3745 1144 xlj.
3794 998 3840 1061 y
4399 1025 4413 1040 ⁸

3825 1197 3989 1264 Lad.
4031 1206 4101 1264 et
4142 1197 4216 1265 O.
4263 1197 4344 1264 de
4386 1198 4466 1263 B.

3457 1457 3806 1468 Μ»-
3829 1460 3864 1467 ..-

3586 1642 3732 1712 283.

3172 1778 3652 1848 TOSSANUS
3693 1779 4159 1848 FARELLO.

2856 1950 3194 2019 Desiderat
3247 1953 3522 2035 aliquem
3575 1972 3697 2035 quo
3760 1953 4018 2018 diacono
4081 1957 4302 2018 utatur
4367 1951 4641 2019 MonbeL

2682 2038 2947 2121 qao-diae
2994 2038 3088 2103 vel
3143 2040 3289 2105 ruri
3339 2040 3763 2105 cmwionatore
3776 2088 3792 2118 ,
3844 2037 4007 2102 hunc
4067 2057 4211 2103 vero
4273 2060 4316 2104 a
4378 2037 4640 2105 Calvino

2683 2144 2954 2277 mmmmm
2957 2123 3177 2189 datum
3218 2145 3398 2207 quem
3440 2125 3576 2190 iam
3609 2123 3864 2190 Farello
3895 2124 4088 2189 mittit
4117 2122 4333 2191 minus
4351 2124 4575 2191 adoneu'
4574 2145 4640 2189 m

2799 2380 2912 2447 (Ex
2946 2380 3283 2451 autographo
3318 2380 3682 2435 bibliothecae
3717 2386 3999 2451 pastorum
4035 2380 4516 2447 Neocomensium.)

2884 2569 3240 2635 Guilielmo
3286 2568 3551 2634 Farello
3595 2569 3769 2653 patri
3811 2590 3958 2634 meo
4001 2567 4429 2635 observando.

2857 2704 3330 2773 Colendissime
3394 2706 3627 2784 frater,
3700 2703 4005 2772 Calvinus
4069 2712 4290 2772 noster
4366 2706 4640 2770 fratrem

2685 2793 2865 2859 hunc
2913 2793 2996 2858 ad
3040 2813 3163 2859 nos
3206 2792 3509 2872 miserat,
3568 2812 3841 2874 sperans
3891 2792 4029 2856 fore
4086 2802 4161 2856 ut
4203 2789 4642 2857 conditionem

2685 2879 2859 2963 apud
2910 2900 3029 2945 nos
3088 2879 3589 2944 nancisceretur.
3694 2875 4046 2942 Caeterum
4089 2898 4292 2959 quum
4335 2878 4642 2961 princeps

2685 2965 2889 3047 abest,
2933 2965 3049 3048 qui
3082 2962 3190 3029 hic
3231 2962 3330 3027 illi
3370 2972 3527 3030 sunt
3570 2985 3611 3028 a
3654 2962 3942 3028 consiliis
3979 2963 4314 3029 hominem
4350 2963 4641 3046 recipere

2683 3049 3058 3131 noluerunt,
3093 3049 3482 3133 praesertim
3517 3048 3701 3116 lectis
3740 3047 3991 3115 Calvini
4024 3048 4254 3128 literis,
4299 3049 4368 3114 in
4403 3047 4641 3132 quibus

2683 3136 2871 3202 illum
2924 3135 3191 3219 quidem
3246 3156 3285 3199 a
3336 3133 3659 3218 probitate
3711 3135 3892 3201 vitae
3949 3135 4339 3219 pietatisque
4383 3142 4451 3200 et
4490 3133 4640 3199 lite-

2683 3243 2909 3289 rarum
2952 3219 3168 3287 studio
3202 3219 3633 3301 commendat,
3678 3220 3792 3287 sed
3828 3242 3989 3305 opus
4023 3219 4265 3287 habere
4296 3220 4456 3286 dicit
4477 3219 4643 3286 duce

2685 3329 2761 3374 ac
2813 3306 3238 3386 moderatore,
3298 3328 3338 3371 a
3394 3328 3521 3391 quo
3575 3307 3965 3385 retineatur,
4036 3306 4430 3392 ingenioque
4498 3325 4641 3371 esse

2685 3394 2899 3479 aliquo
2944 3415 3078 3458 non
3120 3393 3278 3459 satis
3322 3391 3405 3456 ad
3447 3392 3832 3459 modestiam
3869 3400 3935 3458 et
3970 3394 4365 3477 gravitatem
4400 3392 4639 3458 confir-

2683 3490 2880 3546 mato.
2968 3479 3143 3545 Nam
3181 3478 3289 3545 hic
3332 3479 3535 3544 fratre
3579 3479 3795 3563 aliquo
3841 3478 4056 3545 adhuc
4102 3500 4266 3561 opus
4301 3476 4637 3558 habemus,

2684 3566 2799 3633 sed
2841 3566 2949 3650 pio
2991 3573 3059 3630 et
3100 3572 3277 3630 certo
3320 3564 3602 3641 homine,
3650 3566 3760 3649 qui
3801 3564 3909 3630 vel
3953 3563 4059 3628 hic
4105 3562 4450 3629 diaconum
4486 3570 4641 3648 agat

2684 3652 2790 3719 vel
2845 3652 2988 3717 ruri
3043 3651 3476 3716 concionetur.
3578 3651 3670 3715 Et
3726 3671 3871 3716 eam
3916 3651 3995 3716 ob
4041 3670 4308 3716 causam
4351 3650 4642 3733 aliasque

2682 3737 2928 3805 multas
2972 3743 3333 3803 statueram
3372 3735 3457 3801 ad
3500 3744 3567 3801 te
3611 3736 3870 3816 venire,
3932 3734 4047 3801 sed
4090 3757 4266 3801 nunc
4308 3757 4442 3801 non
4484 3735 4642 3800 licet

2683 3845 2802 3908 per
2857 3823 3249 3890 Dominum:
3309 3843 3501 3906 spero
3562 3826 3784 3887 tamen
3837 3829 3914 3887 ut
3968 3831 4035 3886 te
4091 3822 4379 3887 invisam
4433 3819 4640 3900 brevi,

2685 3926 2803 3991 aut
2865 3909 3097 3977 saltem
3163 3908 3462 3974 diffusius
3528 3907 3613 3973 ad
3671 3916 3738 3973 te
3802 3906 4102 3973 scribam.
4190 3907 4455 3973 Interea
4518 3905 4640 3985 fac,

2685 3997 2980 4075 obsecro,
3038 4003 3116 4060 ut
3171 3994 3476 4077 dispicias
3533 3994 3590 4059 si
3649 3994 3793 4078 quis
3849 4014 4130 4077 usquam
4165 3994 4252 4059 sit
4296 3993 4406 4077 qui
4449 3991 4640 4057 nobis

2682 4083 2890 4166 possit
2952 4102 3096 4147 esse
3159 4079 3553 4146 commodus.
3662 4079 3834 4145 Nam
3897 4080 4049 4163 plus
4114 4078 4300 4145 nobis
4357 4099 4397 4142 a
4453 4075 4641 4143 nobis

2684 4170 2845 4253 ipsis
2889 4169 3089 4232 timeo
3133 4186 3328 4250 quam
3373 4165 3454 4231 ab
3506 4166 3806 4231 omnibus
3864 4165 4061 4231 huius
4118 4163 4349 4230 mundi
4403 4163 4641 4229 adver-

2685 4254 2892 4321 sariis.
2979 4253 3308 4318 Dominus
3367 4259 3429 4317 te
3486 4258 3704 4319 servet
3757 4273 3905 4317 cum
3963 4249 4329 4317 Barbarino
4386 4256 4453 4315 et
4496 4268 4641 4315 cae-

2686 4342 2845 4406 teris
2889 4336 3200 4403 fratribus
3244 4336 3564 4404 omnibus.
3635 4338 3803 4403 Vale
3845 4338 3916 4402 in
3951 4337 4263 4403 Domin0.
4335 4334 4640 4401 Monbel-

2685 4425 2873 4511 gardi
2920 4428 3017 4488 26.
3061 4424 3219 4490 Feb.
3251 4424 3297 4509 ¹)

3889 4509 4072 4575 'I'uus
4116 4510 4465 4573 Tossanus.

2858 4681 3044 4746 Nihil
3109 4681 3237 4744 erit
3302 4702 3339 4745 o
3387 4704 3465 4746 us
3532 4679 3685 4746 huic
3735 4679 3922 4744 fratri

2688 4767 3029 4835 ostendere
3067 4766 3293 4830 literas
3453 4766 3604 4841 vini,
3646 4787 3767 4831 nec
3803 4765 3921 4830 du-

2687 4854 2826 4919 bito
2860 4852 3018 4936 quin
3059 4852 3148 4917 sit
3192 4851 3431 4917 alicubi
3464 4853 3727 4917 futurus
3764 4851 3916 4917 usui

2689 4940 2997 5005 ecclesiae
3033 4938 3304 5004 Christi.

2721 5107 2855 5169 288.
2897 5109 2951 5174 1)
2991 5105 3298 5177 Epictetum
3333 5107 3410 5162 ad
3444 5123 3496 5163 a.
3535 5107 3667 5162 1541
3703 5107 3994 5175 referimus
4027 5124 4093 5164 ω
4127 5122 4277 5163 mera
4309 5106 4636 5163 οοιιίοσύισνα.

2695 5177 2985 5235 Certiorem
3019 5178 3234 5248 quidem
3266 5192 3334 5232 w
3369 5194 3434 5232 ea
3468 5178 3621 5233 haud
3650 5178 3818 5244 sacae
3851 5179 4054 5248 αιέςιιὼ
4086 5179 4268 5235 eliciet.
