5050 6167
391 434 506 495 413

387 629 588 699 trum,
647 622 831 687 cuius
872 621 1212 689 abscessus
1254 644 1387 689 non
1433 625 1644 706 potuit
1689 645 1822 688 non
1865 643 2067 706 grave
2108 630 2328 705 pecto·

387 708 563 773 ribus
620 707 866 773 vulnus
921 709 1218 793 infligere
1283 721 1348 773 et
1407 708 1717 774 ecclesiae
1782 711 1904 774 toti
1949 729 2325 773 moerorem.

385 793 683 859 Amisisti
741 794 920 859 enim
974 803 1049 859 tu
1105 792 1440 860 dimidiam
1500 796 1595 860 tui
1641 805 1896 879 partem
1941 811 2008 858 et
2048 793 2329 878 populus

385 877 585 945 fidum
641 888 987 961 pastorem.
1097 880 1351 946 Verum
1406 882 1559 964 quia
1612 881 1946 948 consolare
1966 885 2000 919 ¹·
2043 887 2333 963 praestat

387 984 616 1030 sanare
658 965 880 1047 potius
937 965 1226 1032 dolorem
1283 988 1480 1050 quam
1537 965 1960 1032 memorando
2004 967 2328 1043 refricare,

386 1049 597 1117 studio
651 1059 990 1134 praetereo
1040 1072 1206 1135 quae
1262 1051 1387 1118 hac
1443 1054 1516 1117 in
1572 1059 1759 1136 parte
1813 1072 2033 1116 meum
2078 1057 2332 1134 angunt

385 1138 697 1202 animum.
784 1138 1032 1203 Pmcor
1085 1147 1305 1203 autem
1350 1136 1711 1203 Dominum
1756 1138 1980 1203 Iesum
2031 1147 2108 1201 ut
2157 1135 2330 1218 quod

385 1222 579 1289 huius
639 1223 862 1289 fratris
928 1224 1318 1307 migratione
1380 1224 1658 1290 decessit
1722 1223 1993 1288 alterius
2057 1222 2332 1286 alicuius

383 1308 665 1392 collegae
709 1308 838 1374 fide
880 1329 1207 1392 operaque
1249 1311 1599 1388 sarciatur,
1658 1329 1786 1393 quo
1842 1308 2195 1374 subsistere
2239 1317 2329 1386 tu,

381 1395 470 1459 mi
512 1395 733 1468 frater.
780 1396 1064 1461 statione
1107 1405 1174 1459 et
1215 1396 1520 1461 iminenti
1538 1394 1572 1424 ⁴*
1616 1407 1685 1460 et
1727 1394 2089 1478 periculosa
2130 1413 2331 1475 queas

381 1479 462 1546 ad
504 1481 794 1546 nominis
838 1481 938 1546 sui
980 1482 1369 1563 profectum:
1435 1482 1720 1546 maxime
1763 1501 1919 1546 vero
1960 1480 2060 1544 uti
2103 1478 2330 1545 catho-

379 1567 571 1633 licam
591 1572 627 1606 ⁴¹*
682 1588 802 1650 pro
856 1565 1146 1632 ecclesiis
1187 1566 1690 1632 sollicitudinem
1735 1566 2055 1630 instillare
2099 1563 2329 1649 digne-

379 1660 487 1719 tm·
531 1674 758 1720 eornm
802 1653 1183 1736 praesertim
1240 1652 1479 1717 animis
1535 1652 1648 1735 qui
1689 1673 1911 1716 rerum
1952 1650 2332 1733 praesident

380 1737 870 1824 gubernaculis,
927 1739 1000 1802 in
1054 1737 1291 1821 quibus
1347 1738 1406 1802 si
1461 1737 1801 1803 exstinctis
1857 1735 2197 1802 affectibus
2250 1755 2329 1801 ea

379 1834 555 1892 esset
592 1824 775 1904 fides,
817 1825 878 1890 is
917 1824 1114 1902 zelus,
1151 1827 1262 1907 qui
1304 1845 1448 1889 esse
1491 1821 1786 1900 debebat,
1825 1842 2082 1888 summa
2121 1822 2327 1887 offen-

381 1910 744 1979 diculorum
797 1910 1021 1975 minus
1040 1914 1076 1948 ⁴¹*
1117 1919 1309 1988 esset,
1362 1918 1430 1975 et
1471 1910 1733 1974 uberior
1773 1909 1945 1973 felici
1985 1930 2146 1990 rque
2188 1930 2327 1974 suc·

378 2016 616 2064 cessus.
704 1996 910 2064 Nobis
969 2005 1172 2072 certe,
1229 2004 1558 2077 utcunque
1601 1994 1881 2072 accidat,
1981 2003 2010 2057 t
2052 1994 2329 2076 patienti

375 2090 442 2148 et
482 2082 640 2147 forti
675 2082 894 2147 animo
927 2079 1199 2146 ferenda
1235 2091 1393 2145 sunt
1434 2081 1681 2146 omnia:
1728 2099 1894 2162 quos
1938 2079 2020 2145 ad
2066 2100 2329 2144 omnem

375 2175 690 2233 eventum
746 2168 1057 2232 convenit
1109 2187 1252 2232 esse
1306 2173 1589 2249 paratos.
1678 2165 1868 2246 Quae
1911 2173 1983 2230 tu
2027 2165 2167 2247 ipse
2211 2164 2332 2230 du-

374 2252 536 2318 dum
581 2252 899 2317 nimirum
940 2261 1005 2317 et
1049 2253 1380 2336 sapienter
1422 2263 1489 2317 et
1530 2251 1792 2317 cordate
1842 2250 2208 2334 dispexisti,
2256 2257 2333 2315 ut

375 2359 520 2403 mea
576 2337 744 2403 nihil
808 2338 897 2403 sit
948 2338 1309 2404 monitione
1373 2356 1770 2421 magnopere
1831 2357 2015 2421 opus.
2104 2335 2332 2402 Unum

374 2444 531 2490 vero
569 2423 696 2490 hoc
730 2424 847 2489 abs
884 2432 947 2489 te
984 2442 1382 2508 magnopere
1423 2422 1769 2501 contendo,
1807 2433 2071 2488 tuarum
2115 2431 2193 2487 ut
2225 2440 2332 2486 re-

373 2532 520 2576 rum
569 2510 864 2575 omnium
907 2519 1154 2574 statum
1197 2509 1527 2593 significes
1577 2508 1761 2586 mihi,
1806 2517 1875 2572 et
1915 2508 1970 2573 si
2016 2506 2170 2591 quid
2190 2527 2332 2656 gr

369 2618 477 2662 me
536 2595 866 2680 praestari
918 2596 991 2660 in
1044 2595 1145 2660 tui
1201 2594 1484 2679 gratiam
1539 2604 1735 2677 atque
1790 2592 2097 2659 ecclesiae
2141 2613 2188 2656 v
2257 2593 2329 2668 's‚

370 2680 779 2748 confidenter
819 2681 1064 2747 iubeas.
1154 2678 1343 2746 Dabo
1384 2700 1647 2763 operam
1705 2686 1783 2744 ut
1822 2677 2021 2743 fidem
2064 2697 2223 2762 erga
2266 2685 2331 2742 te

371 2777 660 2852 tuosque
707 2765 978 2834 Saltem·
1019 2785 1388 2849 cognoscas.
1726 2829 1739 2849 ,

544 2854 687 2919 Nos
743 2854 961 2935 quiete
1015 2852 1176 2918 satis
1224 2851 1485 2934 agimus
1499 2902 1517 2930 ,
1583 2850 1711 2916 nisi
1768 2848 1941 2932 quod
1991 2848 2330 2933 negotium

371 2938 657 3008 subinde
701 2937 963 3021 aliquod
1006 2937 1190 3003 nobis
1231 2937 1474 3001 Noster
1525 2935 1640 3000 ille
1665 2936 1714 3020 ¹)
1770 2934 1931 3000 facit
1971 2955 2121 2999 cum
2161 2935 2327 3000 suis:

413 3044 756 3110 nanquam
809 3022 977 3090 nihil
1032 3043 1428 3107 magnopere
1486 3022 1772 3087 efficiant
1814 3020 2080 3085 Domini
2133 3021 2327 3084 bene·

367 3045 518 3177 {cio
533 3163 553 3191 ‚
618 3110 747 3175 nisi
803 3108 979 3193 quod
1033 3108 1511 3191 suspicionibus
1570 3106 1856 3172 sinistris
1910 3104 2330 3170 autoritatem

366 3204 669 3262 nostram
722 3194 910 3278 quasi
963 3194 1045 3259 ad
1101 3194 1473 3278 papismum
1525 3192 1957 3275 respirantem
1980 3196 2016 3230 ⁴¹*
2060 3190 2332 3256 labefac-

366 3288 532 3348 tant.
607 3279 793 3347 Sunt·
828 3282 1055 3365 gravia
1097 3287 1167 3344 et
1206 3278 1387 3354 haec,
1431 3277 1547 3344 sed
1589 3277 2095 3361 aequanimitate
2138 3296 2330 3359 supe-

360 3367 604 3447 randa,
645 3374 713 3433 et
753 3364 1161 3432 intendenda
1217 3363 1427 3429 modis
1484 3364 1792 3430 omnibus
1837 3363 2056 3429 cautio
2096 3362 2207 3445 pia
2247 3382 2332 3425 ne

365 3452 523 3537 quid
591 3472 711 3536 per
767 3451 1262 3535 incogitantiam
1329 3448 1669 3515 admittam
1740 3457 1926 3515 tanto
1981 3446 2333 3532 indignum

365 3539 763 3606 ministerio.
861 3537 1162 3603 Basileae
1219 3556 1257 3600 a
1305 3533 1690 3602 carol-stadii
1701 3536 1760 3619 ²)
1820 3535 2000 3600 obitu
2055 3534 2130 3598 in
2184 3554 2332 3597 mu-

369 3633 558 3700 tuam
615 3623 902 3708 gratiam
957 3622 1237 3688 redeunt
1291 3622 1529 3687 fratres
1586 3631 2024 3719 symmystae,
2086 3628 2153 3684 et
2203 3619 2334 3718 coit

369 3709 950 3880 fflssssfflsstss
996 3704 2334 3877 ‘iossuffinssffiginssiaffioessffiffffirsstia

371 3883 676 3967 cognovi.
763 3881 960 3946 Diem
1016 3877 1178 3944 obiit
1232 3879 1406 3944 inter
1462 3900 1571 3944 eos
1624 3878 1906 3943 Ioannes
1964 3875 2332 3941 Luthardus

372 3967 690 4052 hospitali
710 3971 744 4005 ¹·
788 3964 969 4031 urbis
1010 3965 1328 4030 minister.
1397 3963 1628 4048 Tiguri
1669 3983 1826 4029 vero
1859 3963 2002 4028 Leo
2049 3961 2255 4027 Iudae
2272 3962 2330 4045 ³)

371 4052 662 4120 decessit
700 4052 948 4119 relictis
990 4059 1269 4134 quatuor
1300 4049 1630 4134 orphanis.
1698 4047 2079 4115 Bibliandro
2112 4055 2332 4112 autem

373 4160 530 4205 cnm
573 4136 743 4204 febri
788 4147 888 4204 est
945 4137 1280 4221 negotium
1298 4187 1314 4214 ,
1374 4145 1450 4201 ut
1505 4136 1638 4200 iam
1696 4134 2029 4200 mensibus
2087 4132 2333 4215 aliquot

374 4245 622 4292 vacare
664 4222 1085 4307 praelectioni
1139 4242 1361 4288 sacrae
1414 4221 1801 4304 nequiverit.
1904 4217 2331 4303 Argentorati

374 4309 678 4376 Bueerus
735 4329 868 4374 non
889 4305 924 4338 ⁴*
992 4307 1166 4373 solus
1218 4306 1458 4372 molem
1514 4307 1792 4372 sustinet
1832 4314 1900 4370 et
1956 4303 2332 4369 valetudine

372 4397 598 4462 utitur
640 4396 801 4460 satis
845 4395 1052 4471 firma,
1097 4415 1229 4459 non
1273 4395 1416 4457 sine
1456 4390 1849 4457 miraculosa
1866 4390 2140 4456 Domini
2183 4408 2333 4472 gra-

375 4483 490 4548 tia.
585 4482 852 4546 Interea
907 4478 1155 4544 bellicis
1220 4476 1639 4562 apparatibus
1696 4476 2140 4541 tumultuatur
2199 4482 2336 4539 tota

375 4566 767 4632 Germania.
811 4565 980 4629 Nam
1001 4574 1264 4648 praeter
1284 4563 1760 4648 expeditionem
1796 4561 2127 4638 tarsicam,
2164 4578 2334 4642 quae

376 4651 648 4718 Budam
682 4672 917 4717 versus
949 4650 1265 4732 paulatim
1300 4671 1563 4716 movere
1591 4648 1848 4725 dicitur,
1886 4654 1952 4711 et
1985 4667 2130 4712 eam
2166 4664 2335 4729 quae

713 4826 796 4833 7-—

411 4942 970 5010 405.1)Fortassis
1013 4937 1852 4995 inmitErasmumRimmm
1897 4938 1996 5006 qui
2039 4935 2335 4991 salusiam

377 5018 668 5082 aspersus
702 5017 823 5066 erat
855 5027 924 5065 ex
956 5005 1317 5078 riyidion'bus
1334 5008 1717 5075 Zwinyliam's,
1755 5012 1806 5060 et
1839 5006 2332 5061 manicam·-

377 5081 485 5136 δυο
523 5082 744 5150 collegis
766 5080 1036 5146 Commo,
1075 5078 1302 5134 sucuro
1338 5083 1389 5131 et
1409 5078 1691 5145 θεωρῶ
1725 5076 1826 5130 hoc
1853 5081 2023 5143 pacto
2056 5075 2337 5144 negotium

377 5149 657 5216 facessere
684 5155 907 5219 poterat
943 5146 1253 5216 (Hmdesh.
1284 5163 1348 5216 p.
1389 5146 1530 5213 159).

598 5220 658 5284 2)
704 5217 851 5274 Obiit
885 5220 970 5272 25.
1009 5217 1143 5271 Dec.
1184 5215 1317 5268 1541
1367 5214 1434 5269 de
1469 5215 1629 5268 maias
1664 5229 1786 5268 cum
1822 5212 2086 5283 Mycom'o
2120 5218 2172 5267 et
2205 5211 2338 5266 aliis

380 5289 783 5347 certaminibus
816 5306 867 5343 v.
904 5285 1239 5352 Kirchhofer
1272 5284 1420 5354 Myc.
1459 5302 1514 5352 p.
1549 5284 1668 5337 322.

601 5361 661 5428 4)
702 5357 861 5412 Peste
896 5357 1158 5425 abreptus
1177 5353 1227 5408 d.
1259 5352 1336 5407 19.
1361 5352 1521 5407 Iunii
1544 5353 1864 5420 (Hottmyer
1885 5350 2019 5407 KG.
2045 5351 2171 5405 III.
2192 5350 2334 5420 751).

2187 438 2348 497 1542
2393 432 2580 499 IUL.

4266 444 4392 504 414

2429 628 2663 686 contra
2705 620 2977 687 Gallum
3016 622 3275 705 magnis
3317 633 3594 705 paratur
3624 623 3979 700 conatibus,
4024 625 4228 689 etiam
4262 625 4394 692 alia

2431 706 2605 771 bella
2648 717 2959 792 surgunt,
3021 728 3189 790 quae
3232 708 3475 792 partim
3520 731 3560 773 a
3602 707 3967 793 ansviyo
4010 716 4078 774 et
4121 709 4392 794 Momm-

2432 794 2560 858 tino
2605 801 2957 858 moventur
3014 802 3241 859 contra
3284 792 3479 859 urbes
3523 795 3863 861 saxonicas
3909 795 4282 861 Goslariam
4325 803 4394 862 et

2432 879 2904 963 Brunsvigam,
2950 881 3193 963 partim
3238 900 3278 944 a
3305 879 3565 945 Geldrio
3604 891 3836 945 eontra
3872 880 4176 962 Mariam,
4224 882 4393 948 an-

2433 966 2601 1031 saris
2646 975 2805 1047 puto
2848 985 3153 1031 sororem.
3224 964 3452 1047 Quare
3496 967 3822 1032 exercitus
3867 969 4078 1032 24000
4123 988 4163 1032 a
4204 988 4391 1051 prae-

2434 1050 2760 1116 stantibus
2775 1050 2831 1136 ὅ)
2867 1049 3137 1116 urbibus
3162 1058 3362 1134 atque
3383 1051 3727 1118 ordinibus
3761 1052 4164 1136 conscriptus
4188 1054 4393 1119 Hesso

2435 1136 2601 1203 duce
2656 1136 2969 1202 militabit
3036 1144 3102 1201 et
3155 1137 3395 1202 comite
3450 1136 3783 1203 Guilelmo
3842 1159 3882 1202 a
3936 1137 4390 1224 Farstembem,

2435 1223 2548 1304 qui
2591 1221 2674 1287 ad
2719 1242 2865 1287 eam
2906 1223 3310 1288 occasionem
3356 1233 3657 1288 servatus
3692 1243 3887 1307 aegre
3931 1223 4189 1290 dicitur.
4255 1225 4390 1290 Ba-
4435 1288 4441 1294 ,

2435 1307 2730 1373 silienses
2774 1307 2975 1392 legati
3020 1307 3214 1372 hodie
3258 1307 3364 1372 hic
3409 1316 3669 1373 tentant
3710 1309 3784 1372 in
3828 1307 4241 1375 concordiam
4284 1329 4390 1375 re-

2436 1390 2660 1477 digere
2703 1392 2868 1458 duas
2911 1392 3339 1477 respublicas:
3386 1412 3667 1477 quorum
3711 1396 3817 1479 pio
3854 1394 4067 1460 studio
4101 1393 4391 1477 adspiret

2434 1480 2636 1544 totius
2714 1478 3168 1544 unanimitatis
3247 1479 3555 1562 pacisque
3631 1481 4007 1564 exemplum
4082 1479 4388 1547 Christus

2434 1564 2641 1629 Iesus.
2740 1564 2926 1629 Bene
2984 1563 3162 1640 vale,
3217 1564 3312 1628 mi
3368 1565 3602 1642 frater,
3662 1586 3811 1632 cum
3868 1566 3999 1632 tuis
4065 1565 4388 1644 omnibus,

2432 1649 2781 1732 praecipue
2823 1648 3059 1716 Iacobo
3094 1648 3446 1725 BemardO,
3489 1671 3685 1734 quem
3726 1651 3915 1734 cupio
3957 1651 4122 1716 meis
4164 1650 4385 1717 verbis

2431 1735 2680 1886 sAalntxiltes
2739 1744 3038 1884 sitienter
3101 1743 3169 1800 et
3233 1734 3599 1819 diligenter.
3699 1736 3989 1816 Bernae,
4066 1740 4167 1802 24.
4224 1735 4383 1802 Iulii

2591 1843 2630 1886 o
2679 1825 2800 1884 154
2845 1869 2860 1885 .

2691 1954 3004 2023 Salutant
3047 1964 3113 2022 te
3156 1956 3452 2024 Contzen
3497 1958 3872 2042 Beatusque

3576 2094 3758 2159 Tuus
3801 2092 4144 2160 Sultzerns
4186 2103 4379 2161 totus.

3213 2353 3610 2360 ἡ-ᾕ--ὴὴ

3333 2536 3489 2608 4⁰6.

2958 2690 3389 2760 BUOERUS
3435 2687 3860 2758 CALVINO.

2614 2863 2862 2929 'Iarbas
2916 2862 3169 2930 bellicas
3222 2864 3295 2928 in
3355 2860 3703 2927 Germania
3755 2881 3799 2926 a
3853 2861 4007 2927 duce
4060 2859 4384 2928 Brunavi-

2433 2951 2604 3016 censi
2643 2954 2858 3029 motas,
2917 2953 2976 3015 et
3014 2968 3178 3031 qaae
3219 2969 3260 3012 a
3307 2944 3577 3013 Caesare
3620 2952 3677 3011 et
3718 2944 4130 3013 Ferdinando
4171 2951 4385 3015 contra

2441 3035 2785 3101 Tureaset
2831 3033 3410 3118 Gallosparantur
3448 3036 3717 3097 enarrat.

2436 3207 2549 3271 (Ex
2583 3205 2898 3330 agompho
2932 3205 3272 3259 amanuensis
3306 3203 3544 3274 Myconii
3576 3203 3637 3256 in
3671 3202 3815 3255 Bibl.
3853 3201 4003 3283 civic.
4040 3203 4220 3258 Turio.
4253 3204 4385 3258 olim

2434 3275 2575 3346 Epp.
2668 3316 2681 3330 .
2714 3273 2786 3329 45
2829 3290 2970 3329 nnnc
3015 3274 3076 3328 F.
3122 3271 3194 3327 80
3264 3271 3356 3326 fol.
3397 3269 3511 3325 118.
3561 3300 3628 3310 —
3662 3271 3988 3325 Recentiora
4032 3272 4167 3326 ibid.
4214 3270 4278 3332 Ε.
4313 3271 4385 3326 58

2991 3342 3082 3396 rol.
3121 3316 3236 3395 ⁷53.
3308 3341 3522 3396 simler.
3562 3339 3691 3394 v01.
3726 3336 3843 3406 51.)

2433 3531 2701 3597 Eximio
2764 3551 2956 3598 servo
3019 3528 3291 3595 Domini
3353 3529 3437 3594 D.
3505 3528 3739 3593 Ioanni
3795 3525 4076 3593 Calvino
4139 3528 4387 3611 pastori

2434 3617 2745 3685 ecclesiae
2803 3615 3166 3683 Genevatis
3221 3636 3338 3680 suo
3397 3615 3468 3678 in
3524 3614 3809 3679 Domino
3874 3611 4142 3679 colendo
4205 3634 4385 3698 sym-

2913 3711 3168 3786 mystae
3210 3709 3278 3765 et
3318 3698 3508 3763 fratri
3549 3699 3901 3765 carissimo.

2585 3787 3014 3873 (Communes
3057 3785 3336 3852 Oalvino
3378 3784 3644 3849 Farello
3688 3793 3754 3848 et
3796 3783 4152 3867 Myconio.)
4179 3785 4229 3867 ¹)

2608 3925 2912 3992 Gratiam
2979 3930 3049 3987 et
3112 3940 3357 4004 pacem.
3459 3918 3645 3984 Nihil
3697 3938 3738 3982 a
3799 3919 4116 4001 proximis
4174 3918 4386 3985 literis

2436 4010 2675 4078 accidit
2717 4010 2903 4075 cuius
2938 4008 3179 4072 referat
3221 4015 3286 4071 te
3330 4006 3693 4090 certiorem·
3716 4004 3879 4083 fieri,
3943 4004 4275 4071 carissime
4317 4012 4385 4070 et

2434 4096 2601 4161 mihi
2648 4094 2916 4163 colende
2953 4091 3224 4169 Calvina
3267 4090 3400 4155 nisi
3456 4089 3775 4155 tumultus
3819 4090 4089 4174 tyranni
4133 4088 4384 4155 Brun-s·-

2434 4183 2701 4249 vicensis
2756 4201 2953 4248 causa
3009 4178 3349 4245 excitatus.
3369 4175 3428 4260 ²)
3514 4176 3693 4241 Dum
3749 4175 3927 4240 enim
3982 4173 4096 4239 ille
4146 4174 4384 4258 legatis

2437 4267 2835 4334 Ferdinandi
2848 4317 2862 4346 ,
2942 4262 3423 4350 postulantibus
3488 4281 3639 4325 eum
3717 4268 3893 4326 stare
3968 4259 4385 4343 suspensioni

2481 4352 2928 4436 roscriptionis
2970 4371 3011 4415 a
3053 4347 3293 4415 iudicio
3335 4365 3631 4412 camerae
3664 4344 3919 4427 pridem
3960 4353 4190 4411 eontra
4211 4344 4384 4411 Gos-

2434 4374 2755 4505 farienses
2799 4437 3125 4515 decretae,
3178 4430 3514 4516 respondit
3566 4451 3638 4495 se
3678 4429 3750 4495 id
3793 4428 3973 4495 nullo
4014 4429 4208 4496 modo
4250 4431 4383 4497 fac-

2436 4531 2662 4590 turum
2704 4531 2772 4590 et
2814 4523 3036 4588 statim
3082 4538 3459 4602 comparare
3502 4516 3785 4599 equitem
3830 4523 3896 4580 et
3947 4515 4233 4600 peditem
4280 4517 4385 4580 in-

2438 4610 2672 4689 stituit,
2719 4609 3151 4675 decreverunt
3236 4603 3520 4686 rincipes
3574 4599 3849 4667 foederis
3903 4602 4110 4666 nostri
4152 4608 4219 4666 et
4258 4600 4384 4666 im-

2438 4704 2774 4781 peratores
2787 4746 2801 4772 ,
2862 4693 3128 4759 Elector
3398 4690 3502 4755 iae
3554 4698 3622 4752 et
3666 4686 4092 4771 Lantyravius
4106 4734 4122 4762 ‚
4191 4685 4382 4751 illum

2438 4784 2612 4848 iusto
2655 4780 2824 4846 bello
2867 4797 3181 4846 coercere.
3271 4775 3443 4840 Nam
3497 4784 3823 4858 tyrannus
3881 4774 4017 4838 suis
4060 4770 4381 4855 quotidia-

2645 5071 2706 5132 ὃ)
2784 5068 3174 5125 rotestantibus
3188 5069 3214 5117 ⁶?

2482 5141 2618 5202 406.
2656 5141 2712 5208 1)
2810 5152 2908 5193 aec
2940 5135 3127 5190 ema
3159 5147 3333 5187 mana
3362 5130 3548 5211 ipsius
3567 5129 3824 5253 {yconii
3944 5131 3955 5143 ⁸
3986 5131 4246 5198 fortassis
4278 5149 4382 5188 aa·

2437 5208 2753 5279 ωρναρϊιοκ
2785 5207 2894 5262 sibi
2926 5203 3187 5283 servavi&
3237 5200 3468 5281 calm-,0
3503 5204 3554 5252 et
3648 5200 3815 5254 amello
3850 5146 4183 5324 QU-
4215 5202 4384 5258 mit.

2441 5347 2631 5403 aad&
2646 5276 2969 5403 21)VD⁶21731‘3⁶
3000 5276 3215 5342 neqotw
3248 5287 3299 5326 v.
3321 5267 3568 5325 Slendan.
3591 5268 3683 5324 ΙΙ.
3705 5269 3826 5324 276.
4078 5310 4097 5340 ,
4134 5270 4387 5327 ‹ie-asche
