5050 6167
609 418 694 480 43
2162 405 2693 474 EPISTOLAE
2738 410 2774 470 2
2789 409 3081 471 19-220
4537 409 4623 470 44

608 610 789 668 teurs
834 601 959 668 telz
996 621 1158 686 gens
1193 600 1366 682 quilz
1402 599 1705 683 puissent
1737 596 2017 681 quelque
2051 598 2199 663 1661
2232 597 2561 661 666616611

606 688 674 753 16
715 688 958 772 charge
1000 708 1190 770 apres
1234 707 1417 751 6666.
1507 684 1828 750 Combien
1882 705 2008 765 que
2052 684 2113 746 ie
2166 704 2324 766 seye
2369 683 2560 746 ieune

611 774 948 840 toutesfeis
987 770 1206 856 quand
1252 774 1313 837 ie
1358 791 1489 854 vey
1534 792 1644 835 ma
1689 769 1955 835 (161111116
1994 776 2063 834 61
2104 767 2562 851 indispositien

609 859 691 926 de
743 880 900 924 men
956 878 1177 940 66166,
1237 859 1349 941 iay
1393 857 1540 921 sein
1584 855 1665 920 (16
1707 877 1873 921 ceux
1915 856 2027 937 qui
2086 865 2310 920 serent
2367 873 2558 936 apres

609 966 777 1010 6066
820 966 1072 1011 6616616
1114 945 1172 1009 61
1214 944 1465 1027 iesteye
1520 941 1702 1006 desia
1740 940 1914 1006 vieil.
2003 941 2078 1005 Ie
2119 960 2204 1004 66
2248 959 2414 1004 vous
2458 961 2561 1003 es-

608 1031 829 1115 criray
871 1029 963 1094 du
1007 1037 1153 1094 tent
1196 1031 1340 1094 rien
1382 1050 1468 1093 ne
1506 1027 1593 1091 du
1628 1026 1851 1110 publiq
1898 1048 1979 1092 66
2015 1027 2095 1090 (16
2130 1047 2251 1090 nez
2297 1026 2561 1090 affaircs

607 1116 1057 1200 particulieres
1100 1135 1340 1197 pource
1385 1134 1515 1196 que
1557 1114 1619 1178 16
1672 1113 1788 1198 luy
1832 1135 1917 1196 ay
1977 1112 2232 1178 (1661616
2289 1119 2434 1175 1661
2476 1133 2562 1175 66

609 1203 769 1286 1063
809 1202 906 1267 166
950 1201 1181 1267 6110666
1225 1222 1349 1283 666
1392 1200 1455 1263 16
1500 1220 1662 1264 vous
1697 1198 1972 1282 veuloye
2013 1199 2173 1262 faire
2215 1198 2452 1273 saveir,
2495 1202 2563 1260 61

607 1288 656 1353 11
701 1309 864 1352 vous
909 1294 1248 1352 raeentera
1301 1286 1635 1367 beaucoup
1693 1284 1941 1348 mieulx
1999 1283 2080 1348 de
2121 1283 2378 1348 11666116
2421 1289 2565 1346 1661

608 1374 672 1439 16
715 1373 1009 1439 discours
1044 1394 1169 1454 que
1204 1372 1266 1437 16
1307 1393 1392 1435 66
1418 1391 1745 1453 -scaureye
1786 1371 1944 1435 faire
1987 1390 2106 1452 par
2139 1369 2388 1432 lettres,
2437 1366 2562 1434 Sa-

608 1459 756 1525 luez
801 1461 861 1524 ie
906 1481 1068 1523 vous
1092 1459 1232 1542 6116
1273 1480 1355 1523 611
1388 1478 1545 1522 1666
1583 1477 1737 1520 6616
1782 1457 1933 1521 bien
1977 1455 2566 1520 affectueusemcnt

609 1544 677 1609 la
717 1544 1121 1628 compagnie.
1189 1543 1295 1608 De
1340 1541 1743 1625 Strasbeurg
1786 1541 1846 1607 le
1895 1546 1994 1606 30.
2039 1541 2121 1605 dc
2165 1541 2325 1625 May
2379 1544 2559 1604 1540.

1386 1854 1791 1865 ——oe--u-

1518 2107 1663 2175 22⁰.

1089 2278 1589 2346 FARELLUS
1636 2276 2071 2344 OALVINO.

789 2469 962 2535 Fuse
1002 2473 1232 2535 narrat
1264 2467 1596 2533 historiam
1635 2465 1870 2545 Caroli,
1908 2468 2183 2532 maxime
2220 2487 2379 2549 quae
2412 2466 2566 2530 olim

613 2577 754 2624 cum
793 2577 862 2622 eo
912 2555 1194 2621 Genevae
1236 2559 1378 2619 ante
1423 2554 1755 2618 adventum
1805 2552 2058 2618 Calvini
2098 2559 2273 2636 qesta
2314 2557 2476 2617 sunt.

619 2746 730 2812 (Ex
775 2745 1031 2798 thesauro
1076 2744 1294 2795 Bezano
1341 2741 1543 2796 GeneV.
1575 2758 1644 2860 76.
1694 2738 1788 2806 58,
1840 2741 1998 2794 Laus.
2032 2757 2086 2808 p.
2123 2739 2208 2804 91,
2260 2740 2475 2795 HaneV.
2510 2758 2566 2810 p.

1085 2810 1202 2876 102,
1240 2809 1451 2863 Ohouet
1484 2827 1536 2879 p.
1608 2807 1657 2874 5,
1696 2811 1871 2862 Amet.
1908 2826 1962 2878 p.
1998 2807 2107 2874 34.)

784 2999 959 3064 Vide
998 3019 1164 3082 quae
1210 2998 1530 3062 mentitur
1580 2996 1844 3063 Carolus
1904 2997 2143 3080 dignus
2187 2999 2299 3080 qui
2345 2998 2564 3079 penti-

612 3088 722 3153 fici
775 3087 1045 3151 serviat:
1108 3082 1221 3149 sed
1282 3082 1482 3166 pudet
1537 3084 1904 3166 pontificios
1959 3083 2161 3147 talem
2218 3083 2566 3147 admittere

611 3173 726 3257 qui
770 3181 905 3235 tam
950 3169 1363 3251 impudenter
1403 3170 1490 3233 611
1531 3169 1895 3253 impudens.
1960 3170 2051 3233 Et
2085 3190 2242 3234 6666
2275 3169 2373 3233 1111
2409 3189 2564 3234 666-

612 3259 766 3340 11311
809 3254 981 3337 qued
1036 3256 1212 3318 inter
1270 3256 1618 3320 sceleratos
1674 3276 1807 3319 666
1852 3275 2001 3318 1616
2047 3256 2301 3332 evenit,
2363 3264 2435 3319 ut
2479 3257 2566 3320 sit

613 3343 849 3425 aliquis
893 3341 1053 3405 adeo
1096 3342 1571 3406 consceleratus
1615 3352 1689 3403 ut
1732 3341 1989 3406 scelesti
2023 3341 2195 3405 ferre
2232 3362 2383 3405 6616
2429 3362 2563 3404 666

612 3429 888 3512 possint.
975 3426 1185 3489 Venit
1228 3428 1518 3509 primum
1562 3426 1924 3502 Genavam,
1972 3448 2104 3490 non
2149 3433 2563 3508 exspectatus

612 3534 828 3596 neque
873 3513 1230 3595 expetitus:
1280 3511 1439 3576 alios
1488 3513 1665 3576 enim
1709 3513 2131 3594 cupiebamus
2174 3512 2436 3590 habere,
2483 3521 2561 3577 ut

609 3601 794 3683 pium
842 3597 1302 3679 Stapulensem‚
1359 3598 1471 3680 qui
1516 3619 1647 3662 nen
1693 3598 1837 3663 6166
1881 3598 2189 3683 lacrymis
2234 3597 2559 3678 audiebat,

611 3684 859 3772 gratias
902 3704 1105 3769 agens
1127 3682 1290 3760 Dee,
1337 3681 1636 3748 ordinem
1658 3683 2095 3761 ecclesiarum,
2143 3690 2209 3749 61
2243 3685 2562 3768 cupiebat,

610 3779 688 3837 ut
731 3777 872 3835 erat
915 3791 1145 3834 616666
1190 3769 1468 3846 Galliae,
1492 3770 1609 3834 116
1652 3768 1878 3835 videre
1922 3770 2315 3853 compositas
2358 3770 2562 3835 eccle-

613 3858 759 3922 sias.
848 3854 981 3921 Ubi
1024 3855 1338 3934 venisset,
1386 3854 1687 3920 (116611661
1729 3877 1956 3922 omnes
2001 3857 2378 3939 episcopum
2422 3855 2563 3940 gal-

611 3942 815 4008 licum
858 3940 1135 4017 venisse,
1182 3947 1250 4005 61
1284 3950 1426 4005 6161
1458 3949 1832 4025 666616166,
1878 3962 2011 4006 666
2049 3942 2327 4024 6666616
2354 3942 2564 4025 166166

622 4025 858 4105 Caroli,
904 4026 1019 4090 sed
1055 4026 1332 4091 alierum
1367 4026 1482 4110 qui
1517 4049 1669 4092 cum
1705 4048 1782 4092 ee
1818 4035 2028 4105 erant,
2074 4028 2313 4110 quique
2348 4027 2566 4110 questi

612 4111 882 4179 tandem
926 4119 1087 4178 6661
1129 4111 1210 4176 (16
1253 4113 1501 4177 1616116
1534 4113 1694 4195 16616
1738 4114 1943 4178 facta:
1990 4115 2160 4178 ut'is
2194 4114 2307 4196 qui
2342 4112 2566 4179 decuit

612 4198 789 4282 apud
834 4199 917 4262 D.
965 4197 1385 4278 Gervasium,
1446 4198 1728 4264 Ioannes
1780 4199 2123 4279 Τανᾱίυαε,
2180 4200 2292 4281 661
2348 4200 2565 4265 6161161

614 4306 686 4351 66
729 4283 812 4348 611
854 4304 932 4348 66
974 4283 1220 4367 aliquot
1262 4285 1784 4349 circumventum
1831 4286 2171 4351 coronatis.
2262 4285 2399 4351 Nes
2443 4286 2564 4351 he-

614 4371 860 4435 minem
901 4370 1249 4436 invisimus
1292 4370 1361 4434 in
1398 4368 1760 4435 diversorio
1803 4379 1870 4436 61
1912 4381 2063 4453 6661
2104 4371 2565 4436 6616161166616

617 4476 814 4540 63616
874 4456 1205 4538 6666111166
1264 4455 1344 4520 (16
1402 4457 1653 4521 1611666
1721 4456 2225 4539 dispensationis
2281 4456 2564 4535 divinae,

614 4539 788 4625 qued
832 4551 1067 4624 urgeat
1101 4541 1185 4605 ad
1227 4542 1702 4607 cenfessionem
1759 4543 1860 4608 sui
1903 4544 2189 4608 neminis
2234 4544 2374 4608 refu
2428 4543 2565 4608 'en-

614 4635 719 4692 tes
754 4637 819 4690 et
854 4627 969 4709 qui
1004 4627 1347 4691 veritatem
1382 4628 1714 4710 cognitam
1745 4627 2183 4694 dissimulant:
2235 4637 2311 4693 ut
2391 4628 2566 4694 arch

614 4711 993 4778 dicebamus
1022 4713 1335 4789 evenisse,
1372 4713 1484 4796 qui
1503 4714 1829 4778 immerite
1867 4715 2099 4797 pulsus
2134 4722 2323 4792 66661,
2360 4735 2564 4797 quum

616 4799 787 4864 nihil
824 4798 1067 4882 egisset
1098 4799 1405 4880 pontifice
1437 4798 1786 4883 indignum
1822 4821 1943 4866 nec
1965 4800 2231 4867 Christe
2267 4800 2561 4882 dignum.

617 4883 843 4950 Gallia
885 4883 1152 4960 exierat,
1199 4906 1374 4949 nune
1418 4884 1651 4951 absens
1694 4885 2037 4951 scribendo
2127 4892 2445 4951 raestaret
2489 4904 2566 4949 ac

618 4968 982 5047 resarciret,
1027 4968 1199 5052 qued
1242 4971 1515 5036 tacende
1560 4980 1626 5037 et
1669 4970 2059 5038 dissimulan
2107 4993 2145 5038 e
2189 4971 2415 5036 damni
2459 4992 2565 5036 66-

617 5054 857 5121 6166166
900 5053 1187 5120 dederat.
1272 5055 1424 5120 Nen
1481 5057 1608 5122 fuit
1663 5058 1824 5123 satis
1875 5067 2066 5143 grata
2125 5056 2348 5123 Garolo
2402 5056 2568 5121 haec

618 5139 836 5207 cantio
878 5161 1045 5223 quae
1086 5141 1157 5206 in
1201 5142 1478 5223 prandio
1521 5144 1891 5209 canebatur.
1981 5142 2184 5208 Aliud
2225 5151 2369 5208 erat
2409 5164 2565 5208 cen-

619 5225 859 5306 silium,
903 5246 1138 5309 nempe
1182 5227 1263 5292 de
1305 5228 1696 5294 remittendo
1730 5230 1799 5294 16
1821 5227 2113 5295 Galliam
2148 5229 2410 5310 famule,
2452 5227 2566 5312 qui

619 5311 778 5377 dum
841 5323 1101 5379 curaret
1152 5313 1399 5397 aliquid
1455 5335 1810 5400 emungere
1869 5314 1952 5380 (16
2007 5314 2385 5381 sacerdotiis
2443 5313 2565 5381 Ga-

2617 639 2628 654 .
2664 593 2803 673 reli,
2831 595 2880 675 ¹)
2927 593 3104 676 apud
3159 594 3512 659 nonnullos
3568 594 3857 660 efficeret
3914 602 3994 658 ut
4034 602 4384 677 erogarent
4423 613 4624 675 pecu-

2666 681 2811 745 nias
2854 680 2927 744 16
2969 700 3127 745 6666
3166 700 3527 761 6666616111
3551 679 3901 745 Gallorum
3937 679 4051 762 qui
4093 679 4288 743 multi
4333 680 4624 744 conflue·

2666 775 2834 831 rent.
2924 766 3070 848 Ege
3112 764 3403 830 mirabar
3446 765 3731 832 heminis
3785 766 4108 844 studium,
4168 764 4342 847 qued
4396 764 4625 829 statim

2667 852 2909 915 anxius
2955 859 3127 916 essct
3169 850 3251 916 de
3294 850 3723 934 pauperibus,
3786 850 4055 917 edoctus
4110 851 4427 932 quosdam
4484 870 4623 914 me·

2668 936 2910 1003 naches
2967 938 3154 1019 paria
3209 936 3367 1001 elim
3420 938 3704 1002 movisse
3764 949 3829 1000 et
3881 936 4193 1001 Lutetiae
4244 935 4623 1000 emunxisse

2667 1023 2912 1105 aliquid
2957 1023 3269 1105 pecuniae
3313 1022 3394 1087 de
3452 1044 3584 1104 qua
3626 1023 3797 1087 nihil
3840 1022 4080 1088 rescivi
4130 1043 4418 1105 unquam
4463 1043 4623 1104 pau·

2666 1108 2930 1192 peribus
2999 1108 3255 1173 datum:
3323 1130 3399 1175 ac
3460 1109 3619 1174 nevi
3684 1107 4003 1192 quosdam
4068 1107 4240 1172 nelle
4301 1106 4624 1190 quaedam

2667 1195 3062 1277 pauperibus
3119 1215 3202 1259 ex
3269 1203 3660 1259 testamento
3718 1194 3949 1259 relicta
4015 1192 4426 1275 dispensare,
4494 1192 4624 1257 6161

2668 1289 2806 1344 tam
2850 1279 3021 1345 clam
3061 1289 3140 1343 ut
3178 1300 3373 1344 nemo
3418 1282 3686 1345 resciat:
3733 1291 3801 1344 ct
3842 1301 3979 1344 nen
4011 1279 4295 1363 legantis
4339 1279 4620 1356 nemine,

2669 1367 2783 1432 scd
2826 1367 3140 1448 ipserum,
3199 1367 3253 1431 si
3299 1365 3452 1447 quid
3491 1365 3673 1430 dent:
3738 1373 3806 1431 61
3849 1380 4068 1430 tamen
4113 1366 4264 1446 plus
4307 1363 4624 1429 videban-

2669 1459 2782 1515 tur
2823 1451 2920 1515 illi
2965 1453 3034 1516 in
3078 1473 3400 1534 pauperes
3436 1453 3649 1518 affecti
3687 1473 3886 1535 quam
3910 1450 4192 1517 Carolus.
4258 1449 4417 1516 Ideo
4453 1447 4625 1532 qued

2671 1558 3012 1620 nunquam
3060 1536 3577 1614 emendicaram‚
3639 1537 3816 1602 nolui
3875 1557 4075 1602 suasu
4125 1535 4342 1602 Caroli
4383 1536 4619 1601 ordiri:

2671 1623 2786 1688 sed
2831 1623 2991 1700 dixi,
3037 1624 3221 1705 prius
3266 1623 3456 1687 nobis
3515 1622 3844 1707 agendum
3903 1644 4045 1687 esse
4090 1631 4167 1686 ut
4206 1623 4395 1704 panis
4434 1621 4622 1686 verbi

2672 1707 2864 1774 detur
2907 1709 3125 1773 anime
3170 1729 3364 1791 quam
3404 1710 3585 1774 cibus
3627 1710 3907 1792 corpori:
3954 1730 4106 1773 eum
4149 1708 4260 1791 qui
4304 1706 4621 1773 hactenus

2673 1796 3010 1877 prespexit
3023 1795 3423 1877 pauperibus
3441 1796 3627 1860 nobis
3651 1816 3783 1859 nen
3807 1794 4206 1872 defuturum,
4232 1815 4443 1876 neque
4458 1814 4620 1877 666-

2673 1882 2955 1963 66111166.
3024 1881 3248 1959 Quum
3289 1880 3428 1946 dies
3460 1880 3709 1963 aliquot
3731 1880 3992 1964 egisset,
4030 1902 4106 1945 ac
4134 1890 4276 1944 tum
4302 1880 4443 1962 ipse
4476 1889 4621 1943 tum

2671 1965 2781 2030 alii
2827 1966 2938 2047 'qui
2980 1987 3135 2030 cum
3169 1987 3243 2030 66
3279 1974 3471 2031 61661
3507 1987 3636 2030 606
3672 1967 4140 2030 imminuerent
4173 1967 4417 2030 famam
4454 1984 4620 2046 quae

2670 2051 3102 2134 spargebatur
3146 2050 3225 2116 de
3271 2053 3587 2134 episcope,
3633 2061 3701 2116 et
3740 2053 3853 2134 qui
3895 2073 4013 2136 pre
4058 2051 4398 2135 evangelie
4443 2049 4619 2116 labo-

2671 2135 2978 2202 rabamus
3021 2157 3166 2202 eam
3207 2158 3342 2201 nen
3385 2139 3859 2216 minueremus,
3917 2138 4216 2219 quamvis
4260 2137 4620 2202 modestius

2667 2222 3087 2306 loqueremur
3124 2223 3289 2300 aliis,
3337 2224 3463 2287 rati
3509 2245 3641 2288 666
3675 2244 3945 2306 6161666
3981 2222 4620 2288 incommodaturum

2669 2308 2895 2374 cursui
2928 2307 3112 2373 verbi
3148 2308 3351 2390 (quod
3388 2331 3520 2373 nen
3557 2331 3821 2391 prorsus
3855 2309 4322 2374 contemnendi
4358 2307 4621 2373 aliunde

2668 2394 3031 2477 migrarent
3065 2394 3146 2458 ad
3183 2395 3325 2460 loca
3359 2396 3472 2460 ubi
3507 2396 3927 2478 evangelium
3962 2394 4402 2478 praedicatur)
4437 2392 4621 2477 coepi

2670 2500 2906 2562 regare
2958 2478 3252 2545 Carolum
3304 2489 3381 2544 ut
3417 2482 3947 2559 concionaretur,
4007 2489 4076 2545 et
4116 2480 4184 2544 id
4228 2480 4617 2545 instantius:

2669 2566 2784 2631 sed
2828 2566 2886 2631 is
2930 2566 3137 2630 multa
3173 2575 3498 2644 causatus,
3544 2568 3860 2631 nimirum
3902 2566 4071 2649 qued
4119 2586 4332 2631 nevus
4376 2564 4619 2631 adven-

2672 2660 2904 2728 tasset,
2962 2651 3294 2733 velletque
3351 2652 3606 2734 plenius
3662 2654 3981 2717 rationem
4040 2663 4263 2716 tenere
4322 2650 4618 2729 docendi,

2670 2758 2741 2802 66
2776 2739 2919 2819 1661
2964 2736 3382 2803 concionibus
3416 2738 3679 2815 nestris,
3725 2746 3794 2802 et
3835 2737 3901 2802 id
3939 2759 4149 2822 genus
4187 2737 4316 2802 alia
4352 2736 4619 2815 addens,

2669 2824 2934 2905 petebat
2975 2844 3061 2888 66
3103 2832 3376 2907 gravate
3419 2825 3770 2900 ferremus,
3817 2824 3874 2889 si
3897 2825 4141 2892 ,statim
4187 2843 4320 2888 666
4363 2823 4619 2888 cencio-

2670 2918 2960 2974 naretur.
3048 2908 3277 2974 Doluit
3333 2909 3400 2973 id
3458 2910 3679 2988 nobis,
3736 2911 3976 2988 fateer;
4039 2910 4154 2974 sed
4213 2909 4383 2975 alius
4436 2908 4620 2973 deler

2669 2994 2793 3060 hec
2851 2994 3040 3059 nobis
3104 2997 3171 3059 in
3230 2994 3548 3079 gaudium
3602 2996 3815 3060 vertit.
3906 2994 4247 3077 Siquidem
4289 2994 4619 3060 intellexi-

2669 3101 2819 3145 mus
2863 3082 3254 3163 magistrum
3296 3091 3594 3146 nestrum
3641 3081 4001 3164 theologice
4046 3102 4270 3164 agere,
4333 3081 4455 3145 hec
4498 3088 4616 3157 661,

2669 3166 2824 3231 vine
2883 3167 3242 3250 theologice
3300 3167 3770 3250 magistraliter
3826 3178 3892 3231 ct
3951 3166 4304 3234 Serboniee
4357 3167 4492 3244 uti,
4552 3175 4621 3230 61

2668 3252 2838 3334 qued
2883 3253 3209 3334 sequitur,
3268 3253 3507 3318 habere
3551 3274 3715 3335 quae
3759 3254 3999 3319 lectum
4046 3253 4188 3318 eius
4226 3261 4617 3328 sternerent,

2671 3338 2918 3404 tibialia
2960 3349 3297 3416 exuerent,
3346 3361 3421 3405 66
3460 3339 3847 3404 familiarius
3891 3338 4250 3404 dormituro
4296 3337 4616 3414 adessent,

2668 3433 2743 3488 ut
2782 3424 2910 3488 alia
2965 3433 3233 3489 taceam.
3322 3425 3453 3490 Hic
3510 3446 3628 3490 nes
3683 3426 3989 3490 certiores
4045 3426 4228 3500 facti,
4282 3425 4617 3489 hominem

2669 3510 3095 3575 admonemus
3139 3510 3220 3575 de
3263 3511 3500 3575 iudicio
3544 3510 3691 3588 Dei,
3743 3510 3823 3575 de
3868 3509 4256 3577 offendiculo
4300 3510 4615 3590 emnium,

2668 3604 2735 3661 61
2776 3597 3177 3661 obtestamur
3218 3605 3487 3679 prepter
3530 3596 3767 3675 Deum,
3824 3605 3901 3661 ut
3942 3598 4187 3661 frustra
4228 3618 4362 3661 nen
4408 3595 4617 3678 patia-

2668 3691 2778 3746 tur
2820 3689 3088 3764 prepter
3130 3682 3406 3747 verbum
3450 3683 3677 3765 pulsus
3724 3681 3964 3762 Gallia,
4012 3702 4133 3747 nec
4171 3688 4330 3765 agat
4372 3677 4618 3764 aliquid

2669 3767 3050 3832 Christiane
3095 3768 3459 3851 indignum.
3551 3767 3923 3833 Videbatur
3985 3789 4124 3834 nen
4187 3788 4458 3851 prorsus
4512 3788 4616 3831 re·

2668 3875 2904 3936 spuere
2947 3874 3113 3937 quae
3152 3854 3365 3938 prime
3409 3853 3822 3932 dicebantur,
3882 3862 3950 3919 et
3991 3855 4103 3936 qui
4146 3874 4297 3919 cum
4341 3873 4417 3918 ee
4461 3872 4614 3935 age-

2668 3939 2846 4018 bant,
2893 3961 3076 4022 spem
3112 3939 3397 4022 aliquam
3431 3941 3783 4006 faciebant:
3831 3941 4133 4022 quamvis
4170 3938 4463 4005 dicerent
4495 3938 4616 4003 ho-

2668 4026 2914 4090 minem
2959 4026 3060 4091 sui
3104 4036 3461 4104 amantem,
3522 4027 3646 4092 sibi
3694 4026 3937 4092 vixisse
3993 4035 4061 4092 et
4102 4025 4454 4091 indulsisse
4498 4044 4614 4108 36-

2667 4112 2806 4176 nie:
2853 4121 3074 4176 tamen
3117 4110 3554 4195 pergendum:
3614 4111 3788 4195 qued
3841 4112 4000 4177 dum
4044 4113 4135 4185 fit,
4190 4111 4421 4193 incipit
4462 4131 4613 4193 pec-

2667 4205 2814 4263 cata
2847 4217 2966 4262 sua
3003 4198 3188 4275 tueri,
3235 4207 3302 4262 et
3335 4219 3624 4281 pergere.
3693 4198 3830 4263 Nes
3860 4198 4283 4262 admonemus
4325 4196 4383 4262 si
4423 4196 4614 4262 nobis

2669 4281 2895 4349 adesse
2942 4283 3124 4360 nolit,
3170 4294 3236 4347 et
3276 4283 3589 4365 prodesse
3639 4305 3773 4348 666
3810 4283 4084 4362 studeat,
4129 4304 4265 4347 nen
4308 4280 4613 4347 adverse-

2667 4376 2780 4433 tur
2843 4370 2910 4432 in
2965 4375 3149 4432 tante
3207 4391 3426 4434 rerum
3494 4369 3900 4448 discrimine,
3965 4388 4170 4451 quum
4226 4367 4614 4434 luctandum

2669 4455 2858 4520 nobis
2922 4454 3010 4519 sit
3067 4473 3216 4518 cum
3269 4461 3370 4520 tot
3423 4456 3763 4533 monstris,
3830 4463 3907 4520 ut
3961 4454 4148 4520 nulla
4203 4474 4469 4537 prorsus
4524 4453 4615 4519 sit

2669 4561 2818 4622 spes
2871 4539 3122 4605 domari
3179 4561 3256 4605 ea
3311 4561 3532 4623 66666,
3588 4541 3715 4605 6161
3771 4540 4299 4623 praesentissima
4362 4540 4614 4607 virtute

2667 4626 2795 4690 Dei
2839 4625 2909 4689 id
2953 4628 3098 4690 fiat:
3146 4648 3281 4691 606
3325 4632 3556 4711 661361
3598 4646 3718 4691 666
3750 4627 4046 4709 1111616116
4081 4625 4318 4709 agendi
4360 4626 4613 4690 ratione

2667 4732 2936 4777 cursum
2980 4710 3309 4796 evangelii
3353 4711 3689 4795 impedire.
3778 4712 3849 4778 Is
3907 4734 4118 4796 neque
4175 4733 4299 4778 nos
4342 4710 4611 4789 audivit,

2669 4818 2880 4880 neque
2922 4805 3148 4862 tamen
3191 4807 3417 4882 aperte
3459 4818 3658 4864 ausus
3702 4798 4054 4881 quidquam
4091 4799 4240 4863 fuit:
4287 4796 4402 4864 sed
4444 4797 4613 4862 clam

2668 4884 2739 4947 in
2783 4882 3070 4948 deterius
3113 4885 3474 4965 preficiens,
3518 4884 3738 4967 palam
3780 4883 4123 4952 videbatur
4168 4885 4421 4951 cautius
4463 4903 4612 4966 per-

2669 4990 2842 5053 gere.
2928 4969 3295 5036 Pentifieiis
3337 4969 3698 5036 invidiosus
3741 4992 3946 5054 quum
3991 4979 4181 5051 esset,
4228 4970 4392 5036 nihil
4436 4990 4612 5036 com-

2715 5191 2845 5251 666.
2875 5191 2939 5252 ,1)
2981 5191 3161 5246 num
3206 5192 3548 5254 ‚mactandas
3592 5194 3644 5246 a·
3684 5193 3889 5261 aaa,
3937 5194 4083 5248 anter
4126 5178 4273 5248 αιεὶιε
4316 5194 4481 5248 aiam
4514 5208 4611 5248 aas

2667 5259 3153 5397 &2aeer
3162 5259 3339 5384 73:⁸51.
3377 5261 3711 5329 Briommdo
3745 5279 3827 5332 ep.
3865 5263 4142 5318 liddensi
4174 5268 4473 5333 acceperat,
4510 5261 4608 5318 do-
