5050 6167
618 416 737 476 107

610 600 919 666 Christus
962 600 1235 672 eiicitur,
1295 619 1495 681 quum
1542 595 1695 662 fidei
1746 598 1887 662 eius
1920 597 2209 662 ministri
2254 597 2562 662 reiiciun·

612 695 739 763 tur,
786 686 879 750 ita
923 685 1239 768 repetitur
1294 703 1552 767 quoque
1605 681 1863 765 quando
1916 682 1965 746 ii
2015 689 2409 766 repetuntur
2448 683 2560 764 qui

611 791 764 837 eum
808 792 962 836 vere
1005 769 1399 854 praedicant.
1488 768 1837 852 Repetitus
1880 777 2101 833 autem
2145 789 2277 833 non
2318 768 2564 851 poterit

612 878 748 923 non
790 856 1049 923 adesse:
1117 863 1187 921 et
1229 855 1455 921 adesse
1493 865 1571 919 ut
1624 856 1985 920 sentiamus
2027 874 2175 919 eum
2222 854 2375 918 mali
2420 875 2561 919 om-

612 946 717 1008 nis
760 941 1172 1025 depulsorem
1216 950 1284 1007 et
1327 940 1643 1006 bonorum
1700 941 1995 1005 omnium
2052 940 2558 1005 conciliatorem.

612 1028 1047 1095 Gratulamur
1087 1029 1307 1110 itaque
1350 1026 1540 1091 vobis
1584 1025 1763 1092 hunc
1805 1025 2099 1090 animum
2142 1034 2211 1090 et
2257 1045 2413 1090 vere
2456 1044 2560 1091 sa-

611 1114 895 1180 lutarem
936 1134 1012 1179 co
1062 1115 1431 1191 tationem,
1488 1132 1656 1195 quae
1696 1112 1963 1177 indubie
2004 1130 2137 1176 non
2179 1112 2401 1176 minus
2442 1131 2563 1175 vo-

608 1200 713 1267 bis
755 1135 1241 1266 commoffbrum
1287 1198 1567 1276 adseret,
1626 1218 1824 1281 quam
1878 1206 1980 1262 est
2036 1205 2227 1280 grata
2274 1196 2563 1261 Domino

612 1308 691 1352 ac
734 1283 1036 1351 omnibus
1080 1286 1193 1370 qui
1249 1303 1491 1350 nomen
1547 1284 1688 1350 eius
1740 1304 1823 1348 ex
1882 1303 2041 1349 vero
2098 1282 2319 1347 animo
2372 1282 2562 1347 invo·
2611 1323 2618 1352 l

612 1379 785 1438 cant.
874 1371 1075 1436 Hunc
1117 1391 1238 1437 nos
1280 1368 1708 1453 precabimur,
1753 1377 1831 1434 ut
1872 1377 2161 1433 mentem
2204 1370 2400 1432 istam
2443 1388 2563 1432 vo-

613 1456 713 1524 bis
755 1465 975 1523 servet
1017 1468 1083 1522 et
1125 1457 1193 1522 in
1238 1477 1315 1522 eo
1358 1475 1784 1540 perseverare
1839 1454 2028 1519 vobis
2082 1453 2434 1538 largiatur,
2489 1462 2564 1517 ut

612 1563 747 1608 non
813 1542 1164 1625 quoslibet,
1233 1540 1373 1608 sed‘
1413 1563 1523 1606 eos
1598 1561 1855 1623 semper
1918 1541 2243 1622 expetatis
2312 1539 2562 1605 Christi

611 1629 967 1706 ministros,
1024 1632 1135 1713 qui
1179 1641 1387 1693 totum
1431 1626 1685 1692 Christi
1736 1626 2174 1692 ministerium
2228 1633 2565 1709 praestare

612 1715 803 1780 vobis
845 1714 1177 1792 laborent,
1235 1713 1358 1780 hoc
1413 1723 1532 1791 est,
1594 1711 1757 1777 nihil
1818 1713 2156 1790 omittant,
2214 1712 2566 1794 quominus

612 1799 927 1883 quidquid
971 1802 1195 1866 ovium
1238 1799 1492 1865 Christi
1546 1799 1629 1864 ab
1685 1798 1809 1863 hoc
1851 1799 1993 1880 ipso
2036 1818 2153 1862 suo
2200 1796 2369 1862 bono
2415 1819 2560 1878 pas-

612 1897 757 1950 tore
799 1886 1158 1951 alienatum
1203 1885 1419 1951 adhuc
1471 1894 1616 1949 erat
1673 1882 1757 1949 ad
1801 1883 2022 1948 caulas
2064 1883 2205 1948 eius
2250 1882 2563 1964 perduca-

612 1979 745 2049 tur,
789 1981 857 2035 et
900 1971 1217 2056 quidquid
1267 1974 1348 2036 ab
1405 1971 1510 2035 his
1552 1991 1782 2036 rursus
1825 1966 2193 2053 digressum
2237 1969 2435 2033 fuerit
2478 1968 2560 2033 ad

611 2077 725 2122 eas
770 2068 1145 2137 revocetur,
1204 2055 1517 2142 quidquid
1561 2054 1808 2139 aliquid
1863 2055 2134 2139 fregerit
2179 2054 2284 2120 vel
2328 2053 2563 2118 vulne-

612 2152 831 2208 ratum
865 2145 1063 2208 fuerit
1096 2154 1379 2218 curetur,
1416 2141 1731 2226 quidquid
1766 2140 1978 2206 debile
2013 2141 2101 2204 sit
2133 2139 2560 2217 confortetur,

610 2227 922 2313 quidquid
965 2250 1201 2295 sanum
1243 2239 1309 2295 et
1351 2237 1655 2312 vegetum
1714 2226 2146 2294 custodiatur:
2207 2226 2321 2309 qui
2362 2227 2564 2290 instet

611 2315 939 2381 universis
962 2324 1030 2381 et
1051 2315 1328 2400 singulis
1348 2323 1711 2398 opportune
1746 2321 1816 2378 et
1853 2312 2250 2396 importune,
2295 2332 2382 2376 ne
2415 2312 2563 2394 quis

612 2399 722 2464 vel
766 2422 808 2466 a
848 2402 1066 2483 gratia
1107 2399 1398 2479 excidat,
1456 2399 1565 2467 vel
1619 2419 1767 2464 eam
1808 2400 1879 2463 in
1923 2418 2164 2462 vanum
2208 2396 2562 2481 amplecta-

612 2493 740 2551 tur.
829 2486 967 2553 Nec
1011 2487 1189 2553 enim
1233 2487 1395 2553 satis
1438 2485 1678 2568 pastori
1724 2493 1854 2564 est,
1911 2490 1989 2548 ut
2030 2482 2292 2568 publice
2336 2481 2564 2548 doceat

610 2580 678 2637 et
731 2583 1139 2639 sacramenta
1194 2571 1635 2639 administret:
1703 2568 1821 2635 sed
1876 2577 2016 2634 tum
2072 2590 2143 2634 sc
2193 2576 2561 2634 curatorem

609 2658 983 2724 animarum
1029 2661 1151 2725 rite
1196 2657 1559 2734 exhibebit,
1619 2676 1822 2740 quum
1878 2663 1953 2720 ut
2006 2662 2197 2738 pater
2251 2654 2441 2733 filios,
2486 2662 2563 2719 ut

610 2744 839 2809 nutrix
883 2742 1226 2812 alumnum
1268 2744 1551 2822 curarit,
1605 2741 1843 2807 foverit
1896 2749 1963 2807 et
2016 2740 2375 2806 instituerit
2417 2762 2561 2825 gre-

612 2849 765 2914 gem
805 2830 931 2896 sibi
974 2831 1398 2898 commissum
1442 2837 1512 2895 et
1553 2850 1636 2894 ex
1679 2849 1755 2893 eo
1798 2847 2000 2912 grege
2043 2826 2428 2909 quemlibet,
2490 2836 2561 2891 ut

606 2926 801 2998 pater
842 2916 1120 3001 inquam
1164 2930 1233 2981 et
1274 2915 1531 2992 nutrix,
1594 2934 1756 2997 quas
1810 2911 1975 2978 duas
2018 2913 2340 2996 imagines
2383 2912 2559 2978 Pau-

606 3001 714 3068 lus
758 3002 1093 3086 proponit,
1149 3001 1312 3086 quin
1365 3015 1440 3065 ut
1479 2999 1788 3067 Christus
1829 2998 2002 3083 ipse,
2057 3018 2188 3080 quo
2231 2998 2398 3063 nihil
2443 3018 2562 3081 po-

606 3094 741 3155 test
793 3110 938 3155 osse
994 3087 1397 3155 moderatius
1465 3093 1580 3151 aut
1642 3084 1869 3151 mitius
1932 3093 2127 3167 atque
2191 3083 2556 3149 amabilius,

607 3174 1045 3243 Commodum
1097 3173 1276 3240 enim
1328 3180 1431 3238 est
1484 3174 1712 3256 iugum
1756 3170 2026 3235 Domini
2077 3178 2144 3234 et
2195 3190 2361 3235 onus
2417 3170 2560 3234 eius

606 3261 775 3327 leve.
844 3260 1029 3325 Nihil
1055 3260 1224 3338 duri,
1260 3258 1429 3323 nihil
1449 3255 1801 3322 inhumani
1834 3258 1904 3320 in
1941 3254 2287 3338 disciplina
2307 3254 2559 3321 Christi

608 3359 728 3413 est.
819 3347 970 3412 Rex
1018 3345 1161 3424 hic,
1216 3356 1287 3410 ut
1342 3344 1412 3408 in
1458 3363 1574 3409 suo
1617 3342 1825 3425 ipsius
1868 3362 2167 3424 corpore,
2223 3341 2317 3406 ita
2360 3342 2560 3406 etiam

607 3433 680 3498 in
723 3432 933 3500 servis
976 3432 1114 3498 suis
1173 3430 1358 3496 venit
1398 3428 1668 3494 humilis
1722 3435 1791 3493 et
1834 3435 2247 3504 mansuetus,
2307 3447 2443 3491 non
2485 3436 2562 3491 ut

608 3518 983 3585 dominetur
1025 3516 1140 3583 sed
1199 3526 1272 3581 ut
1315 3515 1594 3594 serviat,
1652 3534 1786 3579 non
1845 3526 1917 3577 ut
1967 3513 2091 3596 ipsi
2149 3513 2562 3577 ministretur

607 3603 725 3672 sed
770 3615 846 3669 ut
886 3605 1029 3687 ipse
1085 3602 1415 3667 ministret
1466 3598 1684 3678 nobis,
1740 3599 1942 3664 etiam
1982 3597 2419 3682 impendendo
2460 3598 2560 3663 vi-

606 3701 747 3756 tam
801 3711 1024 3765 suam,
1088 3697 1161 3754 ut
1214 3688 1398 3753 nobis
1454 3707 1571 3769 per
1622 3684 1845 3751 omnia
1914 3685 2079 3751 bene
2150 3686 2255 3750 sit.
2378 3682 2558 3765 Quid

606 3775 776 3842 hoc?
844 3775 1013 3859 quod
1077 3783 1272 3858 caput
1336 3771 1646 3837 membris
1711 3779 1780 3837 et
1836 3769 2208 3835 membrum
2262 3770 2556 3835 membro

604 3869 901 3948 praestat
934 3862 1007 3925 in
1042 3880 1200 3926 sano
1235 3878 1523 3942 corpore,
1568 3858 1691 3924 hoc
1728 3867 2101 3941 praestatur
2141 3856 2214 3920 in
2260 3856 2555 3921 ministe-

604 3948 705 4013 rio
729 3945 979 4013 Christi
1016 3943 1269 4013 cunctis
1291 3953 1357 4008 et
1379 3943 1659 4029 singulis
1681 3943 1754 4008 in
1790 3942 2078 4022 eeclesia,
2113 3962 2280 4026 quae
2302 3940 2556 4008 Christi

603 4054 843 4117 corpus
889 4043 1005 4098 est.
1097 4029 1320 4113 Quare
1377 4051 1513 4095 non
1566 4028 1749 4094 utilis
1800 4036 2061 4094 tantum
2119 4035 2188 4092 et
2230 4025 2553 4107 salutaris,

603 4118 720 4186 sed
774 4118 973 4183 etiam
1026 4127 1214 4202 grata
1266 4128 1333 4183 et
1385 4113 1671 4182 iucunda
1722 4115 1809 4180 sit
1849 4121 2103 4198 oportet
2144 4114 2358 4179 omnis
2401 4113 2554 4180 doc-

602 4204 812 4284 trina,
867 4202 1266 4281 exhortatio,
1325 4201 1639 4267 correctio
1695 4221 1862 4283 quae
1904 4201 1981 4265 fit
2022 4200 2104 4265 ab
2148 4198 2385 4264 idoneo
2428 4200 2551 4263 mi-

603 4290 832 4367 nistro,
877 4311 1044 4374 quae
1087 4287 1439 4354 exhibetur
1482 4309 1523 4352 a
1563 4285 1930 4352 ministerio
1966 4284 2233 4352 Christi.
2302 4283 2554 4367 Quem·

603 4375 955 4443 admodum
1012 4375 1213 4458 igitur
1268 4381 1423 4439 ante
1476 4372 1837 4438 discessum
1882 4369 2128 4438 Farelli
2169 4380 2235 4437 et
2283 4369 2553 4451 calvini,

602 4462 718 4546 qui
775 4482 930 4527 vere
986 4479 1138 4526 rara
1189 4467 1257 4526 et
1318 4459 1564 4524 eximia
1619 4478 1866 4543 organa
1908 4457 2163 4524 Christi
2206 4467 2392 4535 sunt,
2451 4459 2551 4522 uti

602 4568 810 4614 unum
856 4544 1130 4612 Domini
1174 4565 1407 4628 corpus
1449 4545 1736 4611 invicem
1780 4542 2208 4610 cohaerebitis
2251 4552 2319 4607 et
2359 4563 2551 4627 coag-

600 4632 880 4699 mentati
924 4631 1445 4716 perseverabitis,
1490 4651 1698 4696 unum
1741 4649 1853 4694 cor
1887 4649 2216 4713 unamque
2260 4629 2551 4693 animam

600 4718 844 4785 habere
888 4716 1253 4797 studebitis,
1296 4716 1641 4800 probatum
1677 4715 1985 4781 omnibus
2030 4715 2276 4781 sanctis
2318 4714 2549 4779 minis-

600 4805 841 4870 terium
896 4802 1339 4880 constituetis,
1403 4801 1602 4886 idque
1666 4812 1743 4867 ut
1794 4801 2045 4866 Christi
2108 4800 2550 4866 ministerium

600 4887 1030 4957 observabitis
1073 4897 1499 4971 cunctamque
1557 4888 1639 4954 ab
1693 4907 1769 4953 eo
1804 4886 2287 4952 institutionem
2331 4894 2398 4949 et
2440 4882 2551 4949 ad-

599 4975 1032 5042 monitionem
1092 4983 1284 5059 atque
1349 4975 1546 5040 etiam
1601 4974 2117 5057 increpationem
2174 4979 2243 5036 et
2295 4990 2549 5037 correc-

600 5061 845 5127 tionem
873 5063 921 5143 ¹)
963 5061 1201 5146 spiritu
1245 5059 1497 5128 Christi
1540 5060 1781 5127 factam
1823 5069 1900 5124 ut
1944 5056 2215 5124 Domini
2259 5054 2548 5138 discipli-

674 5237 925 5246 ——-.—--.

635 5333 762 5398 258.
800 5335 863 5404 1)
898 5335 1279 5391 monitionem
1315 5333 1485 5390 Bon·-

2254 405 2777 476 EPISTOLAE
2821 413 2946 474 253

2664 617 2840 675 nam,
2887 599 3076 663 sicuti
3121 619 3356 664 revera
3398 607 3517 679 est,
3573 600 4072 683 amplectemini.
4163 601 4352 666 Hace
4391 601 4628 668 Domi·

2664 704 2791 748 nus
2835 683 3049 763 vobis,
3105 693 3180 748 ut
3235 683 3522 770 benigne
3562 687 3804 770 coepit,
3851 687 4130 771 impleat
4169 697 4242 752 et
4280 687 4626 754 confirmet

2665 777 3014 852 servetque
3056 790 3330 854 semper.

2836 855 3047 920 Porro
3083 854 3258 939 quod
3301 855 3562 921 Calvino
3605 857 3792 921 fratri
3837 871 3908 922 et
3945 867 4352 944 symmystae
4392 868 4625 925 nostro

2667 939 3042 1005 venerando
3087 950 3153 1006 et
3195 942 3550 1019 carissimo,
3610 953 3874 1009 autores
3917 964 4095 1009 nunc
4137 964 4282 1009 esso
4326 965 4458 1009 non
4501 964 4623 1029 po-

2667 1026 2946 1103 tuimus,
3003 1034 3083 1091 ut
3124 1047 3195 1091 se
3235 1028 3459 1095 statim
3505 1026 3587 1092 ad
3645 1049 3766 1093 vos
3824 1031 4173 1112 reciperet,
4233 1051 4436 1096 causa
4486 1051 4624 1096 una

2667 1119 2771 1176 est
2811 1111 2982 1194 quod
3027 1114 3358 1177 communi
3395 1135 3570 1178 nunc
3603 1115 3898 1179 omnium
3931 1115 4351 1180 ecclesiarum
4387 1116 4623 1182 minis-

2667 1197 2834 1261 terio
2870 1209 2938 1261 et
2973 1218 3050 1262 eo
3085 1219 3402 1282 perquam
3439 1200 3803 1265 necessario
3831 1221 3991 1266 sane
4027 1201 4374 1267 detinetur.
4437 1202 4622 1266 Dum

2668 1282 2849 1346 enim
2901 1283 3256 1364 Imperator
3308 1294 3376 1349 et
3432 1305 3630 1368 quam
3681 1284 3950 1368 plurimi
4005 1287 4334 1370 principes
4388 1307 4622 1370 paoem

2668 1368 3066 1433 Germaniae
3111 1379 3455 1452 quaerunt,
3497 1379 3568 1435 et
3609 1391 3686 1436 ea
3720 1373 4032 1437 constitui
4067 1394 4203 1437 non
4246 1373 4458 1455 possit
4489 1374 4622 1438 nisi

2665 1454 3004 1539 religionis
3048 1452 3318 1520 dissidio
3362 1455 3640 1535 sublato,
3699 1465 3768 1522 et
3810 1458 3934 1522 hoc
3979 1458 4121 1522 tolli
4166 1461 4448 1541 nequeat
4489 1459 4618 1524 nisi

2666 1539 3060 1605 admittatur
3093 1541 3349 1623 puritas
3384 1541 3718 1608 doctrinae
3761 1551 3829 1607 et
3860 1545 4202 1609 sinceritas
4237 1543 4618 1627 disciplinae

2670 1624 2940 1703 Christi,
2987 1624 3113 1691 dici
3159 1628 3271 1692 vix
3316 1639 3530 1711 potest
3585 1637 3660 1692 ut
3701 1628 4037 1694 laboretur
4080 1628 4163 1694 ab
4202 1627 4614 1706 adversariis,

2665 1712 2781 1795 qui
2825 1712 2934 1777 hic
2975 1713 3349 1795 frequentes
3393 1713 3638 1779 adsunt
3690 1735 3777 1779 ex
3819 1714 4035 1780 Roma
4075 1725 4144 1779 et
4183 1714 4380 1779 Italia
4420 1723 4617 1798 atque

2666 1798 2815 1863 aliis
2859 1797 3253 1874 nationibus,
3301 1800 3602 1883 episcopi,
3662 1798 3976 1878 doctores,
4024 1801 4330 1866 monachi
4373 1809 4440 1866 et
4481 1802 4614 1866 fra·

2665 1891 2802 1948 tres
2848 1886 3176 1948 variarum
3220 1896 3577 1964 sectarum,
3634 1897 3709 1950 ut
3751 1886 4103 1951 videantur
4143 1887 4272 1970 ipsi
4314 1887 4617 1970 pacifica·

2664 1970 2913 2034 tionem
2933 1970 3244 2035 ecclesiae
3264 1971 3634 2054 quaesiisse,
3674 1994 3791 2037 nos
3828 1993 3984 2037 vero
4025 1974 4338 2038 reiecisse.
4387 1972 4616 2053 Quum

2666 2057 2887 2139 itaque
2929 2055 3058 2120 ista
3099 2055 3438 2122 molimina
3487 2065 3716 2121 contra
3757 2057 4102 2124 Christum
4138 2057 4502 2137 videamus,
4549 2067 4619 2124 et

2663 2142 3042 2205 institutum
3082 2141 3170 2206 sit
3211 2142 3414 2207 semel
3451 2142 3531 2208 dc
3565 2145 4022 2209 controversiis
4065 2143 4401 2228 religionis
4442 2143 4615 2210 serio

2665 2226 2940 2309 colloqui
2961 2277 2977 2302 ,
3036 2227 3299 2309 pietatis
3341 2239 3467 2307 est,
3527 2240 3607 2293 ut
3648 2237 3716 2293 et
3759 2229 3883 2313 ipsi
3928 2229 4022 2294 ita
4064 2229 4358 2296 adsimus
4400 2238 4470 2294 et
4507 2250 4616 2295 co-

2667 2322 2864 2377 natus
2908 2311 3436 2378 adversariorum
3479 2315 3901 2398 excipiamus,
3945 2336 4032 2380 ne
4077 2314 4418 2381 videamur
4458 2336 4614 2382 cau-

2665 2419 2779 2463 sae
2823 2398 3090 2463 Domini
3133 2408 3203 2463 et
3254 2398 3488 2464 salutis
3541 2409 3803 2466 nostrae
3858 2401 3982 2484 ipsi
4041 2399 4338 2467 defuisse.
4425 2400 4615 2467 Haec

2664 2484 2885 2567 itaque
2928 2505 3127 2550 causa
3178 2486 3393 2567 prima
3442 2494 3547 2551 est
3607 2508 3727 2551 cur
3773 2484 4082 2552 Calvinus
4135 2508 4311 2554 nunc
4367 2486 4449 2550 ad
4494 2506 4614 2553 vos

2666 2571 2896 2634 venire
2942 2591 3073 2635 non
3116 2579 3332 2653 queat,
3377 2568 3550 2653 quod
3593 2572 3792 2636 etiam
3835 2572 3990 2638 boni
4032 2571 4374 2638 consulere
4417 2571 4613 2638 debe·

2667 2657 2770 2735 tis,
2814 2677 3017 2739 quum
3062 2677 3194 2720 non
3237 2656 3460 2722 minus
3506 2658 3612 2721 hic
3656 2667 3918 2723 vestrae
3952 2679 4151 2742 quam
4186 2658 4462 2724 aliarum
4508 2679 4615 2725 eo-

2662 2742 3010 2807 clesiarum
3063 2741 3430 2808 ministerio
3483 2743 3820 2809 inserviat
3943 2743 4177 2809 Altera
4233 2763 4432 2810 causa
4495 2763 4616 2810 our

2665 2826 2858 2893 modo
2905 2835 3193 2892 vestram
3238 2828 3538 2910 amplecti
3582 2829 3990 2895 vocationem
4031 2850 4168 2894 non
4210 2838 4455 2913 potest,
4512 2839 4615 2896 est

2664 2912 2834 2996 quod
2881 2912 3243 2979 videndum
3287 2913 3347 2978 ei
3383 2915 3486 2990 sit,
3533 2935 3617 2979 ne
3650 2914 3758 2979 vel
3799 2934 3962 2994 eam,
4007 2936 4206 2999 quam
4245 2914 4437 2981 modo
4473 2936 4613 2982 cer-

2664 3009 2800 3063 tam
2836 2999 3245 3065 vocationem
3269 2998 3485 3078 habet,
3519 3007 3769 3066 temere
3804 2999 4082 3078 deserat,
4116 3022 4285 3067 neve
4318 3009 4612 3068 vestram

2664 3106 2795 3150 non
2836 3092 3016 3150 recte
3050 3092 3118 3149 et
3155 3082 3382 3150 ordine
3415 3086 3866 3169 amplectatur.
3933 3086 4156 3152 Habet
4189 3087 4258 3151 in
4294 3086 4436 3166 hac,
4482 3105 4614 3171 qua

2662 3192 2841 3238 nunc
2880 3170 3055 3256 apud
3092 3191 3212 3236 nos
3249 3169 3597 3250 detinetur,
3641 3174 4001 3251 vocatione,
4047 3172 4177 3238 duo
4211 3181 4386 3238 certe
4418 3194 4612 3257 prae—

2663 3256 2842 3322 clara
2887 3266 2954 3321 et
3007 3255 3296 3322 ecclesiis
3355 3256 3546 3322 utilia
3598 3259 3983 3324 ministeria.
4083 3259 4322 3325 Pastor
4361 3270 4463 3325 ost
4505 3280 4611 3326 eo-

2664 3341 2898 3408 clesiae
2939 3341 3301 3426 gallicanae
3348 3340 3519 3426 apud
3563 3363 3711 3422 nos,
3771 3364 4014 3427 parvae
4057 3344 4338 3428 quidem,
4385 3345 4442 3410 si
4484 3367 4611 3411 nu-

2662 3449 2922 3493 merum
2965 3436 3215 3511 spectes
3259 3427 3515 3511 populi,
3574 3440 3644 3494 at
3685 3431 3799 3512 qui
3842 3428 4213 3497 considerat
4255 3431 4362 3497 hic
4403 3430 4609 3498 lectos

2663 3513 2979 3596 quosdam
3023 3535 3105 3579 ex
3148 3515 3329 3578 omni
3372 3513 3594 3579 Gallia
3646 3515 3924 3604 iuvenes
3978 3514 4062 3581 ad
4103 3513 4444 3581 Christum
4502 3517 4610 3581 in-

2663 3600 2865 3678 stitui,
2910 3600 2967 3665 is
3051 3606 3319 3666 moscet
3371 3600 3558 3666 facile
3606 3599 3860 3667 Calvini
3903 3601 4374 3680 ministerium,
4433 3601 4608 3685 quod

2661 3685 2768 3751 hio
2811 3684 3056 3769 quamli
3143 3692 3169 3748 t
3206 3685 3435 3769 paucis
3477 3684 3761 3767 exhibet,
3808 3697 4031 3771 patere
4058 3688 4125 3751 in
4161 3693 4369 3751 totam
4403 3687 4609 3753 ferme

2662 3769 2972 3849 Galliam,
3031 3779 3098 3836 et
3139 3781 3213 3835 ut
3253 3770 3323 3835 hi
3365 3772 3584 3855 aliqua
3618 3793 3701 3837 ex
3744 3780 3934 3856 parte
3969 3780 4249 3856 possunt
4291 3772 4479 3838 illum
4521 3773 4606 3839 ad

2661 3877 2782 3922 vos
2827 3857 3030 3940 sequi,
3075 3864 3324 3921 certum
3362 3864 3581 3922 tamen
3625 3868 3726 3923 est
3757 3857 3844 3936 id,
3890 3879 4095 3941 quum
4130 3868 4400 3942 propter
4443 3858 4606 3926 alias

2658 3963 2826 4027 quae
2869 3944 2978 4008 hic
3021 3942 3352 4008 habentur
3392 3942 3881 4026 praelectiones,
3929 3954 4070 4009 tum
4105 3944 4306 4009 etiam
4339 3950 4609 4029 propter

2660 4028 2785 4094 loci
2830 4025 3370 4104 commoditatem,
3415 4038 3484 4092 et
3518 4028 3782 4113 linguae
3817 4030 4214 4096 Germaniae
4249 4051 4460 4110 usum,
4506 4037 4606 4096 at-

2659 4136 2784 4197 que
2837 4113 3001 4178 alia‘s
3057 4134 3321 4192 causas,
3389 4134 3522 4179 non
3576 4136 3803 4182 omnes
3861 4137 4003 4181 esse
4058 4117 4359 4181 facturos.
4460 4116 4606 4182 Iam

2657 4200 2935 4266 alterum
2980 4198 3445 4278 ministerium,
3501 4200 3674 4282 quod
3729 4202 3798 4266 in
3852 4200 4077 4267 schola
4117 4210 4428 4286 praestat,
4488 4223 4605 4267 ex·

2658 4283 2959 4369 plicando
2999 4305 3215 4351 sacras
3266 4286 3649 4369 scripturas,
3704 4287 3912 4352 multo
3966 4286 4164 4351 latius
4216 4296 4416 4371 patet.
4505 4287 4603 4353 Eo

2657 4372 2835 4437 enim
2859 4370 3233 4450 Germanis,
3278 4370 3469 4436 Italis
3504 4380 3571 4436 et
3594 4372 3812 4438 Gallis
3850 4374 4207 4437 maximam
4251 4372 4605 4438 utilitatem

2657 4456 2896 4534 adfert,
2958 4477 3230 4539 eamque
3290 4478 3424 4522 non
3478 4457 3687 4522 solum
3747 4457 4038 4524 docendo
4082 4457 4430 4524 Christum
4472 4479 4601 4536 eos,

2654 4543 2768 4625 qui
2812 4561 2894 4606 ex
2939 4540 3115 4607 hisce
3159 4541 3533 4609 nationibus
3588 4541 3671 4607 ad
3729 4564 3850 4608 nos
3903 4544 4278 4623 confluunt,
4338 4545 4602 4627 suisque

2653 4637 2880 4713 postea
2923 4648 3114 4710 quem
3158 4627 3331 4711 apud
3374 4649 3494 4694 nos
3538 4627 3886 4694 didicerint
3906 4629 4247 4695 Christum
4290 4629 4414 4696 hoc
4457 4630 4601 4694 feli-

2654 4714 2793 4779 cius
2835 4711 3325 4797 praedicabunt,
3370 4712 3484 4779 sed
3528 4714 3727 4778 etiam
3761 4713 4207 4781 conservando
4244 4714 4369 4781 hac
4403 4735 4604 4798 opera

2653 4819 2774 4864 sua
2815 4797 3106 4863 studium
3148 4797 3311 4864 illud
3366 4807 3436 4863 et
3475 4799 3856 4865 institutum
3909 4800 4219 4867 ecclcsiae
4272 4809 4338 4866 et
4379 4801 4477 4866 rei
4524 4823 4599 4866 u-

2653 4883 2859 4950 blicae
2902 4893 3166 4950 nostrae
3207 4891 3384 4950 certe
3425 4904 3742 4968 perquam
3785 4888 4257 4965 necessarium,
4318 4894 4396 4952 ut
4505 4887 4600 4952 ia·

2654 4990 2806 5034 rum
2873 4990 3129 5053 quoque
3198 4969 3625 5036 ecclesiarum
3692 4991 3917 5037 curam
3969 4983 4190 5057 gerat,
4261 4979 4331 5038 et
4395 4971 4595 5038 indu·

2653 5054 2860 5120 cendo
2900 5054 3032 5121 illis
3075 5054 3410 5122 ministros
3445 5065 3513 5121 et
3553 5058 3927 5122 communia
3958 5058 4252 5124 omnium
4293 5058 4596 5125 ecclesia·

2654 5162 2802 5206 rum
2846 5140 3127 5225 negotia,
3172 5151 3505 5224 totamque
3548 5141 3801 5208 Christi
3853 5165 4119 5209 causam
4170 5165 4290 5228 pro
4331 5165 4452 5209 sua
4493 5145 4595 5211 vi-

2651 5226 2762 5292 rili
2801 5223 3228 5309 procurando.
3312 5226 3460 5293 Iam
3502 5240 3763 5311 praeter
3797 5229 4445 5315 Wittenbcrgensem
4488 5249 4596 5297 eo—

2651 5311 2921 5378 clesiam
2975 5320 3044 5377 et
3094 5313 3419 5392 scholam,
3474 5322 3650 5380 certe
3704 5316 3776 5381 in
3819 5315 4181 5398 Germania
4233 5316 4418 5382 nulla
4471 5323 4596 5397 est,
