5050 6167
700 365 827 431 679

697 549 1010 617 dochium
1048 569 1194 617 sese
1235 547 1638 616 admissuros
1679 557 2086 633 receperunt,
2123 549 2252 615 nisi
2294 548 2657 632 praefecto-

696 657 871 716 rum,
914 636 1368 701 ministrorum
1411 642 1480 701 et
1512 634 1844 700 seniorum
1878 636 2326 718 paroeciarum
2363 634 2657 699 testimo-

699 723 813 787 nio
857 720 1082 788 selecti
1140 726 1333 804 atque
1383 720 1569 787 missi
1610 720 1879 786 fuerint:
1941 721 2331 806 paralyticos
2385 740 2546 784 vero
2590 725 2659 784 et

697 806 990 886 mutilos,
1051 812 1119 870 et
1160 805 1276 889 qui
1318 826 1452 870 non
1493 812 1765 890 possent
1806 807 2097 871 Bernam
2141 804 2496 873 concedere
2542 811 2659 869 aut

697 892 984 971 mittere,
1023 891 1149 958 hoc
1183 891 1558 957 testimonio
1594 891 2122 957 intromittendos
2159 912 2322 958 esse.
2384 889 2656 972 Quarto,

701 998 786 1043 ex
828 977 1227 1060 pauperibus
1268 977 1449 1058 ipsis,
1495 976 1554 1041 si
1588 977 1700 1058 qui
1744 976 2200 1042 convaluerint
2243 984 2309 1041 et
2352 975 2435 1040 ad
2477 975 2657 1042 labo-

699 1083 842 1128 rem
885 1067 1182 1147 potentes
1224 1061 1403 1142 facti,
1458 1060 1905 1127 amandandos
1948 1069 2015 1127 et
2056 1061 2128 1127 in
2173 1082 2398 1126 eorum
2441 1061 2657 1125 locum

700 1147 863 1213 alios
904 1147 1295 1231 languentes
1329 1146 1748 1230 recipiendos.
1815 1145 2082 1228 Quinto,
2127 1146 2345 1213 viduis
2389 1146 2658 1229 quibus-

703 1232 857 1299 dam
922 1240 990 1297 et
1042 1232 1170 1316 piis
1233 1231 1397 1297 viris
1452 1231 1702 1297 familia
1765 1238 1834 1298 et
1894 1233 2306 1382 aegritudine
2363 1231 2658 1316 gravatis

701 1318 1079 1383 dimidiatae
1126 1316 1651 1384 concedebantur
1682 1318 1968 1401 praeben
2016 1338 2110 1398 ae,
2167 1317 2373 1384 donec
2413 1338 2656 1383 conva-

696 1403 1021 1470 lescentes
1085 1421 1242 1469 suae
1284 1401 1708 1485 providerent
1767 1401 2072 1469 familiae.
2158 1403 2309 1469 Hoc
2373 1402 2657 1485 amplius

701 1510 835 1555 non
883 1487 1163 1553 audebat
1205 1485 1640 1571 pandoeheuS,
1687 1487 1804 1554 sed
1845 1510 2027 1555 nunc
2070 1510 2111 1554 a
2148 1487 2455 1553 Dominis
2500 1508 2655 1553 con-

699 1575 1038 1640 firmatum
1083 1579 1201 1638 est.
1292 1571 1531 1650 Sexto,
1589 1572 1839 1650 reditus
1893 1575 2375 1640 fraternitatum
2437 1572 2657 1639 convi-

699 1660 830 1725 viis
872 1659 1047 1723 inter
1091 1658 1364 1724 rusticos
1409 1657 1753 1743 obliguriri
1812 1658 2035 1725 solitos
2078 1658 2474 1743 pauperibus
2516 1658 2655 1723 suis

702 1743 1000 1828 singulae
1034 1745 1369 1827 paroeciae
1404 1744 1712 1809 iubentur
1746 1744 2153 1824 distribuere,
2197 1744 2654 1828 praefectoque

701 1828 1050 1913 quotannis
1105 1830 1425 1893 rationem
1484 1828 1776 1895 reddere.
1882 1828 2181 1913 Septimo
2196 1882 2214 1910 ,
2269 1830 2654 1914 rogavimus

699 1914 1056 1999 principes,
1128 1915 1185 1978 si
1239 1913 1499 1997 quando
1555 1935 1703 1979 cum
1758 1916 1944 2000 Rege
1996 1916 2237 1999 pacisci
2293 1916 2654 1998 contingat,

700 2001 909 2065 nostri
944 2000 1380 2078 meminerint,
1426 1998 1484 2064 si
1532 2000 1697 2066 forte
1742 2021 1990 2079 eorum,
2035 2014 2349 2083 tanquam
2388 2009 2654 2083 patrum

698 2093 1071 2150 nostrorum
1086 2135 1103 2163 ,
1159 2083 1373 2149 medio
1416 2084 1759 2151 facultates
1815 2094 2075 2152 nostras
2118 2107 2155 2152 e
2210 2087 2423 2169 patria
2466 2105 2652 2167 repe-

699 2177 838 2236 tere
891 2170 1223 2236 valeamus
1240 2220 1257 2249 ,
1313 2188 1442 2252 quo
1498 2170 1766 2236 familiis
1823 2172 2066 2237 nostris
2114 2170 2489 2238 consultum
2546 2169 2651 2249 sit,

698 2256 780 2321 ab
824 2255 1007 2321 obitu
1048 2264 1268 2320 nostro
1310 2255 1471 2338 ipsis
1527 2256 1746 2322 minus
1803 2258 2085 2322 afferant
2145 2265 2212 2321 et
2251 2254 2543 2321 taedium
2587 2262 2656 2319 et

698 2360 882 2419 onus,
925 2349 994 2405 et
1033 2349 1110 2405 ut
1152 2339 1466 2406 avaritiae
1526 2361 1609 2405 ex
1649 2342 1938 2407 familiae
1997 2340 2434 2407 sollicitudine
2475 2341 2653 2405 inter

694 2426 1033 2492 ministros
1087 2425 1423 2490 auferatur
1479 2428 1748 2492 occasio.
1838 2426 2035 2507 Quod
2079 2426 2483 2492 occasionem
2501 2477 2518 2504 ,
2577 2431 2653 2490 ut

695 2511 885 2576 brevi
919 2516 1204 2594 sperant,
1249 2510 1424 2575 nacti
1460 2531 1602 2576 sese
1636 2523 1978 2577 curaturos
2017 2518 2418 2595 receperunt.
2486 2510 2651 2575 Pos-

695 2603 909 2661 tremo
954 2593 1274 2678 quaedam
1307 2595 1664 2679 peculiaria
1706 2597 1953 2679 aliquot
1994 2596 2447 2662 ministrorum
2484 2595 2651 2661 clas-

695 2682 789 2832 {is
853 2680 1119 2781 negotia
1183 2681 1343 2746 satis
1409 2680 1687 2748 feliciter
1749 2681 2056 2766 expedita
2101 2689 2276 2763 sunt,
2341 2680 2653 2746 laudetur

763 2786 1041 2831 ominus.

866 2850 1178 2917 Neocomi
1222 2850 1504 2917 transire
1558 2871 1773 2934 neque
1826 2858 2090 2934 tempus
2133 2871 2342 2934 neque
2383 2852 2651 2936 negotia

742 2934 1132 3014 atiebantur,
1177 2935 1294 3000 sed
1343 2935 1544 3002 Vireti
1574 2936 1844 3002 consilio
1885 2935 2268 3002 fasciculum
2307 2935 2651 3002 literarum

763 3026 978 3087 fimeto
1019 3019 1279 3100 tradidi,
1301 3022 1360 3106 ²)
1418 3021 1530 3104 qui
1585 3021 1885 3105 sequenti
1941 3021 2047 3087 die
2112 3042 2223 3087 eas
2286 3028 2429 3087 tuto
2489 3021 2651 3088 illuc

692 3107 891 3173 misit.
989 3106 1095 3171 De
1155 3105 1454 3173 Ferronii
1468 3106 1526 3191 ⁸)
1590 3108 1800 3173 nostri
1856 3107 2117 3193 negotio
2182 3106 2264 3171 ad
2321 3106 2652 3172 Farellum

695 3191 946 3276 scripsi,
993 3199 1062 3256 et
1100 3191 1238 3256 eius
1281 3191 1433 3257 misi
1475 3191 1699 3258 literas
1734 3201 1996 3259 servata
2034 3191 2208 3275 apud
2249 3212 2357 3257 me
2401 3190 2652 3274 apocha

695 3296 894 3359 quam
935 3275 1058 3341 tibi
1091 3275 1174 3340 ad
1210 3296 1360 3341 eum
1403 3277 1684 3356 remitto,
1728 3299 1816 3342 ne
1851 3277 2053 3345 variis
2086 3297 2316 3361 pressa
2347 3275 2651 3343 manibus

742 3361 1025 3426 erdatur.
1094 3359 1230 3428 Sed
1273 3368 1340 3425 et
1363 3359 1673 3427 Facinum
1688 3362 1748 3447 ⁴)
1772 3363 2177 3513 Arlgentinae
2220 3383 2363 3428 esse
2407 3362 2647 3445 accepi.

763 3467 800 3511 e
842 3444 1174 3512 Michaele
1207 3445 1512 3511 Dubitato
1529 3448 1586 3525 ⁵)
1631 3470 1781 3514 cum
1896 3449 2049 3514 ireto
2092 3447 2216 3532 egi,
2251 3468 2462 3531 neque
2499 3454 2649 3512 tan-

693 3542 833 3597 tam
872 3531 1075 3596 habet
1126 3530 1570 3597 conditionem
1611 3534 1770 3616 quin
1814 3532 1944 3598 alio
1988 3533 2251 3600 avolare
2293 3538 2522 3617 queat,
2591 3532 2649 3598 si

693 3614 979 3699 expedit.
1064 3616 1430 3700 Exspectat
1479 3624 1700 3682 tamen
1744 3618 2120 3702 tragoediae
2162 3618 2340 3685 illius
2383 3618 2648 3685 Alsien-

693 3701 786 3768 sis
827 3700 1175 3766 nebulonis
1210 3700 1688 3786 catastrophen,
1733 3724 1816 3769 ex
1851 3704 2056 3770 classe
2080 3703 2445 3791 Morgiensi
2479 3724 2648 3769 non-

691 3785 883 3852 nulla
924 3807 1041 3869 spe
1085 3787 1207 3852 sibi
1251 3785 1487 3852 oblata.
1575 3788 1947 3855 Paterniaci
2002 3789 2075 3853 in
2132 3789 2350 3854 reditu
2392 3788 2647 3855 Brane-

690 3876 823 3937 tum
885 3871 1290 3938 Neocomum
1370 3879 1438 3936 et
1511 3873 1578 3937 in
1652 3873 1906 3941 Gallias
1981 3874 2205 3940 itineri
2279 3896 2350 3940 se
2425 3875 2645 3940 accin-

694 3965 960 4041 gentem
1005 3956 1245 4040 reperi,
1303 3957 1410 4022 cui
1444 3959 1987 4043 peregrinationis
2031 3979 2218 4025 meae
2257 3959 2525 4038 exitum,
2572 3964 2651 4023 ut

694 4061 814 4124 per
848 4043 1160 4126 temporis
1200 4051 1609 4109 momentum
1654 4043 1870 4124 licuit,
1935 4045 2225 4126 narravi,
2282 4052 2362 4109 ut
2405 4049 2474 4109 et
2518 4042 2646 4108 Fa·-

693 4125 846 4191 rello
887 4136 1108 4193 nostro
1172 4135 1242 4192 et
1295 4127 1441 4192 aliis
1508 4128 1907 4213 patefaceret
1920 4181 1936 4209 ‚
2007 4150 2246 4214 meque
2300 4128 2475 4212 apud
2533 4149 2645 4195 eos

696 4220 1038 4277 excusaret
1116 4212 1289 4296 quod
1357 4212 1510 4279 illac
1571 4235 1706 4279 non
1780 4215 2173 4281 transierim.
2293 4214 2647 4280 Caeterum

699 4293 931 4376 Come-5,
976 4306 1053 4363 ut
1094 4319 1178 4363 ex
1212 4298 1664 4365 Bernensibus
1707 4300 2064 4381 subolfecit,
2109 4307 2177 4366 te
2209 4299 2648 4366 commonefa-

696 4380 998 4447 ciendum
1066 4390 1316 4463 censet‚
1385 4394 1461 4449 ut
1525 4385 2017 4468 quibuscunque
2080 4385 2373 4451 honestis
2436 4383 2647 4450 modis

696 4463 857 4531 duos
902 4469 1289 4551 superstites
1331 4466 1480 4534 illos
1522 4468 1878 4537 nebulones
1923 4470 2181 4536 exsules
2200 4473 2259 4549 ⁶)
2301 4471 2370 4535 in
2412 4468 2647 4534 urbem

691 4549 1199 4620 introducendos
1253 4574 1470 4633 cures,
1541 4554 1774 4619 saltem
1832 4556 2075 4623 efficias
2144 4561 2221 4621 ut
2271 4555 2646 4621 Beruenses

897 4770 959 4840 2)
1009 4771 1235 4828 videaur
1279 4790 1318 4828 a
1353 4772 1583 4830 Oalm‘voo
1626 4774 1952 4842 fasciculum
1985 4777 2270 4833 literarum
2312 4775 2644 4832 Neocomum

690 4840 1157 4924 asportandam
1179 4844 1464 4923 accepisse.
1520 4843 1802 4899 Rumam
1816 4846 1908 4901 ille
1938 4847 2022 4901 vel
2055 4845 2321 4901 Vadensie
2342 4845 2426 4900 vel
2449 4844 2646 4900 Gallus

694 4908 1407 5059 ωψέὃςυῗεξτΐηαιῖἕνὶζ
1443 4976 1523 5032 D.
1561 4980 1643 5033 M.
1686 4978 2028 5037 Genevensis.

897 5046 960 5179 ἒξ
997 5046 1374 5181 ηπ).
1388 5046 1507 5197 ⁵3}
1544 5054 1653 5198 ...3
1690 5049 1738 5103 ³·

898 5184 953 5251 6)
993 5185 1287 5266 For-taem·
1328 5200 1393 5237 ex
1437 5201 1508 5238 aas
1552 5202 1646 5255 qm
1690 5186 1860 5241 solum
1917 5192 2195 5242 verterant
2235 5203 2287 5242 a.
2337 5184 2476 5241 1540
2515 5192 2645 5257 post

692 5253 880 5306 turba..
920 5270 968 5306 α.
1017 5254 1093 5306 Io.
1135 5254 1393 5321 Philippo
1426 5259 1615 5308 motas.
1687 5253 1939 5321 (Ruchat
1986 5255 2047 5310 V.
2080 5254 2230 5323 241.)

2251 358 2781 428 EPIS'POLAE
2826 362 3165 424 533-534

4570 363 4685 431 680

2759 546 2881 612 tibi
2921 545 2991 613 id
3033 547 3211 614 cordi
3256 567 3398 615 esse
3441 569 3563 615 nec
3604 571 3723 633 per
3765 557 3831 615 te
3874 556 4049 614 stare
4081 547 4466 634 intelligant.
4547 549 4688 617 Non

2762 632 2940 698 enim
2974 634 3187 716 possis
3221 634 3433 700 maius
3467 634 3601 701 illis
3634 640 3970 717 praestem
4003 633 4401 717 obsequium.
4470 632 4687 701 Sulm-

2758 738 2877 783 rus
2930 726 2996 784 te
3051 727 3352 786 accurate
3397 718 3658 785 salutat.
3747 718 3827 786 Si
3884 718 4044 785 satis
4101 719 4291 784 firma
4333 718 4689 786 valetudine

2758 803 3007 883 fuisset,
3054 805 3312 870 animus
3367 811 3511 871 erat
3549 804 3631 869 ad
3675 811 3742 870 te
3785 804 4086 872 scribere.
4175 804 4452 886 Beattw,
4504 805 4692 872 Eras-

2758 909 2919 967 muS,
2937 890 2991 971 ⁷)
3036 898 3313 973 uterque
3354 890 3585 969 scriba,
3603 893 3664 968 8)
3717 892 4035 972 Tuo-term,
4055 890 4114 973 ⁹)
4158 890 4546 976 plurimique
4585 890 4689 957 alii

2759 982 2826 1039 te
2874 974 3194 1055 salutant,
3250 976 3447 1040 etiam
3487 977 4000 1043 Lausannenses
4044 986 4236 1061 atque
4278 976 4691 1061 Morgienses,

2759 1081 2928 1126 uxor
2962 1081 3234 1143 quoque
3287 1082 3437 1126 mea
3491 1082 3749 1126 mecum
3814 1069 3909 1142 te,
3982 1063 4252 1127 fiatrem
4320 1069 4388 1126 et
4449 1072 4693 1129 vestras

2759 1146 3102 1229 utriusque
3169 1167 3424 1212 uxores.
3525 1145 3842 1213 Dolemus
3901 1168 3985 1212 ex
4041 1148 4260 1231 puella
4323 1169 4362 1212 a
4416 1146 4691 1212 Domino

2760 1230 3018 1297 sublata
3040 1230 3125 1315 ¹⁰)
3168 1231 3287 1296 tibi
3330 1232 3668 1316 ingentem
3703 1230 4025 1298 sublatam
4060 1242 4126 1298 et
4164 1232 4690 1299 consolationem:

2760 1337 2992 1381 verum
3033 1317 3361 1382 Dominus
3418 1317 3612 1382 aliam
3655 1318 3907 1403 prolem
3951 1319 4140 1385 vobis
4184 1340 4259 1385 ac
4301 1317 4488 1384 nobis
4528 1319 4693 1383 exci-

2760 1402 2927 1467 tabit
2944 1408 3023 1468 ut
3052 1423 3216 1487 opus
3245 1403 3462 1468 fuerit.
3526 1404 3908 1470 Praefectus
3943 1412 4169 1470 noster
4188 1404 4477 1469 Bernam
4510 1404 4694 1470 solvit

2759 1487 2971 1566 hodie,
2995 1489 3101 1554 cui
3125 1487 3207 1553 ad
3236 1488 3569 1554 Tmterum
3591 1496 3659 1554 et
3681 1488 4009 1555 Farellum
4032 1489 4257 1556 literas
4298 1488 4557 1555 tradere
4591 1488 4695 1554 de-

2759 1575 2935 1639 crevi
2980 1574 3475 1640 salutationibus
3533 1574 3664 1639 tuis
3714 1594 4126 1658 nequaquam
4172 1576 4450 1642 omissis.
4535 1573 4692 1639 Vale

2757 1680 3038 1725 rursum.
3128 1658 3409 1725 Tononii
3450 1661 3690 1742 raptim
3734 1663 3835 1725 22.
3880 1660 4076 1727 Febr.
4129 1664 4310 1725 1544.

3885 1797 4067 1862 Tuus
4111 1798 4169 1863 si
4210 1817 4370 1862 suus
4413 1807 4515 1863 est

3710 1879 4222 1966 Ohristophorus
4264 1882 4656 1950 Libertinus.

2926 2050 3135 2116 Varia
3176 2048 3256 2116 de
3277 2051 3463 2135 Rege
3497 2058 3740 2131 nostro,
3785 2052 4016 2131 Tusca,
4063 2051 4346 2120 ansare
4391 2061 4458 2119 et
4490 2054 4697 2121 Vene-

2757 2136 2956 2202 tianis
3012 2136 3150 2202 illic
3204 2135 3444 2203 audivi.
3553 2136 3631 2204 Si
3684 2158 3853 2220 quae
3910 2139 3983 2203 in
4024 2161 4098 2204 re
4156 2140 4468 2206 ecclesiae
4520 2139 4696 2206 audi-

2754 2222 2910 2288 visti
2950 2222 3359 2300 verisimilia,
3416 2244 3502 2288 ne
3543 2244 3663 2287 nos
3702 2223 3913 2290 celato
3930 2275 3945 2303 ,
4001 2225 4286 2289 maxime
4321 2225 4515 2291 istius
4556 2246 4698 2292 cum

2752 2307 3200 2374 Bernensibus
3229 2307 3809 2374 confoederationis
3833 2310 3939 2375 die
3961 2309 4286 2376 dominico
4310 2315 4331 2354 ¹
4347 2310 4396 2396 ¹)
4419 2312 4698 2376 futuram

2755 2392 3288 2459 celebrationem:
3334 2395 3519 2459 cuius
3561 2395 3659 2459 rei
3783 2397 3917 2459 atia
3958 2396 4281 2479 superiori
4324 2396 4432 2462 die
4474 2397 4698 2462 Lunae

2755 2477 2990 2544 delecti
3048 2488 3206 2545 sunt
3247 2479 3330 2544 D.
3379 2479 3607 2544 consul
3721 2480 3898 2564 eyelli
3912 2532 3927 2560 ‚
3981 2492 4285 2563 quaestor
4326 2483 4700 2566 Ausbumue

2754 2573 2821 2628 et
2862 2563 3053 2631 Hans
3093 2563 3351 2631 Huober
3390 2564 3612 2648 legati,
3655 2565 3804 2632 istic
3851 2587 3927 2632 eo
3970 2565 4076 2631 die
4120 2568 4484 2651 appulsuri.

3649 3073 3802 3147 534.

3236 3227 3738 3297 FARELLUS
3783 3227 4220 3296 GALVINO.

2926 3394 3253 3464 Nonnulla
3294 3399 3627 3481 praesum
3679 3399 3756 3464 de
3804 3399 3989 3466 rebus
4032 3398 4699 3488 Monbelyardensim

2750 3482 2828 3549 de
2858 3503 3017 3566 pace
3059 3485 3220 3549 inter
3260 3484 3537 3550 civitates
3576 3485 3915 3551 sancienda
3956 3486 4225 3568 aliisque
4265 3490 4489 3555 minus
4519 3489 4701 3555 etiam

2746 3568 2970 3651 ρναέιῑε,
3013 3567 3294 3634 hortatum
3337 3567 3669 3641 Calvinum
3706 3575 3779 3636 ut
3817 3576 4031 3637 contra
4072 3572 4351 3640 libellum
4394 3574 4700 3659 Anabap-

2748 3655 3042 3720 lislam
3081 3674 3285 3736 nuper
3321 3655 3541 3738 yanice
3583 3655 3817 3722 editum
3849 3656 4101 3740 aliquid
4139 3659 4395 3727 scribat.

2752 3824 2866 3890 (Ex
2899 3822 3236 3946 mrmtggrapho
3280 3823 3426 3878 Bibl.

3065 3893 3127 3946 Π
3177 3891 3231 3947 N
3281 3890 3349 3944 1⁷
3510 3829 3753 3879 ustorum
3788 3825 4251 3882 Neocomensium.
4323 3830 4473 3900 Epp.
4509 3827 4701 3883 Far-elli

3491 3894 3712 3948 onnulla
3745 3894 3913 3949 dubia
3945 3896 4223 3951 asteriscis
4256 3900 4559 3966 notamus.)

2919 4060 3313 4128 Doctissimo
3356 4063 3592 4129 Ioanni
3611 4064 3892 4132 Calvino
3930 4068 4177 4149 pastori
4219 4069 4537 4136 ecclesiae
4571 4067 4698 4136 Ge-

2749 4147 3057 4215 nevensis
3101 4148 3599 4232 vigilantissimo
3639 4150 3829 4216 fratri
3872 4153 4206 4219 carissimo

4289 4241 4626 4309 Genavae.

2922 4366 2995 4434 S.
3052 4368 3402 4452 Accepisti‚
3437 4376 3516 4435 ut
3542 4371 3789 4456 opinor,
3826 4392 3995 4456 quae
4027 4374 4256 4441 scribit
4283 4377 4627 4456 fossam-s,
4651 4376 4694 4453 ¹)

2751 4454 2872 4519 cui
2900 4451 3070 4519 adsit
3109 4452 3438 4520 Dominus
3491 4464 3559 4522 et
3614 4456 3917 4525 omnibus
3972 4461 4082 4542 qui
4135 4461 4206 4526 in
4262 4464 4471 4530 verbo
4526 4463 4699 4529 labo·

2955 4639 3015 4706 7)
3056 4639 3280 4710 Ger-unq
3320 4647 3369 4696 et
3405 4642 3603 4699 Βίων.

2954 4707 3013 4777 8)
3331 4710 3469 4766 alter
3497 4712 3611 4780 fuit
3648 4712 3895 4769 Gironus
3928 4716 4100 4780 (alias
4247 4718 4323 4784 o).
4384 4787 4395 4798 ·
4477 4788 4489 4800 ·

2750 4776 3013 4900 Mor-ag)
3053 4777 4142 4922 Ffflssffguyffssssssmogssmquss
4176 4856 4305 4923 ipsa
4330 4789 4697 4921 Orbanapoafx

2747 4929 2778 4969 ο
2804 4913 3272 5050 θωῗοῖυθῗιῗὸιί
3306 4985 3483 5050 filiola
3500 4988 3612 5066 ‚vi-v
3645 4993 3783 5042 nata
3815 4989 3951 5046 obiit
3987 4990 4231 5075 (Boguyet
4286 4990 4484 5049 Rde't'ts
4512 5008 4567 5062 p.
4600 4987 4691 5111 933

2743 5049 3848 5189 ἐνθοΖΜἭεὲηωωροηιαηωονωα
3891 5065 4011 5115 erat
4053 5075 4167 5116 nm
4213 5035 4653 5133 Iv.554,aot.1

2915 5188 3010 5254 11)
3044 5187 3130 5244 24.
3166 5191 3327 5246 Febr.

2792 5253 2920 5318 584
2957 5256 3018 5327 1)
3055 5257 3130 5316 Ν.
3162 5257 3283 5316 527.
