<?xml version="1.0" encoding="UTF-8"?>
<!DOCTYPE html PUBLIC "-//W3C//DTD XHTML 1.0 Transitional//EN"
    "http://www.w3.org/TR/xhtml1/DTD/xhtml1-transitional.dtd">
<html xmlns="http://www.w3.org/1999/xhtml" xml:lang="en" lang="en">
 <head>
  <title>
</title>
<meta http-equiv="Content-Type" content="text/html;charset=utf-8" />
  <meta name='ocr-system' content='tesseract 3.04.00' />
  <meta name='ocr-capabilities' content='ocr_page ocr_carea ocr_par ocr_line ocrx_word'/>
</head>
<body>
  <div class='ocr_page' id='page_1' title='image "./ioanniscalvinio13unkngoog_0320.png"; bbox 0 0 5050 6167; ppageno 0'>
   <div class='ocr_carea' id='block_1_1' title="bbox 607 394 735 457">
    <p class='ocr_par' dir='ltr' id='par_1_1' title="bbox 607 394 735 457">
     <span class='ocr_line' id='line_1_1' title="bbox 607 394 735 457; baseline 0 0"><span class='ocrx_word' id='word_1_1' title='bbox 607 394 735 457; x_wconf 69' lang='lat'>{311</span> 
     </span>
    </p>
   </div>
   <div class='ocr_carea' id='block_1_2' title="bbox 609 574 2588 1864">
    <p class='ocr_par' dir='ltr' id='par_1_2' title="bbox 609 574 2588 1864">
     <span class='ocr_line' id='line_1_2' title="bbox 609 574 2578 664; baseline -0.003 -18"><span class='ocrx_word' id='word_1_2' title='bbox 609 601 750 646; x_wconf 89' lang='lat' dir='ltr'>non</span> <span class='ocrx_word' id='word_1_3' title='bbox 773 579 1074 664; x_wconf 78' lang='lat' dir='ltr'>egimus,</span> <span class='ocrx_word' id='word_1_4' title='bbox 1133 597 1289 642; x_wconf 90' lang='lat' dir='ltr'>nam</span> <span class='ocrx_word' id='word_1_5' title='bbox 1334 575 1586 643; x_wconf 87' lang='lat' dir='ltr'>tardior</span> <span class='ocrx_word' id='word_1_6' title='bbox 1642 585 1788 643; x_wconf 88' lang='lat' dir='ltr'>erat</span> <span class='ocrx_word' id='word_1_7' title='bbox 1827 576 2012 642; x_wconf 88' lang='lat' dir='ltr'>hora.</span> <span class='ocrx_word' id='word_1_8' title='bbox 2103 574 2502 659; x_wconf 68' lang='lat' dir='ltr'>Mazinyrius</span> <span class='ocrx_word' id='word_1_9' title='bbox 2519 576 2578 653; x_wconf 81' lang='lat'>⁶)</span> 
     </span>
     <span class='ocr_line' id='line_1_3' title="bbox 614 661 2580 746; baseline -0.003 -14"><span class='ocrx_word' id='word_1_10' title='bbox 614 666 743 733; x_wconf 91' lang='lat' dir='ltr'>etsi</span> <span class='ocrx_word' id='word_1_11' title='bbox 786 666 895 730; x_wconf 90' lang='lat' dir='ltr'>hic</span> <span class='ocrx_word' id='word_1_12' title='bbox 931 671 1122 741; x_wconf 90' lang='lat' dir='ltr'>esset,</span> <span class='ocrx_word' id='word_1_13' title='bbox 1169 664 1382 728; x_wconf 89' lang='lat' dir='ltr'>coetui</span> <span class='ocrx_word' id='word_1_14' title='bbox 1420 684 1554 728; x_wconf 92' lang='lat' dir='ltr'>non</span> <span class='ocrx_word' id='word_1_15' title='bbox 1589 663 1904 742; x_wconf 79' lang='lat' dir='ltr'><strong>interfuit,</strong></span> <span class='ocrx_word' id='word_1_16' title='bbox 1949 661 2120 728; x_wconf 89' lang='lat' dir='ltr'>forte</span> <span class='ocrx_word' id='word_1_17' title='bbox 2164 661 2580 746; x_wconf 78' lang='lat' dir='ltr'>gravioribus</span> 
     </span>
     <span class='ocr_line' id='line_1_4' title="bbox 613 748 2581 835; baseline -0.004 -17"><span class='ocrx_word' id='word_1_18' title='bbox 613 758 986 835; x_wconf 87' lang='lat' dir='ltr'>occupatus.</span> <span class='ocrx_word' id='word_1_19' title='bbox 1053 748 1271 815; x_wconf 83' lang='lat' dir='ltr'>Hodie</span> <span class='ocrx_word' id='word_1_20' title='bbox 1308 748 1631 814; x_wconf 83' lang='lat' dir='ltr'>referebat</span> <span class='ocrx_word' id='word_1_21' title='bbox 1655 748 2061 831; x_wconf 73' lang='lat' dir='ltr'>Gapunculus</span> <span class='ocrx_word' id='word_1_22' title='bbox 2093 748 2343 832; x_wconf 86' lang='lat' dir='ltr'>tragice</span> <span class='ocrx_word' id='word_1_23' title='bbox 2386 768 2581 830; x_wconf 88' lang='lat' dir='ltr'>quos-</span> 
     </span>
     <span class='ocr_line' id='line_1_5' title="bbox 616 833 2582 917; baseline -0.004 -13"><span class='ocrx_word' id='word_1_24' title='bbox 616 836 770 904; x_wconf 87' lang='lat' dir='ltr'>dam</span> <span class='ocrx_word' id='word_1_25' title='bbox 814 835 1128 901; x_wconf 81' lang='lat' dir='ltr'>divexare</span> <span class='ocrx_word' id='word_1_26' title='bbox 1173 856 1282 901; x_wconf 89' lang='lat' dir='ltr'>eos</span> <span class='ocrx_word' id='word_1_27' title='bbox 1318 836 1429 917; x_wconf 93' lang='lat' dir='ltr'>qui</span> <span class='ocrx_word' id='word_1_28' title='bbox 1467 834 1696 899; x_wconf 87' lang='lat' dir='ltr'>dicunt</span> <span class='ocrx_word' id='word_1_29' title='bbox 1737 835 1950 900; x_wconf 89' lang='lat' dir='ltr'>filium</span> <span class='ocrx_word' id='word_1_30' title='bbox 1997 833 2285 898; x_wconf 91' lang='lat' dir='ltr'>hominis</span> <span class='ocrx_word' id='word_1_31' title='bbox 2329 834 2582 898; x_wconf 88' lang='lat' dir='ltr'>nescire</span> 
     </span>
     <span class='ocr_line' id='line_1_6' title="bbox 616 917 2583 1004; baseline -0.003 -15"><span class='ocrx_word' id='word_1_32' title='bbox 616 923 791 990; x_wconf 91' lang='lat' dir='ltr'>diem</span> <span class='ocrx_word' id='word_1_33' title='bbox 834 922 1044 999; x_wconf 92' lang='lat' dir='ltr'>illum,</span> <span class='ocrx_word' id='word_1_34' title='bbox 1092 929 1159 986; x_wconf 90' lang='lat' dir='ltr'>et</span> <span class='ocrx_word' id='word_1_35' title='bbox 1201 921 1363 986; x_wconf 90' lang='lat' dir='ltr'>alios</span> <span class='ocrx_word' id='word_1_36' title='bbox 1407 941 1637 986; x_wconf 90' lang='lat' dir='ltr'>rursus</span> <span class='ocrx_word' id='word_1_37' title='bbox 1681 921 1794 1004; x_wconf 90' lang='lat' dir='ltr'>qui</span> <span class='ocrx_word' id='word_1_38' title='bbox 1838 920 2137 985; x_wconf 80' lang='lat' dir='ltr'>dicerent</span> <span class='ocrx_word' id='word_1_39' title='bbox 2178 920 2362 985; x_wconf 88' lang='lat' dir='ltr'>scire.</span> <span class='ocrx_word' id='word_1_40' title='bbox 2444 917 2583 985; x_wconf 83' lang='lat' dir='ltr'>Sed</span> 
     </span>
     <span class='ocr_line' id='line_1_7' title="bbox 614 1006 2583 1091; baseline -0.004 -16"><span class='ocrx_word' id='word_1_41' title='bbox 614 1008 750 1075; x_wconf 90' lang='lat' dir='ltr'>odii</span> <span class='ocrx_word' id='word_1_42' title='bbox 813 1008 1011 1091; x_wconf 88' lang='lat' dir='ltr'>plena</span> <span class='ocrx_word' id='word_1_43' title='bbox 1076 1015 1347 1090; x_wconf 75' lang='lat' dir='ltr'>pectora</span> <span class='ocrx_word' id='word_1_44' title='bbox 1398 1015 1468 1071; x_wconf 90' lang='lat' dir='ltr'>et</span> <span class='ocrx_word' id='word_1_45' title='bbox 1530 1006 1720 1072; x_wconf 89' lang='lat' dir='ltr'>malis</span> <span class='ocrx_word' id='word_1_46' title='bbox 1785 1006 2127 1072; x_wconf 87' lang='lat' dir='ltr'>affectibus</span> <span class='ocrx_word' id='word_1_47' title='bbox 2188 1006 2583 1089; x_wconf 80' lang='lat' dir='ltr'>scripturam</span> 
     </span>
     <span class='ocr_line' id='line_1_8' title="bbox 613 1090 2582 1178; baseline -0.003 -18"><span class='ocrx_word' id='word_1_48' title='bbox 613 1094 1012 1178; x_wconf 81' lang='lat' dir='ltr'>torquentia,</span> <span class='ocrx_word' id='word_1_49' title='bbox 1060 1113 1263 1176; x_wconf 92' lang='lat' dir='ltr'>quum</span> <span class='ocrx_word' id='word_1_50' title='bbox 1307 1091 1467 1175; x_wconf 90' lang='lat' dir='ltr'>quid</span> <span class='ocrx_word' id='word_1_51' title='bbox 1511 1100 1710 1176; x_wconf 83' lang='lat' dir='ltr'>agant</span> <span class='ocrx_word' id='word_1_52' title='bbox 1751 1092 2069 1171; x_wconf 88' lang='lat' dir='ltr'>nesciant,</span> <span class='ocrx_word' id='word_1_53' title='bbox 2115 1093 2309 1158; x_wconf 88' lang='lat' dir='ltr'>faciet</span> <span class='ocrx_word' id='word_1_54' title='bbox 2351 1090 2582 1157; x_wconf 83' lang='lat' dir='ltr'>Chris-</span> 
     </span>
     <span class='ocr_line' id='line_1_9' title="bbox 613 1176 2583 1261; baseline -0.004 -14"><span class='ocrx_word' id='word_1_55' title='bbox 613 1187 726 1247; x_wconf 84' lang='lat' dir='ltr'>tus</span> <span class='ocrx_word' id='word_1_56' title='bbox 771 1186 845 1245; x_wconf 88' lang='lat' dir='ltr'>ut</span> <span class='ocrx_word' id='word_1_57' title='bbox 888 1180 1098 1246; x_wconf 90' lang='lat' dir='ltr'>sciant</span> <span class='ocrx_word' id='word_1_58' title='bbox 1141 1186 1210 1244; x_wconf 92' lang='lat' dir='ltr'>et</span> <span class='ocrx_word' id='word_1_59' title='bbox 1244 1178 1673 1261; x_wconf 85' lang='lat' dir='ltr'>experiantur</span> <span class='ocrx_word' id='word_1_60' title='bbox 1708 1179 2052 1244; x_wconf 86' lang='lat' dir='ltr'>verissime</span> <span class='ocrx_word' id='word_1_61' title='bbox 2087 1179 2414 1243; x_wconf 87' lang='lat' dir='ltr'>cruciatus</span> <span class='ocrx_word' id='word_1_62' title='bbox 2448 1176 2583 1241; x_wconf 90' lang='lat' dir='ltr'>iam</span> 
     </span>
     <span class='ocr_line' id='line_1_10' title="bbox 613 1261 2582 1349; baseline -0.003 -18"><span class='ocrx_word' id='word_1_63' title='bbox 613 1266 961 1332; x_wconf 78' lang='lat' dir='ltr'>instantes,</span> <span class='ocrx_word' id='word_1_64' title='bbox 1005 1263 1313 1330; x_wconf 85' lang='lat' dir='ltr'>Addebat</span> <span class='ocrx_word' id='word_1_65' title='bbox 1333 1272 1402 1329; x_wconf 91' lang='lat' dir='ltr'>et</span> <span class='ocrx_word' id='word_1_66' title='bbox 1434 1262 1748 1347; x_wconf 90' lang='lat' dir='ltr'>quosdam</span> <span class='ocrx_word' id='word_1_67' title='bbox 1770 1264 2089 1349; x_wconf 88' lang='lat' dir='ltr'>sacrilega</span> <span class='ocrx_word' id='word_1_68' title='bbox 2123 1285 2282 1330; x_wconf 81' lang='lat' dir='ltr'>voce</span> <span class='ocrx_word' id='word_1_69' title='bbox 2318 1261 2582 1341; x_wconf 83' lang='lat' dir='ltr'>dixisse,</span> 
     </span>
     <span class='ocr_line' id='line_1_11' title="bbox 617 1349 2583 1436; baseline -0.003 -19"><span class='ocrx_word' id='word_1_70' title='bbox 617 1351 782 1417; x_wconf 92' lang='lat' dir='ltr'>dum</span> <span class='ocrx_word' id='word_1_71' title='bbox 825 1359 1090 1436; x_wconf 87' lang='lat' dir='ltr'>rogaret</span> <span class='ocrx_word' id='word_1_72' title='bbox 1124 1350 1285 1434; x_wconf 90' lang='lat' dir='ltr'>quid</span> <span class='ocrx_word' id='word_1_73' title='bbox 1322 1349 1687 1416; x_wconf 90' lang='lat' dir='ltr'>concionati</span> <span class='ocrx_word' id='word_1_74' title='bbox 1724 1359 1961 1432; x_wconf 87' lang='lat' dir='ltr'>essent,</span> <span class='ocrx_word' id='word_1_75' title='bbox 2007 1372 2095 1415; x_wconf 87' lang='lat' dir='ltr'>an</span> <span class='ocrx_word' id='word_1_76' title='bbox 2140 1349 2220 1416; x_wconf 92' lang='lat' dir='ltr'>de</span> <span class='ocrx_word' id='word_1_77' title='bbox 2266 1350 2583 1427; x_wconf 87' lang='lat' dir='ltr'>trinitate,</span> 
     </span>
     <span class='ocr_line' id='line_1_12' title="bbox 618 1432 2583 1520; baseline -0.001 -18"><span class='ocrx_word' id='word_1_78' title='bbox 618 1436 949 1503; x_wconf 89' lang='lat' dir='ltr'>horrenda</span> <span class='ocrx_word' id='word_1_79' title='bbox 993 1436 1507 1503; x_wconf 83' lang='lat' dir='ltr'>subsannatione</span> <span class='ocrx_word' id='word_1_80' title='bbox 1568 1456 1831 1502; x_wconf 81' lang='lat' dir='ltr'>vocasse</span> <span class='ocrx_word' id='word_1_81' title='bbox 1881 1437 1948 1502; x_wconf 82' lang='lat' dir='ltr'>la</span> <span class='ocrx_word' id='word_1_82' title='bbox 1991 1442 2201 1519; x_wconf 65' lang='lat' dir='ltr'>treyne</span> <span class='ocrx_word' id='word_1_83' title='bbox 2249 1455 2505 1519; x_wconf 75' lang='lat' dir='ltr'>yueyne,</span> <span class='ocrx_word' id='word_1_84' title='bbox 2528 1432 2583 1520; x_wconf 85' lang='lat'>⁷)</span> 
     </span>
     <span class='ocr_line' id='line_1_13' title="bbox 616 1521 2588 1590; baseline -0.003 0"><span class='ocrx_word' id='word_1_85' title='bbox 616 1531 686 1590; x_wconf 89' lang='lat' dir='ltr'>et</span> <span class='ocrx_word' id='word_1_86' title='bbox 744 1522 987 1588; x_wconf 91' lang='lat' dir='ltr'>multos</span> <span class='ocrx_word' id='word_1_87' title='bbox 1046 1544 1187 1588; x_wconf 91' lang='lat' dir='ltr'>esse</span> <span class='ocrx_word' id='word_1_88' title='bbox 1254 1521 1451 1588; x_wconf 88' lang='lat' dir='ltr'>huius</span> <span class='ocrx_word' id='word_1_89' title='bbox 1517 1523 1613 1587; x_wconf 92' lang='lat' dir='ltr'>rei</span> <span class='ocrx_word' id='word_1_90' title='bbox 1668 1530 1889 1587; x_wconf 89' lang='lat' dir='ltr'>testes.</span> <span class='ocrx_word' id='word_1_91' title='bbox 1981 1521 2119 1588; x_wconf 80' lang='lat' dir='ltr'>Sed</span> <span class='ocrx_word' id='word_1_92' title='bbox 2174 1522 2452 1586; x_wconf 89' lang='lat' dir='ltr'>instanti</span> <span class='ocrx_word' id='word_1_93' title='bbox 2509 1528 2588 1586; x_wconf 90' lang='lat' dir='ltr'>ut</span> 
     </span>
     <span class='ocr_line' id='line_1_14' title="bbox 617 1606 2583 1692; baseline -0.003 -16"><span class='ocrx_word' id='word_1_94' title='bbox 617 1609 855 1676; x_wconf 87' lang='lat' dir='ltr'>scirem</span> <span class='ocrx_word' id='word_1_95' title='bbox 892 1608 1008 1692; x_wconf 90' lang='lat' dir='ltr'>qui</span> <span class='ocrx_word' id='word_1_96' title='bbox 1042 1615 1280 1685; x_wconf 88' lang='lat' dir='ltr'>essent,</span> <span class='ocrx_word' id='word_1_97' title='bbox 1316 1607 1654 1690; x_wconf 87' lang='lat' dir='ltr'>respondit</span> <span class='ocrx_word' id='word_1_98' title='bbox 1692 1607 1998 1675; x_wconf 79' lang='lat' dir='ltr'>Veconum</span> <span class='ocrx_word' id='word_1_99' title='bbox 2017 1611 2078 1685; x_wconf 84' lang='grc'>8)</span> <span class='ocrx_word' id='word_1_100' title='bbox 2116 1606 2362 1691; x_wconf 89' lang='lat' dir='ltr'>aliquid</span> <span class='ocrx_word' id='word_1_101' title='bbox 2397 1607 2583 1673; x_wconf 89' lang='lat' dir='ltr'>scire.</span> 
     </span>
     <span class='ocr_line' id='line_1_15' title="bbox 617 1693 2587 1778; baseline -0.002 -17"><span class='ocrx_word' id='word_1_102' title='bbox 617 1694 872 1761; x_wconf 81' lang='lat' dir='ltr'>Mirum</span> <span class='ocrx_word' id='word_1_103' title='bbox 916 1695 973 1760; x_wconf 92' lang='lat' dir='ltr'>si</span> <span class='ocrx_word' id='word_1_104' title='bbox 1018 1694 1129 1777; x_wconf 92' lang='lat' dir='ltr'>qui</span> <span class='ocrx_word' id='word_1_105' title='bbox 1184 1695 1321 1759; x_wconf 90' lang='lat' dir='ltr'>sint</span> <span class='ocrx_word' id='word_1_106' title='bbox 1374 1694 1486 1777; x_wconf 88' lang='lat' dir='ltr'>qui</span> <span class='ocrx_word' id='word_1_107' title='bbox 1543 1702 1679 1759; x_wconf 87' lang='lat' dir='ltr'>tam</span> <span class='ocrx_word' id='word_1_108' title='bbox 1734 1694 1936 1777; x_wconf 88' lang='lat' dir='ltr'>impie</span> <span class='ocrx_word' id='word_1_109' title='bbox 1980 1693 2364 1778; x_wconf 84' lang='lat' dir='ltr'>loquantur,</span> <span class='ocrx_word' id='word_1_110' title='bbox 2419 1700 2488 1759; x_wconf 90' lang='lat' dir='ltr'>et</span> <span class='ocrx_word' id='word_1_111' title='bbox 2530 1693 2587 1758; x_wconf 90' lang='lat' dir='ltr'>si</span> 
     </span>
     <span class='ocr_line' id='line_1_16' title="bbox 617 1778 2587 1864; baseline -0.002 -17"><span class='ocrx_word' id='word_1_112' title='bbox 617 1800 854 1847; x_wconf 83' lang='lat' dir='ltr'>verum</span> <span class='ocrx_word' id='word_1_113' title='bbox 897 1800 1034 1844; x_wconf 92' lang='lat' dir='ltr'>non</span> <span class='ocrx_word' id='word_1_114' title='bbox 1079 1781 1182 1859; x_wconf 90' lang='lat' dir='ltr'>sit,</span> <span class='ocrx_word' id='word_1_115' title='bbox 1228 1800 1427 1863; x_wconf 89' lang='lat' dir='ltr'>quam</span> <span class='ocrx_word' id='word_1_116' title='bbox 1471 1787 1574 1846; x_wconf 91' lang='lat' dir='ltr'>est</span> <span class='ocrx_word' id='word_1_117' title='bbox 1617 1780 1940 1863; x_wconf 88' lang='lat' dir='ltr'>sacrilega</span> <span class='ocrx_word' id='word_1_118' title='bbox 1981 1801 2169 1846; x_wconf 90' lang='lat' dir='ltr'>mens</span> <span class='ocrx_word' id='word_1_119' title='bbox 2211 1799 2382 1864; x_wconf 88' lang='lat' dir='ltr'>quae</span> <span class='ocrx_word' id='word_1_120' title='bbox 2425 1778 2587 1843; x_wconf 87' lang='lat' dir='ltr'>talia</span> 
     </span>
    </p>
   </div>
   <div class='ocr_carea' id='block_1_3' title="bbox 607 1866 2588 3665">
    <p class='ocr_par' dir='ltr' id='par_1_3' title="bbox 619 1866 951 1933">
     <span class='ocr_line' id='line_1_17' title="bbox 619 1866 951 1933; baseline -0.012 0"><span class='ocrx_word' id='word_1_121' title='bbox 619 1867 832 1933; x_wconf 83' lang='lat' dir='ltr'>oonfin</span> <span class='ocrx_word' id='word_1_122' title='bbox 886 1866 951 1930; x_wconf 83' lang='lat' dir='ltr'>·t.</span> 
     </span>
    </p>

    <p class='ocr_par' dir='ltr' id='par_1_4' title="bbox 607 1887 2588 3665">
     <span class='ocr_line' id='line_1_18' title="bbox 798 1887 2587 2035; baseline -0.002 -17"><span class='ocrx_word' id='word_1_123' title='bbox 798 1887 1160 2032; x_wconf 58' lang='lat' dir='ltr'>AErquinus</span> <span class='ocrx_word' id='word_1_124' title='bbox 1204 1951 1312 2017; x_wconf 91' lang='lat' dir='ltr'>hic</span> <span class='ocrx_word' id='word_1_125' title='bbox 1355 1951 1500 2031; x_wconf 88' lang='lat' dir='ltr'>fuit,</span> <span class='ocrx_word' id='word_1_126' title='bbox 1542 1958 1617 2015; x_wconf 91' lang='lat' dir='ltr'>ut</span> <span class='ocrx_word' id='word_1_127' title='bbox 1659 1958 1817 2035; x_wconf 87' lang='lat' dir='ltr'>puto</span> <span class='ocrx_word' id='word_1_128' title='bbox 1859 1957 1928 2016; x_wconf 89' lang='lat' dir='ltr'>te</span> <span class='ocrx_word' id='word_1_129' title='bbox 1972 1971 2059 2014; x_wconf 90' lang='lat' dir='ltr'>ex</span> <span class='ocrx_word' id='word_1_130' title='bbox 2098 1950 2363 2016; x_wconf 81' lang='lat' dir='ltr'>Nicolao</span> <span class='ocrx_word' id='word_1_131' title='bbox 2404 1949 2587 2017; x_wconf 90' lang='lat' dir='ltr'>audi-</span> 
     </span>
     <span class='ocr_line' id='line_1_19' title="bbox 615 2036 2588 2106; baseline -0.002 0"><span class='ocrx_word' id='word_1_132' title='bbox 615 2038 809 2106; x_wconf 77' lang='lat' dir='ltr'>visse.</span> <span class='ocrx_word' id='word_1_133' title='bbox 901 2036 1081 2103; x_wconf 81' lang='lat' dir='ltr'>Suus</span> <span class='ocrx_word' id='word_1_134' title='bbox 1124 2036 1453 2104; x_wconf 81' lang='lat' dir='ltr'>adventus</span> <span class='ocrx_word' id='word_1_135' title='bbox 1494 2037 1621 2102; x_wconf 82' lang='lat' dir='ltr'>fuit</span> <span class='ocrx_word' id='word_1_136' title='bbox 1673 2036 1869 2102; x_wconf 81' lang='lat' dir='ltr'>valde</span> <span class='ocrx_word' id='word_1_137' title='bbox 1920 2036 2098 2101; x_wconf 90' lang='lat' dir='ltr'>utilis</span> <span class='ocrx_word' id='word_1_138' title='bbox 2158 2042 2226 2100; x_wconf 88' lang='lat' dir='ltr'>et</span> <span class='ocrx_word' id='word_1_139' title='bbox 2282 2036 2588 2102; x_wconf 91' lang='lat' dir='ltr'>omnibus</span> 
     </span>
     <span class='ocr_line' id='line_1_20' title="bbox 616 2122 2586 2209; baseline 0.001 -22"><span class='ocrx_word' id='word_1_140' title='bbox 616 2130 865 2209; x_wconf 86' lang='lat' dir='ltr'>gratus.</span> <span class='ocrx_word' id='word_1_141' title='bbox 954 2123 1139 2188; x_wconf 89' lang='lat' dir='ltr'>Bene</span> <span class='ocrx_word' id='word_1_142' title='bbox 1184 2124 1420 2189; x_wconf 87' lang='lat' dir='ltr'>affecta</span> <span class='ocrx_word' id='word_1_143' title='bbox 1475 2132 1577 2189; x_wconf 92' lang='lat' dir='ltr'>est</span> <span class='ocrx_word' id='word_1_144' title='bbox 1630 2123 1792 2189; x_wconf 90' lang='lat' dir='ltr'>haec</span> <span class='ocrx_word' id='word_1_145' title='bbox 1847 2123 1916 2187; x_wconf 89' lang='lat' dir='ltr'>in</span> <span class='ocrx_word' id='word_1_146' title='bbox 1964 2122 2336 2188; x_wconf 83' lang='lat' dir='ltr'>Metensem</span> <span class='ocrx_word' id='word_1_147' title='bbox 2380 2123 2586 2189; x_wconf 87' lang='lat' dir='ltr'>eccle-</span> 
     </span>
     <span class='ocr_line' id='line_1_21' title="bbox 615 2207 2587 2292; baseline -0.002 -16"><span class='ocrx_word' id='word_1_148' title='bbox 615 2209 804 2286; x_wconf 88' lang='lat' dir='ltr'>siam,</span> <span class='ocrx_word' id='word_1_149' title='bbox 848 2229 1047 2292; x_wconf 87' lang='lat' dir='ltr'>quam</span> <span class='ocrx_word' id='word_1_150' title='bbox 1089 2218 1310 2275; x_wconf 87' lang='lat' dir='ltr'>servet</span> <span class='ocrx_word' id='word_1_151' title='bbox 1352 2209 1694 2274; x_wconf 86' lang='lat' dir='ltr'>Dominus.</span> <span class='ocrx_word' id='word_1_152' title='bbox 1784 2207 2154 2290; x_wconf 82' lang='lat' dir='ltr'>Epistolam</span> <span class='ocrx_word' id='word_1_153' title='bbox 2196 2215 2385 2273; x_wconf 88' lang='lat' dir='ltr'>tuam</span> <span class='ocrx_word' id='word_1_154' title='bbox 2428 2229 2587 2275; x_wconf 89' lang='lat' dir='ltr'>cura</span> 
     </span>
     <span class='ocr_line' id='line_1_22' title="bbox 612 2291 2584 2379; baseline -0.001 -19"><span class='ocrx_word' id='word_1_155' title='bbox 612 2293 879 2379; x_wconf 88' lang='lat' dir='ltr'>prodire</span> <span class='ocrx_word' id='word_1_156' title='bbox 924 2294 992 2360; x_wconf 91' lang='lat' dir='ltr'>in</span> <span class='ocrx_word' id='word_1_157' title='bbox 1042 2294 1260 2360; x_wconf 90' lang='lat' dir='ltr'>lucem</span> <span class='ocrx_word' id='word_1_158' title='bbox 1317 2295 1390 2361; x_wconf 87' lang='lat' dir='ltr'>in</span> <span class='ocrx_word' id='word_1_159' title='bbox 1443 2295 1741 2359; x_wconf 92' lang='lat' dir='ltr'>omnium</span> <span class='ocrx_word' id='word_1_160' title='bbox 1786 2291 2318 2359; x_wconf 86' lang='lat' dir='ltr'>aedificationem.</span> <span class='ocrx_word' id='word_1_161' title='bbox 2407 2293 2584 2359; x_wconf 90' lang='lat' dir='ltr'>Nam</span> 
     </span>
     <span class='ocr_line' id='line_1_23' title="bbox 613 2378 2586 2464; baseline -0.001 -17"><span class='ocrx_word' id='word_1_162' title='bbox 613 2379 811 2447; x_wconf 73' lang='lat' dir='ltr'>video</span> <span class='ocrx_word' id='word_1_163' title='bbox 865 2380 939 2444; x_wconf 91' lang='lat' dir='ltr'>in</span> <span class='ocrx_word' id='word_1_164' title='bbox 998 2400 1203 2464; x_wconf 82' lang='lat' dir='ltr'>grave</span> <span class='ocrx_word' id='word_1_165' title='bbox 1263 2380 1736 2445; x_wconf 87' lang='lat' dir='ltr'>offendiculum</span> <span class='ocrx_word' id='word_1_166' title='bbox 1795 2378 2070 2457; x_wconf 90' lang='lat' dir='ltr'>multos,</span> <span class='ocrx_word' id='word_1_167' title='bbox 2131 2386 2200 2445; x_wconf 89' lang='lat' dir='ltr'>et</span> <span class='ocrx_word' id='word_1_168' title='bbox 2253 2399 2375 2462; x_wconf 90' lang='lat' dir='ltr'>per</span> <span class='ocrx_word' id='word_1_169' title='bbox 2431 2401 2586 2447; x_wconf 91' lang='lat' dir='ltr'>suos</span> 
     </span>
     <span class='ocr_line' id='line_1_24' title="bbox 611 2464 2584 2550; baseline -0.001 -18"><span class='ocrx_word' id='word_1_170' title='bbox 611 2486 774 2550; x_wconf 91' lang='lat' dir='ltr'>quos</span> <span class='ocrx_word' id='word_1_171' title='bbox 819 2466 1132 2531; x_wconf 90' lang='lat' dir='ltr'>emittunt</span> <span class='ocrx_word' id='word_1_172' title='bbox 1175 2465 1259 2531; x_wconf 88' lang='lat' dir='ltr'>ad</span> <span class='ocrx_word' id='word_1_173' title='bbox 1301 2467 1674 2549; x_wconf 87' lang='lat' dir='ltr'>pontificios</span> <span class='ocrx_word' id='word_1_174' title='bbox 1720 2474 1786 2530; x_wconf 89' lang='lat' dir='ltr'>et</span> <span class='ocrx_word' id='word_1_175' title='bbox 1827 2485 1947 2548; x_wconf 92' lang='lat' dir='ltr'>per</span> <span class='ocrx_word' id='word_1_176' title='bbox 1990 2464 2172 2543; x_wconf 90' lang='lat' dir='ltr'>alios,</span> <span class='ocrx_word' id='word_1_177' title='bbox 2219 2465 2584 2549; x_wconf 84' lang='lat' dir='ltr'>approbare</span> 
     </span>
     <span class='ocr_line' id='line_1_25' title="bbox 613 2549 2583 2634; baseline 0 -17"><span class='ocrx_word' id='word_1_178' title='bbox 613 2551 1072 2618; x_wconf 87' lang='lat' dir='ltr'>idololatriam.</span> <span class='ocrx_word' id='word_1_179' title='bbox 1162 2551 1265 2617; x_wconf 88' lang='lat' dir='ltr'>Ne</span> <span class='ocrx_word' id='word_1_180' title='bbox 1331 2550 1598 2617; x_wconf 87' lang='lat' dir='ltr'>differas</span> <span class='ocrx_word' id='word_1_181' title='bbox 1663 2572 1830 2629; x_wconf 93' lang='lat' dir='ltr'>eam,</span> <span class='ocrx_word' id='word_1_182' title='bbox 1898 2559 1965 2615; x_wconf 89' lang='lat' dir='ltr'>et</span> <span class='ocrx_word' id='word_1_183' title='bbox 2030 2551 2087 2615; x_wconf 88' lang='lat' dir='ltr'>si</span> <span class='ocrx_word' id='word_1_184' title='bbox 2153 2549 2313 2634; x_wconf 91' lang='lat' dir='ltr'>quid</span> <span class='ocrx_word' id='word_1_185' title='bbox 2376 2550 2583 2617; x_wconf 88' lang='lat' dir='ltr'>habes</span> 
     </span>
     <span class='ocr_line' id='line_1_26' title="bbox 613 2635 2583 2722; baseline -0.001 -19"><span class='ocrx_word' id='word_1_186' title='bbox 613 2636 789 2722; x_wconf 90' lang='lat' dir='ltr'>quod</span> <span class='ocrx_word' id='word_1_187' title='bbox 834 2637 920 2703; x_wconf 92' lang='lat' dir='ltr'>sit</span> <span class='ocrx_word' id='word_1_188' title='bbox 964 2659 1001 2702; x_wconf 93' lang='lat' dir='ltr'>e</span> <span class='ocrx_word' id='word_1_189' title='bbox 1047 2659 1119 2703; x_wconf 92' lang='lat' dir='ltr'>re</span> <span class='ocrx_word' id='word_1_190' title='bbox 1162 2637 1602 2717; x_wconf 89' lang='lat' dir='ltr'>ecclesiarum,</span> <span class='ocrx_word' id='word_1_191' title='bbox 1644 2657 1767 2720; x_wconf 91' lang='lat' dir='ltr'>pro</span> <span class='ocrx_word' id='word_1_192' title='bbox 1804 2635 2042 2720; x_wconf 91' lang='lat' dir='ltr'>quibus</span> <span class='ocrx_word' id='word_1_193' title='bbox 2086 2642 2153 2701; x_wconf 91' lang='lat' dir='ltr'>te</span> <span class='ocrx_word' id='word_1_194' title='bbox 2196 2645 2420 2703; x_wconf 81' lang='lat' dir='ltr'>servet</span> <span class='ocrx_word' id='word_1_195' title='bbox 2439 2635 2583 2702; x_wconf 88' lang='lat' dir='ltr'>Do-</span> 
     </span>
     <span class='ocr_line' id='line_1_27' title="bbox 609 2721 2581 2801; baseline 0 -12"><span class='ocrx_word' id='word_1_196' title='bbox 609 2724 855 2801; x_wconf 88' lang='lat' dir='ltr'>minus,</span> <span class='ocrx_word' id='word_1_197' title='bbox 899 2724 997 2788; x_wconf 89' lang='lat' dir='ltr'>ita</span> <span class='ocrx_word' id='word_1_198' title='bbox 1039 2722 1450 2788; x_wconf 86' lang='lat' dir='ltr'>laborantem</span> <span class='ocrx_word' id='word_1_199' title='bbox 1493 2732 1570 2788; x_wconf 90' lang='lat' dir='ltr'>ut</span> <span class='ocrx_word' id='word_1_200' title='bbox 1612 2724 1807 2787; x_wconf 88' lang='lat' dir='ltr'>iuxta</span> <span class='ocrx_word' id='word_1_201' title='bbox 1851 2721 2127 2787; x_wconf 85' lang='lat' dir='ltr'>verbum</span> <span class='ocrx_word' id='word_1_202' title='bbox 2162 2723 2434 2788; x_wconf 91' lang='lat' dir='ltr'>Domini</span> <span class='ocrx_word' id='word_1_203' title='bbox 2477 2723 2581 2789; x_wconf 86' lang='lat' dir='ltr'>tui</span> 
     </span>
     <span class='ocr_line' id='line_1_28' title="bbox 610 2806 2582 2892; baseline -0.001 -17"><span class='ocrx_word' id='word_1_204' title='bbox 610 2809 936 2875; x_wconf 89' lang='lat' dir='ltr'>rationem</span> <span class='ocrx_word' id='word_1_205' title='bbox 990 2807 1254 2874; x_wconf 86' lang='lat' dir='ltr'>habeas.</span> <span class='ocrx_word' id='word_1_206' title='bbox 1342 2807 1413 2873; x_wconf 90' lang='lat' dir='ltr'>Is</span> <span class='ocrx_word' id='word_1_207' title='bbox 1471 2808 1601 2892; x_wconf 68' lang='lat' dir='ltr'>qui⁴</span> <span class='ocrx_word' id='word_1_208' title='bbox 1641 2808 1907 2874; x_wconf 88' lang='lat' dir='ltr'>iubebat</span> <span class='ocrx_word' id='word_1_209' title='bbox 1961 2806 2217 2874; x_wconf 90' lang='lat' dir='ltr'>modico</span> <span class='ocrx_word' id='word_1_210' title='bbox 2271 2809 2371 2873; x_wconf 91' lang='lat' dir='ltr'>uti</span> <span class='ocrx_word' id='word_1_211' title='bbox 2425 2808 2582 2875; x_wconf 89' lang='lat' dir='ltr'>vino</span> 
     </span>
     <span class='ocr_line' id='line_1_29' title="bbox 608 2893 2582 2978; baseline -0.001 -16"><span class='ocrx_word' id='word_1_212' title='bbox 608 2896 821 2962; x_wconf 79' lang='lat' dir='ltr'>vetita</span> <span class='ocrx_word' id='word_1_213' title='bbox 864 2914 1037 2978; x_wconf 89' lang='lat' dir='ltr'>aqua</span> <span class='ocrx_word' id='word_1_214' title='bbox 1080 2904 1346 2977; x_wconf 89' lang='lat' dir='ltr'>propter</span> <span class='ocrx_word' id='word_1_215' title='bbox 1402 2894 1842 2974; x_wconf 88' lang='lat' dir='ltr'>stomachum,</span> <span class='ocrx_word' id='word_1_216' title='bbox 1903 2894 2066 2959; x_wconf 89' lang='lat' dir='ltr'>satis</span> <span class='ocrx_word' id='word_1_217' title='bbox 2109 2893 2356 2960; x_wconf 91' lang='lat' dir='ltr'>indicat</span> <span class='ocrx_word' id='word_1_218' title='bbox 2398 2894 2582 2962; x_wconf 80' lang='lat' dir='ltr'>vale-</span> 
     </span>
     <span class='ocr_line' id='line_1_30' title="bbox 609 2978 2582 3066; baseline -0.001 -19"><span class='ocrx_word' id='word_1_219' title='bbox 609 2981 863 3047; x_wconf 86' lang='lat' dir='ltr'>tudinis</span> <span class='ocrx_word' id='word_1_220' title='bbox 920 2981 1242 3045; x_wconf 91' lang='lat' dir='ltr'>rationem</span> <span class='ocrx_word' id='word_1_221' title='bbox 1297 2978 1667 3046; x_wconf 86' lang='lat' dir='ltr'>habendam</span> <span class='ocrx_word' id='word_1_222' title='bbox 1725 2980 1848 3045; x_wconf 88' lang='lat' dir='ltr'>tibi</span> <span class='ocrx_word' id='word_1_223' title='bbox 1901 2999 2062 3045; x_wconf 90' lang='lat' dir='ltr'>esse.</span> <span class='ocrx_word' id='word_1_224' title='bbox 2152 2978 2333 3047; x_wconf 88' lang='lat' dir='ltr'>Oura</span> <span class='ocrx_word' id='word_1_225' title='bbox 2374 2981 2582 3066; x_wconf 83' lang='lat' dir='ltr'>igitur</span> 
     </span>
     <span class='ocr_line' id='line_1_31' title="bbox 609 3064 2580 3150; baseline 0.001 -18"><span class='ocrx_word' id='word_1_226' title='bbox 609 3073 689 3133; x_wconf 91' lang='lat' dir='ltr'>ut</span> <span class='ocrx_word' id='word_1_227' title='bbox 730 3067 901 3132; x_wconf 89' lang='lat' dir='ltr'>bene</span> <span class='ocrx_word' id='word_1_228' title='bbox 946 3066 1188 3145; x_wconf 90' lang='lat' dir='ltr'>valeas,</span> <span class='ocrx_word' id='word_1_229' title='bbox 1234 3085 1361 3148; x_wconf 90' lang='lat' dir='ltr'>quo</span> <span class='ocrx_word' id='word_1_230' title='bbox 1402 3066 1614 3148; x_wconf 90' lang='lat' dir='ltr'>possis</span> <span class='ocrx_word' id='word_1_231' title='bbox 1655 3064 1957 3150; x_wconf 91' lang='lat' dir='ltr'>pluribus</span> <span class='ocrx_word' id='word_1_232' title='bbox 1982 3072 2051 3131; x_wconf 90' lang='lat' dir='ltr'>et</span> <span class='ocrx_word' id='word_1_233' title='bbox 2093 3065 2338 3133; x_wconf 86' lang='lat' dir='ltr'>diutius</span> <span class='ocrx_word' id='word_1_234' title='bbox 2381 3066 2580 3150; x_wconf 90' lang='lat' dir='ltr'>prod-</span> 
     </span>
     <span class='ocr_line' id='line_1_32' title="bbox 610 3148 2580 3236; baseline -0.001 -16"><span class='ocrx_word' id='word_1_235' title='bbox 610 3173 772 3220; x_wconf 87' lang='lat' dir='ltr'>esse.</span> <span class='ocrx_word' id='word_1_236' title='bbox 864 3148 1099 3216; x_wconf 80' lang='lat' dir='ltr'>Saluta</span> <span class='ocrx_word' id='word_1_237' title='bbox 1140 3171 1368 3217; x_wconf 92' lang='lat' dir='ltr'>omnes</span> <span class='ocrx_word' id='word_1_238' title='bbox 1422 3159 1825 3236; x_wconf 80' lang='lat' dir='ltr'>symmystas</span> <span class='ocrx_word' id='word_1_239' title='bbox 1876 3151 2050 3235; x_wconf 91' lang='lat' dir='ltr'>pios,</span> <span class='ocrx_word' id='word_1_240' title='bbox 2112 3173 2243 3217; x_wconf 88' lang='lat' dir='ltr'>non</span> <span class='ocrx_word' id='word_1_241' title='bbox 2284 3161 2580 3236; x_wconf 87' lang='lat' dir='ltr'>praeter-</span> 
     </span>
     <span class='ocr_line' id='line_1_33' title="bbox 607 3236 2581 3318; baseline 0 -15"><span class='ocrx_word' id='word_1_242' title='bbox 607 3238 704 3304; x_wconf 90' lang='lat' dir='ltr'>ito</span> <span class='ocrx_word' id='word_1_243' title='bbox 759 3236 1172 3303; x_wconf 77' lang='lat' dir='ltr'>Bernardino</span> <span class='ocrx_word' id='word_1_244' title='bbox 1185 3287 1200 3318; x_wconf 89' lang='lat'>‚</span> <span class='ocrx_word' id='word_1_245' title='bbox 1270 3236 1567 3303; x_wconf 90' lang='lat' dir='ltr'>consules</span> <span class='ocrx_word' id='word_1_246' title='bbox 1636 3245 1703 3303; x_wconf 90' lang='lat' dir='ltr'>et</span> <span class='ocrx_word' id='word_1_247' title='bbox 1774 3245 2079 3304; x_wconf 89' lang='lat' dir='ltr'>sanctum</span> <span class='ocrx_word' id='word_1_248' title='bbox 2137 3246 2443 3304; x_wconf 88' lang='lat' dir='ltr'>senatum</span> <span class='ocrx_word' id='word_1_249' title='bbox 2511 3243 2581 3305; x_wconf 90' lang='lat' dir='ltr'>et</span> 
     </span>
     <span class='ocr_line' id='line_1_34' title="bbox 609 3322 2578 3408; baseline 0.001 -19"><span class='ocrx_word' id='word_1_250' title='bbox 609 3322 931 3408; x_wconf 90' lang='lat' dir='ltr'>quidquid</span> <span class='ocrx_word' id='word_1_251' title='bbox 991 3326 1096 3388; x_wconf 90' lang='lat' dir='ltr'>est</span> <span class='ocrx_word' id='word_1_252' title='bbox 1152 3323 1440 3406; x_wconf 89' lang='lat' dir='ltr'>piorum,</span> <span class='ocrx_word' id='word_1_253' title='bbox 1502 3344 1779 3389; x_wconf 88' lang='lat' dir='ltr'>uxorem</span> <span class='ocrx_word' id='word_1_254' title='bbox 1833 3330 2016 3388; x_wconf 91' lang='lat' dir='ltr'>tuam</span> <span class='ocrx_word' id='word_1_255' title='bbox 2073 3343 2224 3389; x_wconf 88' lang='lat' dir='ltr'>cum</span> <span class='ocrx_word' id='word_1_256' title='bbox 2281 3324 2391 3407; x_wconf 92' lang='lat' dir='ltr'>pio</span> <span class='ocrx_word' id='word_1_257' title='bbox 2433 3323 2578 3391; x_wconf 88' lang='lat' dir='ltr'>Da-</span> 
     </span>
     <span class='ocr_line' id='line_1_35' title="bbox 607 3408 2574 3494; baseline 0 -19"><span class='ocrx_word' id='word_1_258' title='bbox 607 3411 770 3475; x_wconf 76' lang='lat' dir='ltr'>vidc.</span> <span class='ocrx_word' id='word_1_259' title='bbox 795 3410 852 3493; x_wconf 78' lang='lat'>⁹)</span> <span class='ocrx_word' id='word_1_260' title='bbox 950 3408 1182 3474; x_wconf 85' lang='lat' dir='ltr'>Nostri</span> <span class='ocrx_word' id='word_1_261' title='bbox 1238 3428 1466 3475; x_wconf 86' lang='lat' dir='ltr'>omnes</span> <span class='ocrx_word' id='word_1_262' title='bbox 1521 3415 1590 3475; x_wconf 91' lang='lat' dir='ltr'>te</span> <span class='ocrx_word' id='word_1_263' title='bbox 1655 3420 1936 3492; x_wconf 89' lang='lat' dir='ltr'>tuosque</span> <span class='ocrx_word' id='word_1_264' title='bbox 1998 3409 2216 3477; x_wconf 85' lang='lat' dir='ltr'>salvos</span> <span class='ocrx_word' id='word_1_265' title='bbox 2282 3411 2574 3494; x_wconf 90' lang='lat' dir='ltr'>cupiunt.</span> 
     </span>
     <span class='ocr_line' id='line_1_36' title="bbox 609 3491 2578 3580; baseline 0 -19"><span class='ocrx_word' id='word_1_266' title='bbox 609 3494 852 3561; x_wconf 84' lang='lat' dir='ltr'>Frater</span> <span class='ocrx_word' id='word_1_267' title='bbox 916 3491 1209 3558; x_wconf 90' lang='lat' dir='ltr'>nondum</span> <span class='ocrx_word' id='word_1_268' title='bbox 1273 3493 1471 3559; x_wconf 89' lang='lat' dir='ltr'>rediit</span> <span class='ocrx_word' id='word_1_269' title='bbox 1532 3496 1998 3580; x_wconf 85' lang='lat' dir='ltr'>Argentorate.</span> <span class='ocrx_word' id='word_1_270' title='bbox 2105 3495 2443 3562; x_wconf 77' lang='lat' dir='ltr'>Nicolaum</span> <span class='ocrx_word' id='word_1_271' title='bbox 2508 3501 2578 3561; x_wconf 90' lang='lat' dir='ltr'>et</span> 
     </span>
     <span class='ocr_line' id='line_1_37' title="bbox 609 3579 2358 3665; baseline 0.001 -19"><span class='ocrx_word' id='word_1_272' title='bbox 609 3580 887 3646; x_wconf 80' lang='lat' dir='ltr'>fratrem</span> <span class='ocrx_word' id='word_1_273' title='bbox 929 3579 1162 3645; x_wconf 87' lang='lat' dir='ltr'>saluta.</span> <span class='ocrx_word' id='word_1_274' title='bbox 1252 3580 1317 3646; x_wconf 91' lang='lat' dir='ltr'>N</span> <span class='ocrx_word' id='word_1_275' title='bbox 1319 3582 1561 3646; x_wconf 90' lang='lat' dir='ltr'>eocomi</span> <span class='ocrx_word' id='word_1_276' title='bbox 1609 3586 1667 3646; x_wconf 87' lang='lat'>8.</span> <span class='ocrx_word' id='word_1_277' title='bbox 1714 3579 2126 3665; x_wconf 81' lang='lat' dir='ltr'>Septembris</span> <span class='ocrx_word' id='word_1_278' title='bbox 2175 3586 2358 3648; x_wconf 83' lang='lat'>1543.</span> 
     </span>
    </p>
   </div>
   <div class='ocr_carea' id='block_1_4' title="bbox 1880 3701 2397 3769">
    <p class='ocr_par' dir='ltr' id='par_1_5' title="bbox 1880 3701 2397 3769">
     <span class='ocr_line' id='line_1_38' title="bbox 1880 3701 2397 3769; baseline 0.002 -2"><span class='ocrx_word' id='word_1_279' title='bbox 1880 3701 2184 3768; x_wconf 84' lang='lat' dir='ltr'>Farellus</span> <span class='ocrx_word' id='word_1_280' title='bbox 2228 3711 2397 3769; x_wconf 90' lang='lat' dir='ltr'>tuus.</span> 
     </span>
    </p>
   </div>
   <div class='ocr_carea' id='block_1_5' title="bbox 603 3870 2576 4386">
    <p class='ocr_par' dir='ltr' id='par_1_6' title="bbox 603 3870 2576 4386">
     <span class='ocr_line' id='line_1_39' title="bbox 780 3870 2575 3957; baseline 0.001 -19"><span class='ocrx_word' id='word_1_281' title='bbox 780 3872 951 3938; x_wconf 90' lang='lat' dir='ltr'>Heri</span> <span class='ocrx_word' id='word_1_282' title='bbox 994 3872 1202 3937; x_wconf 89' lang='lat' dir='ltr'>frater</span> <span class='ocrx_word' id='word_1_283' title='bbox 1244 3870 1440 3936; x_wconf 91' lang='lat' dir='ltr'>rediit</span> <span class='ocrx_word' id='word_1_284' title='bbox 1467 3873 1936 3957; x_wconf 83' lang='lat' dir='ltr'>Argentorato.</span> <span class='ocrx_word' id='word_1_285' title='bbox 2007 3874 2183 3940; x_wconf 86' lang='lat' dir='ltr'>Mira</span> <span class='ocrx_word' id='word_1_286' title='bbox 2222 3881 2452 3940; x_wconf 88' lang='lat' dir='ltr'>narrat</span> <span class='ocrx_word' id='word_1_287' title='bbox 2494 3874 2575 3940; x_wconf 94' lang='lat' dir='ltr'>de</span> 
     </span>
     <span class='ocr_line' id='line_1_40' title="bbox 654 3956 2576 4040; baseline 0.002 -17"><span class='ocrx_word' id='word_1_288' title='bbox 654 3957 870 4023; x_wconf 90' lang='lat' dir='ltr'>iorum</span> <span class='ocrx_word' id='word_1_289' title='bbox 916 3957 1155 4022; x_wconf 86' lang='lat' dir='ltr'>affectu</span> <span class='ocrx_word' id='word_1_290' title='bbox 1199 3957 1419 4037; x_wconf 86' lang='lat' dir='ltr'>Metis,</span> <span class='ocrx_word' id='word_1_291' title='bbox 1472 3978 1670 4040; x_wconf 90' lang='lat' dir='ltr'>quam</span> <span class='ocrx_word' id='word_1_292' title='bbox 1713 3956 1988 4024; x_wconf 85' lang='lat' dir='ltr'>ardeant</span> <span class='ocrx_word' id='word_1_293' title='bbox 2031 3980 2277 4026; x_wconf 91' lang='lat' dir='ltr'>omnes.</span> <span class='ocrx_word' id='word_1_294' title='bbox 2365 3959 2576 4025; x_wconf 92' lang='lat' dir='ltr'>Intel-</span> 
     </span>
     <span class='ocr_line' id='line_1_41' title="bbox 605 3979 2575 4130; baseline 0.001 -22"><span class='ocrx_word' id='word_1_295' title='bbox 605 3979 834 4109; x_wconf 56' lang='lat' dir='ltr'>fexisti</span> <span class='ocrx_word' id='word_1_296' title='bbox 876 4043 1276 4128; x_wconf 83' lang='lat' dir='ltr'>legationem</span> <span class='ocrx_word' id='word_1_297' title='bbox 1321 4044 1802 4126; x_wconf 88' lang='lat' dir='ltr'>pontificiorum</span> <span class='ocrx_word' id='word_1_298' title='bbox 1845 4065 1980 4110; x_wconf 91' lang='lat' dir='ltr'>non</span> <span class='ocrx_word' id='word_1_299' title='bbox 2022 4045 2188 4112; x_wconf 88' lang='lat' dir='ltr'>bene</span> <span class='ocrx_word' id='word_1_300' title='bbox 2231 4054 2575 4130; x_wconf 85' lang='lat' dir='ltr'>exceptam</span> 
     </span>
     <span class='ocr_line' id='line_1_42' title="bbox 609 4128 2575 4212; baseline 0.001 -17"><span class='ocrx_word' id='word_1_301' title='bbox 609 4128 694 4195; x_wconf 89' lang='lat' dir='ltr'>ab</span> <span class='ocrx_word' id='word_1_302' title='bbox 715 4128 1139 4212; x_wconf 89' lang='lat' dir='ltr'>Imperatore.</span> <span class='ocrx_word' id='word_1_303' title='bbox 1173 4131 1255 4209; x_wconf 89' lang='lat'>¹⁰)</span> <span class='ocrx_word' id='word_1_304' title='bbox 1323 4131 1574 4195; x_wconf 79' lang='lat' dir='ltr'>Tristes</span> <span class='ocrx_word' id='word_1_305' title='bbox 1618 4130 1960 4196; x_wconf 89' lang='lat' dir='ltr'>redierunt</span> <span class='ocrx_word' id='word_1_306' title='bbox 2001 4128 2148 4212; x_wconf 85' lang='lat' dir='ltr'>due,</span> <span class='ocrx_word' id='word_1_307' title='bbox 2186 4132 2421 4198; x_wconf 90' lang='lat' dir='ltr'>tertius</span> <span class='ocrx_word' id='word_1_308' title='bbox 2458 4130 2575 4198; x_wconf 91' lang='lat' dir='ltr'>ad-</span> 
     </span>
     <span class='ocr_line' id='line_1_43' title="bbox 608 4214 2575 4301; baseline 0.002 -20"><span class='ocrx_word' id='word_1_309' title='bbox 608 4215 739 4281; x_wconf 89' lang='lat' dir='ltr'>huc</span> <span class='ocrx_word' id='word_1_310' title='bbox 801 4217 873 4280; x_wconf 94' lang='lat' dir='ltr'>in</span> <span class='ocrx_word' id='word_1_311' title='bbox 939 4215 1092 4281; x_wconf 87' lang='lat' dir='ltr'>aula</span> <span class='ocrx_word' id='word_1_312' title='bbox 1156 4214 1400 4293; x_wconf 89' lang='lat' dir='ltr'>haesit,</span> <span class='ocrx_word' id='word_1_313' title='bbox 1480 4235 1684 4298; x_wconf 91' lang='lat' dir='ltr'>quum</span> <span class='ocrx_word' id='word_1_314' title='bbox 1762 4217 2083 4301; x_wconf 87' lang='lat' dir='ltr'>sanguine</span> <span class='ocrx_word' id='word_1_315' title='bbox 2155 4218 2244 4283; x_wconf 88' lang='lat' dir='ltr'>sit</span> <span class='ocrx_word' id='word_1_316' title='bbox 2307 4218 2575 4284; x_wconf 88' lang='lat' dir='ltr'>iunctus</span> 
     </span>
     <span class='ocr_line' id='line_1_44' title="bbox 603 4299 2574 4386; baseline 0 -18"><span class='ocrx_word' id='word_1_317' title='bbox 603 4300 670 4369; x_wconf 89' lang='lat' dir='ltr'>B</span> <span class='ocrx_word' id='word_1_318' title='bbox 705 4350 723 4367; x_wconf 91' lang='lat'>.</span> <span class='ocrx_word' id='word_1_319' title='bbox 762 4351 777 4366; x_wconf 94' lang='lat'>.</span> <span class='ocrx_word' id='word_1_320' title='bbox 817 4353 831 4367; x_wconf 92' lang='lat'>.</span> <span class='ocrx_word' id='word_1_321' title='bbox 872 4302 988 4386; x_wconf 89' lang='lat'>.¹¹)</span> <span class='ocrx_word' id='word_1_322' title='bbox 1075 4299 1319 4384; x_wconf 81' lang='lat' dir='ltr'>Sperat</span> <span class='ocrx_word' id='word_1_323' title='bbox 1360 4321 1480 4384; x_wconf 90' lang='lat' dir='ltr'>per</span> <span class='ocrx_word' id='word_1_324' title='bbox 1523 4302 1699 4367; x_wconf 90' lang='lat' dir='ltr'>hunc</span> <span class='ocrx_word' id='word_1_325' title='bbox 1743 4303 1988 4386; x_wconf 89' lang='lat' dir='ltr'>aliquid</span> <span class='ocrx_word' id='word_1_326' title='bbox 2032 4325 2103 4369; x_wconf 93' lang='lat' dir='ltr'>se</span> <span class='ocrx_word' id='word_1_327' title='bbox 2146 4302 2574 4370; x_wconf 91' lang='lat' dir='ltr'>obtenturum</span> 
     </span>
    </p>
   </div>
   <div class='ocr_carea' id='block_1_6' title="bbox 601 4486 2571 5327">
    <p class='ocr_par' dir='ltr' id='par_1_7' title="bbox 814 4486 1510 4553">
     <span class='ocr_line' id='line_1_45' title="bbox 814 4486 1510 4553; baseline 0.004 -13"><span class='ocrx_word' id='word_1_328' title='bbox 814 4486 875 4553; x_wconf 89' lang='grc'>6)</span> <span class='ocrx_word' id='word_1_329' title='bbox 915 4486 1214 4543; x_wconf 75' lang='lat' dir='ltr'>E&#39;brodani</span> <span class='ocrx_word' id='word_1_330' title='bbox 1243 4489 1510 4545; x_wconf 74' lang='lat' dir='ltr'>minister.</span> 
     </span>
    </p>

    <p class='ocr_par' dir='ltr' id='par_1_8' title="bbox 817 4553 1322 4625">
     <span class='ocr_line' id='line_1_46' title="bbox 817 4553 1322 4625; baseline 0.006 -18"><span class='ocrx_word' id='word_1_331' title='bbox 817 4553 877 4620; x_wconf 80' lang='grc'>7)</span> <span class='ocrx_word' id='word_1_332' title='bbox 910 4557 1205 4625; x_wconf 67' lang='lat' dir='ltr'>triplicitas</span> <span class='ocrx_word' id='word_1_333' title='bbox 1241 4555 1322 4623; x_wconf 66' lang='grc'>(9)</span> 
     </span>
    </p>

    <p class='ocr_par' dir='ltr' id='par_1_9' title="bbox 606 4623 2571 4764">
     <span class='ocr_line' id='line_1_47' title="bbox 815 4623 2571 4689; baseline 0.003 -12"><span class='ocrx_word' id='word_1_334' title='bbox 815 4623 876 4689; x_wconf 89' lang='grc'>8)</span> <span class='ocrx_word' id='word_1_335' title='bbox 915 4625 1131 4679; x_wconf 79' lang='lat' dir='ltr'>Nomen</span> <span class='ocrx_word' id='word_1_336' title='bbox 1160 4626 1411 4681; x_wconf 76' lang='lat' dir='ltr'>dubium.-</span> <span class='ocrx_word' id='word_1_337' title='bbox 1453 4625 1584 4680; x_wconf 81' lang='lat' dir='ltr'>Cod.</span> <span class='ocrx_word' id='word_1_338' title='bbox 1606 4624 1708 4680; x_wconf 86' lang='lat'>116</span> <span class='ocrx_word' id='word_1_339' title='bbox 1742 4628 1926 4683; x_wconf 78' lang='lat' dir='ltr'>habet:</span> <span class='ocrx_word' id='word_1_340' title='bbox 1973 4627 2253 4682; x_wconf 75' lang='lat' dir='ltr'>Vecenam.</span> <span class='ocrx_word' id='word_1_341' title='bbox 2307 4626 2571 4682; x_wconf 76' lang='lat' dir='ltr'>Fortasse</span> 
     </span>
     <span class='ocr_line' id='line_1_48' title="bbox 606 4692 2207 4764; baseline 0.002 -16"><span class='ocrx_word' id='word_1_342' title='bbox 606 4692 919 4763; x_wconf 70' lang='lat' dir='ltr'>leqendum:</span> <span class='ocrx_word' id='word_1_343' title='bbox 955 4693 1252 4749; x_wconf 80' lang='lat' dir='ltr'>Veronam.</span> <span class='ocrx_word' id='word_1_344' title='bbox 1326 4695 1439 4760; x_wconf 82' lang='lat' dir='ltr'>(Cf.</span> <span class='ocrx_word' id='word_1_345' title='bbox 1477 4694 1587 4763; x_wconf 82' lang='lat' dir='ltr'>Ep.</span> <span class='ocrx_word' id='word_1_346' title='bbox 1634 4696 1884 4751; x_wconf 71' lang='lat' dir='ltr'>Textoris</span> <span class='ocrx_word' id='word_1_347' title='bbox 1920 4693 2060 4749; x_wconf 82' lang='lat'>1544</span> <span class='ocrx_word' id='word_1_348' title='bbox 2088 4696 2207 4764; x_wconf 70' lang='lat' dir='ltr'>fin.)</span> 
     </span>
    </p>

    <p class='ocr_par' dir='ltr' id='par_1_10' title="bbox 603 4760 2569 4971">
     <span class='ocr_line' id='line_1_49' title="bbox 812 4760 2569 4834; baseline 0.002 -19"><span class='ocrx_word' id='word_1_349' title='bbox 812 4760 873 4828; x_wconf 83' lang='grc'>9)</span> <span class='ocrx_word' id='word_1_350' title='bbox 913 4760 1110 4817; x_wconf 73' lang='lat' dir='ltr'>David</span> <span class='ocrx_word' id='word_1_351' title='bbox 1143 4763 1209 4818; x_wconf 81' lang='lat' dir='ltr'>de</span> <span class='ocrx_word' id='word_1_352' title='bbox 1243 4764 1556 4833; x_wconf 81' lang='lat' dir='ltr'>Busanton‚</span> <span class='ocrx_word' id='word_1_353' title='bbox 1591 4768 1844 4834; x_wconf 72' lang='lat' dir='ltr'>seiqneur</span> <span class='ocrx_word' id='word_1_354' title='bbox 1889 4765 1966 4819; x_wconf 78' lang='lat' dir='ltr'>da</span> <span class='ocrx_word' id='word_1_355' title='bbox 2010 4765 2301 4834; x_wconf 74' lang='lat' dir='ltr'>Hainaat,</span> <span class='ocrx_word' id='word_1_356' title='bbox 2346 4779 2414 4819; x_wconf 68' lang='grc' dir='ltr'>ιω</span> <span class='ocrx_word' id='word_1_357' title='bbox 2465 4764 2569 4819; x_wconf 76' lang='lat' dir='ltr'>Ge·</span> 
     </span>
     <span class='ocr_line' id='line_1_50' title="bbox 604 4830 2568 4904; baseline 0.002 -20"><span class='ocrx_word' id='word_1_358' title='bbox 604 4846 802 4887; x_wconf 72' lang='lat' dir='ltr'>meaux</span> <span class='ocrx_word' id='word_1_359' title='bbox 835 4832 897 4884; x_wconf 77' lang='lat' dir='ltr'>in</span> <span class='ocrx_word' id='word_1_360' title='bbox 931 4830 1060 4885; x_wconf 77' lang='lat' dir='ltr'>Bur</span> <span class='ocrx_word' id='word_1_361' title='bbox 1095 4833 1271 4886; x_wconf 68' lang='lat' dir='ltr'>:india</span> <span class='ocrx_word' id='word_1_362' title='bbox 1316 4834 1615 4899; x_wconf 53' lang='lat' dir='ltr'>oriundus,</span> <span class='ocrx_word' id='word_1_363' title='bbox 1656 4840 1887 4903; x_wconf 81' lang='lat' dir='ltr'>propter</span> <span class='ocrx_word' id='word_1_364' title='bbox 1930 4834 2243 4904; x_wconf 70' lang='lat' dir='ltr'>reli‘qionem</span> <span class='ocrx_word' id='word_1_365' title='bbox 2292 4832 2568 4889; x_wconf 79' lang='lat' dir='ltr'>Genevam</span> 
     </span>
     <span class='ocr_line' id='line_1_51' title="bbox 603 4900 1908 4971; baseline 0.001 -15"><span class='ocrx_word' id='word_1_366' title='bbox 603 4905 957 4956; x_wconf 77' lang='lat' dir='ltr'>concesserat.</span> <span class='ocrx_word' id='word_1_367' title='bbox 1083 4902 1181 4956; x_wconf 76' lang='lat' dir='ltr'>biit</span> <span class='ocrx_word' id='word_1_368' title='bbox 1214 4900 1365 4956; x_wconf 80' lang='lat'>1545.</span> <span class='ocrx_word' id='word_1_369' title='bbox 1436 4902 1637 4971; x_wconf 76' lang='lat' dir='ltr'>(Haaq</span> <span class='ocrx_word' id='word_1_370' title='bbox 1670 4902 1762 4957; x_wconf 89' lang='lat'>11.</span> <span class='ocrx_word' id='word_1_371' title='bbox 1796 4902 1908 4967; x_wconf 89' lang='grc'>88.)</span> 
     </span>
    </p>

    <p class='ocr_par' dir='ltr' id='par_1_11' title="bbox 601 4968 2569 5327">
     <span class='ocr_line' id='line_1_52' title="bbox 779 4968 2567 5040; baseline 0.002 -18"><span class='ocrx_word' id='word_1_372' title='bbox 779 4968 873 5034; x_wconf 90' lang='grc'>10)</span> <span class='ocrx_word' id='word_1_373' title='bbox 914 4968 1063 5025; x_wconf 83' lang='lat' dir='ltr'>Ecce</span> <span class='ocrx_word' id='word_1_374' title='bbox 1094 4986 1213 5024; x_wconf 78' lang='lat' dir='ltr'>eum</span> <span class='ocrx_word' id='word_1_375' title='bbox 1259 4977 1517 5039; x_wconf 64' lang='lat' dir='ltr'>exoptata</span> <span class='ocrx_word' id='word_1_376' title='bbox 1561 4973 1738 5026; x_wconf 74' lang='lat' dir='ltr'>nimia</span> <span class='ocrx_word' id='word_1_377' title='bbox 1790 4971 2112 5026; x_wconf 74' lang='lat' dir='ltr'>credulitate</span> <span class='ocrx_word' id='word_1_378' title='bbox 2156 4971 2567 5040; x_wconf 66' lang='lat' dir='ltr'>amplexantem.</span> 
     </span>
     <span class='ocr_line' id='line_1_53' title="bbox 605 5037 2569 5110; baseline 0.002 -19"><span class='ocrx_word' id='word_1_379' title='bbox 605 5037 919 5106; x_wconf 79' lang='lat' dir='ltr'>Imperator</span> <span class='ocrx_word' id='word_1_380' title='bbox 954 5039 1186 5108; x_wconf 69' lang='lat' dir='ltr'>leqatum</span> <span class='ocrx_word' id='word_1_381' title='bbox 1218 5041 1367 5094; x_wconf 74' lang='lat' dir='ltr'>misit</span> <span class='ocrx_word' id='word_1_382' title='bbox 1400 5043 1498 5110; x_wconf 77' lang='lat' dir='ltr'>qui</span> <span class='ocrx_word' id='word_1_383' title='bbox 1517 5041 1844 5095; x_wconf 76' lang='lat' dir='ltr'>Metensium</span> <span class='ocrx_word' id='word_1_384' title='bbox 1867 5040 2211 5108; x_wconf 77' lang='lat' dir='ltr'>reformandi</span> <span class='ocrx_word' id='word_1_385' title='bbox 2225 5042 2569 5110; x_wconf 71' lang='lat' dir='ltr'>prun‘qinem</span> 
     </span>
     <span class='ocr_line' id='line_1_54' title="bbox 604 5107 2567 5230; baseline 0.002 -70"><span class='ocrx_word' id='word_1_386' title='bbox 604 5107 977 5230; x_wconf 52' lang='grc' dir='ltr'>ὁῇσυῖῃωαπιι</span> <span class='ocrx_word' id='word_1_387' title='bbox 1028 5115 1394 5176; x_wconf 81' lang='lat' dir='ltr'>compesceret.</span> <span class='ocrx_word' id='word_1_388' title='bbox 1503 5110 1639 5165; x_wconf 79' lang='lat' dir='ltr'>Vide</span> <span class='ocrx_word' id='word_1_389' title='bbox 1707 5110 1984 5164; x_wconf 68' lang='lat' dir='ltr'>Metiri-ese</span> <span class='ocrx_word' id='word_1_390' title='bbox 2045 5125 2104 5178; x_wconf 84' lang='lat' dir='ltr'>p.</span> <span class='ocrx_word' id='word_1_391' title='bbox 2159 5108 2227 5162; x_wconf 88' lang='grc'>89</span> <span class='ocrx_word' id='word_1_392' title='bbox 2284 5116 2335 5164; x_wconf 81' lang='lat' dir='ltr'>et</span> <span class='ocrx_word' id='word_1_393' title='bbox 2391 5124 2567 5177; x_wconf 77' lang='lat' dir='ltr'>supra</span> 
     </span>
     <span class='ocr_line' id='line_1_55' title="bbox 601 5243 2566 5327; baseline 0.002 -28"><span class='ocrx_word' id='word_1_394' title='bbox 601 5258 610 5267; x_wconf 87' lang='lat'><strong>·</strong></span> <span class='ocrx_word' id='word_1_395' title='bbox 775 5244 873 5327; x_wconf 75' lang='grc'>11)</span> <span class='ocrx_word' id='word_1_396' title='bbox 909 5243 1128 5300; x_wconf 71' lang='lat' dir='ltr'>Nomen</span> <span class='ocrx_word' id='word_1_397' title='bbox 1196 5244 1444 5313; x_wconf 72' lang='lat' dir='ltr'>dubium,</span> <span class='ocrx_word' id='word_1_398' title='bbox 1506 5248 1647 5302; x_wconf 66' lang='lat' dir='ltr'>sicut</span> <span class='ocrx_word' id='word_1_399' title='bbox 1704 5252 1756 5302; x_wconf 86' lang='lat' dir='ltr'>et</span> <span class='ocrx_word' id='word_1_400' title='bbox 1815 5246 1963 5317; x_wconf 72' lang='lat' dir='ltr'>quod</span> <span class='ocrx_word' id='word_1_401' title='bbox 2015 5250 2267 5316; x_wconf 70' lang='lat' dir='ltr'>proaeime</span> <span class='ocrx_word' id='word_1_402' title='bbox 2322 5247 2566 5316; x_wconf 74' lang='lat' dir='ltr'>sequitur</span> 
     </span>
    </p>
   </div>
   <div class='ocr_carea' id='block_1_7' title="bbox 2169 384 3082 455">
    <p class='ocr_par' dir='ltr' id='par_1_12' title="bbox 2169 384 3082 455">
     <span class='ocr_line' id='line_1_56' title="bbox 2169 384 3082 455; baseline -0.004 0"><span class='ocrx_word' id='word_1_403' title='bbox 2169 384 2701 455; x_wconf 76' lang='lat' dir='ltr'>EPISTOLAE</span> <span class='ocrx_word' id='word_1_404' title='bbox 2744 389 3082 452; x_wconf 84' lang='lat'>498—501</span> 
     </span>
    </p>
   </div>
   <div class='ocr_carea' id='block_1_8' title="bbox 2626 575 2646 5349">
    <p class='ocr_par' dir='ltr' id='par_1_13' title="bbox 2626 575 2646 5349">
     <span class='ocr_line' id='line_1_57' title="bbox 2626 575 2646 5349; baseline 0 0"><span class='ocrx_word' id='word_1_405' title='bbox 2626 575 2646 5349; x_wconf 95' lang='lat' dir='ltr'> </span> 
     </span>
    </p>
   </div>
   <div class='ocr_carea' id='block_1_9' title="bbox 4508 391 4623 454">
    <p class='ocr_par' dir='ltr' id='par_1_14' title="bbox 4508 391 4623 454">
     <span class='ocr_line' id='line_1_58' title="bbox 4508 391 4623 454; baseline 0.017 -2"><span class='ocrx_word' id='word_1_406' title='bbox 4508 391 4623 454; x_wconf 83' lang='lat'>612</span> 
     </span>
    </p>
   </div>
   <div class='ocr_carea' id='block_1_10' title="bbox 2684 574 4652 2200">
    <p class='ocr_par' dir='ltr' id='par_1_15' title="bbox 2684 574 4652 2200">
     <span class='ocr_line' id='line_1_59' title="bbox 2684 574 4631 660; baseline 0.001 -19"><span class='ocrx_word' id='word_1_407' title='bbox 2684 576 2765 641; x_wconf 88' lang='lat' dir='ltr'>ab</span> <span class='ocrx_word' id='word_1_408' title='bbox 2821 575 3244 660; x_wconf 87' lang='lat' dir='ltr'>Imperatore.</span> <span class='ocrx_word' id='word_1_409' title='bbox 3334 574 3585 643; x_wconf 77' lang='lat' dir='ltr'>Consul</span> <span class='ocrx_word' id='word_1_410' title='bbox 3612 578 3691 657; x_wconf 77' lang='lat'>¹²)</span> <span class='ocrx_word' id='word_1_411' title='bbox 3747 574 4043 641; x_wconf 88' lang='lat' dir='ltr'>nondum</span> <span class='ocrx_word' id='word_1_412' title='bbox 4105 576 4318 642; x_wconf 86' lang='lat' dir='ltr'>rediit.</span> <span class='ocrx_word' id='word_1_413' title='bbox 4406 577 4631 643; x_wconf 87' lang='lat' dir='ltr'>Ensis·</span> 
     </span>
     <span class='ocr_line' id='line_1_60' title="bbox 2684 660 4634 747; baseline 0.001 -20"><span class='ocrx_word' id='word_1_414' title='bbox 2684 682 2946 728; x_wconf 88' lang='lat' dir='ltr'>menses</span> <span class='ocrx_word' id='word_1_415' title='bbox 2992 683 3160 745; x_wconf 90' lang='lat' dir='ltr'>quae</span> <span class='ocrx_word' id='word_1_416' title='bbox 3203 664 3505 747; x_wconf 85' lang='lat' dir='ltr'>captivus</span> <span class='ocrx_word' id='word_1_417' title='bbox 3527 664 3608 743; x_wconf 70' lang='grc'>18)</span> <span class='ocrx_word' id='word_1_418' title='bbox 3653 660 3994 747; x_wconf 86' lang='lat' dir='ltr'>respondit</span> <span class='ocrx_word' id='word_1_419' title='bbox 4036 663 4121 729; x_wconf 90' lang='lat' dir='ltr'>ad</span> <span class='ocrx_word' id='word_1_420' title='bbox 4163 663 4634 747; x_wconf 89' lang='lat' dir='ltr'>Imperatorem</span> 
     </span>
     <span class='ocr_line' id='line_1_61' title="bbox 2685 746 4637 833; baseline 0 -20"><span class='ocrx_word' id='word_1_421' title='bbox 2685 748 3027 827; x_wconf 89' lang='lat' dir='ltr'>miserunt,</span> <span class='ocrx_word' id='word_1_422' title='bbox 3072 757 3140 814; x_wconf 90' lang='lat' dir='ltr'>et</span> <span class='ocrx_word' id='word_1_423' title='bbox 3181 751 3779 833; x_wconf 87' lang='lat' dir='ltr'>Argentoratenses</span> <span class='ocrx_word' id='word_1_424' title='bbox 3813 769 4068 832; x_wconf 92' lang='lat' dir='ltr'>quoque</span> <span class='ocrx_word' id='word_1_425' title='bbox 4110 750 4517 832; x_wconf 88' lang='lat' dir='ltr'>scripserunt</span> <span class='ocrx_word' id='word_1_426' title='bbox 4556 746 4637 814; x_wconf 89' lang='lat' dir='ltr'>ad</span> 
     </span>
     <span class='ocr_line' id='line_1_62' title="bbox 2689 833 4639 901; baseline 0 -2"><span class='ocrx_word' id='word_1_427' title='bbox 2689 833 3054 900; x_wconf 82' lang='lat' dir='ltr'>Gaesarem.</span> <span class='ocrx_word' id='word_1_428' title='bbox 3147 833 3418 901; x_wconf 68' lang='lat' dir='ltr'>Schema</span> <span class='ocrx_word' id='word_1_429' title='bbox 3459 855 3597 900; x_wconf 91' lang='lat' dir='ltr'>non</span> <span class='ocrx_word' id='word_1_430' title='bbox 3632 834 3847 900; x_wconf 90' lang='lat' dir='ltr'>solum</span> <span class='ocrx_word' id='word_1_431' title='bbox 3883 833 3967 901; x_wconf 90' lang='lat' dir='ltr'>ad</span> <span class='ocrx_word' id='word_1_432' title='bbox 4008 835 4476 901; x_wconf 87' lang='lat' dir='ltr'>Ensismenses</span> <span class='ocrx_word' id='word_1_433' title='bbox 4517 835 4639 900; x_wconf 82' lang='lat' dir='ltr'>ivit</span> 
     </span>
     <span class='ocr_line' id='line_1_63' title="bbox 2685 918 4639 1069; baseline 0.001 -85"><span class='ocrx_word' id='word_1_434' title='bbox 2685 939 2807 1005; x_wconf 87' lang='lat' dir='ltr'>pro</span> <span class='ocrx_word' id='word_1_435' title='bbox 2851 921 3112 1069; x_wconf 43' lang='lat' dir='ltr'>captivo</span> <span class='ocrx_word' id='word_1_436' title='bbox 3163 940 3314 985; x_wconf 89' lang='lat' dir='ltr'>cum</span> <span class='ocrx_word' id='word_1_437' title='bbox 3365 921 3576 987; x_wconf 89' lang='lat' dir='ltr'>literis</span> <span class='ocrx_word' id='word_1_438' title='bbox 3619 928 3917 1001; x_wconf 89' lang='lat' dir='ltr'>senatus,</span> <span class='ocrx_word' id='word_1_439' title='bbox 3978 918 4093 986; x_wconf 90' lang='lat' dir='ltr'>sed</span> <span class='ocrx_word' id='word_1_440' title='bbox 4137 921 4349 987; x_wconf 83' lang='lat' dir='ltr'>voluit</span> <span class='ocrx_word' id='word_1_441' title='bbox 4390 940 4639 1004; x_wconf 91' lang='lat' dir='ltr'>quoque</span> 
     </span>
     <span class='ocr_line' id='line_1_64' title="bbox 2685 1005 4642 1091; baseline 0.001 -21"><span class='ocrx_word' id='word_1_442' title='bbox 2685 1005 2819 1071; x_wconf 91' lang='lat' dir='ltr'>fide</span> <span class='ocrx_word' id='word_1_443' title='bbox 2860 1007 2928 1071; x_wconf 90' lang='lat' dir='ltr'>iu</span> <span class='ocrx_word' id='word_1_444' title='bbox 2976 1027 3085 1071; x_wconf 86' lang='lat' dir='ltr'>cre</span> <span class='ocrx_word' id='word_1_445' title='bbox 3121 1027 3239 1090; x_wconf 91' lang='lat' dir='ltr'>pro</span> <span class='ocrx_word' id='word_1_446' title='bbox 3275 1027 3385 1073; x_wconf 87' lang='lat' dir='ltr'>eo:</span> <span class='ocrx_word' id='word_1_447' title='bbox 3433 1015 3502 1073; x_wconf 91' lang='lat' dir='ltr'>et</span> <span class='ocrx_word' id='word_1_448' title='bbox 3544 1006 3754 1072; x_wconf 90' lang='lat' dir='ltr'>multa</span> <span class='ocrx_word' id='word_1_449' title='bbox 3790 1008 3923 1072; x_wconf 94' lang='lat' dir='ltr'>imo</span> <span class='ocrx_word' id='word_1_450' title='bbox 3958 1007 4177 1072; x_wconf 88' lang='lat' dir='ltr'>omnia</span> <span class='ocrx_word' id='word_1_451' title='bbox 4218 1008 4355 1091; x_wconf 85' lang='lat' dir='ltr'>egit</span> <span class='ocrx_word' id='word_1_452' title='bbox 4387 1027 4642 1072; x_wconf 89' lang='lat' dir='ltr'>summa</span> 
     </span>
     <span class='ocr_line' id='line_1_65' title="bbox 2685 1091 4643 1159; baseline 0.001 -3"><span class='ocrx_word' id='word_1_453' title='bbox 2685 1091 2815 1156; x_wconf 90' lang='lat' dir='ltr'>fide</span> <span class='ocrx_word' id='word_1_454' title='bbox 2871 1098 2949 1157; x_wconf 92' lang='lat' dir='ltr'>ut</span> <span class='ocrx_word' id='word_1_455' title='bbox 3003 1092 3251 1158; x_wconf 91' lang='lat' dir='ltr'>bonum</span> <span class='ocrx_word' id='word_1_456' title='bbox 3317 1093 3543 1159; x_wconf 80' lang='lat' dir='ltr'>virum</span> <span class='ocrx_word' id='word_1_457' title='bbox 3597 1092 3949 1158; x_wconf 88' lang='lat' dir='ltr'>liberatum</span> <span class='ocrx_word' id='word_1_458' title='bbox 4006 1101 4287 1158; x_wconf 88' lang='lat' dir='ltr'>curaret.</span> <span class='ocrx_word' id='word_1_459' title='bbox 4388 1092 4643 1158; x_wconf 89' lang='lat' dir='ltr'>Verum</span> 
     </span>
     <span class='ocr_line' id='line_1_66' title="bbox 2689 1176 4645 1264; baseline 0.001 -21"><span class='ocrx_word' id='word_1_460' title='bbox 2689 1176 2990 1243; x_wconf 81' lang='lat' dir='ltr'>Caesaris</span> <span class='ocrx_word' id='word_1_461' title='bbox 3041 1199 3428 1261; x_wconf 89' lang='lat' dir='ltr'>responsum</span> <span class='ocrx_word' id='word_1_462' title='bbox 3485 1186 3923 1264; x_wconf 85' lang='lat' dir='ltr'>exspectatur.</span> <span class='ocrx_word' id='word_1_463' title='bbox 4011 1178 4535 1263; x_wconf 87' lang='lat' dir='ltr'>Diligentissime</span> <span class='ocrx_word' id='word_1_464' title='bbox 4578 1184 4645 1244; x_wconf 83' lang='lat' dir='ltr'>et</span> 
     </span>
     <span class='ocr_line' id='line_1_67' title="bbox 2688 1263 4645 1347; baseline 0.002 -19"><span class='ocrx_word' id='word_1_465' title='bbox 2688 1265 3118 1347; x_wconf 88' lang='lat' dir='ltr'>Argentorati</span> <span class='ocrx_word' id='word_1_466' title='bbox 3156 1270 3223 1330; x_wconf 88' lang='lat' dir='ltr'>et</span> <span class='ocrx_word' id='word_1_467' title='bbox 3262 1263 3566 1330; x_wconf 86' lang='lat' dir='ltr'>Basileae</span> <span class='ocrx_word' id='word_1_468' title='bbox 3610 1284 3872 1330; x_wconf 89' lang='lat' dir='ltr'>causam</span> <span class='ocrx_word' id='word_1_469' title='bbox 3915 1264 4123 1332; x_wconf 84' lang='lat' dir='ltr'>vincti</span> <span class='ocrx_word' id='word_1_470' title='bbox 4171 1264 4645 1331; x_wconf 79' lang='lat' dir='ltr'>commendavi.</span> 
     </span>
     <span class='ocr_line' id='line_1_68' title="bbox 2687 1349 4646 1435; baseline 0.002 -22"><span class='ocrx_word' id='word_1_471' title='bbox 2687 1349 2827 1414; x_wconf 87' lang='lat' dir='ltr'>Vix</span> <span class='ocrx_word' id='word_1_472' title='bbox 2880 1357 3039 1432; x_wconf 87' lang='lat' dir='ltr'>puto</span> <span class='ocrx_word' id='word_1_473' title='bbox 3105 1349 3351 1433; x_wconf 88' lang='lat' dir='ltr'>aliquid</span> <span class='ocrx_word' id='word_1_474' title='bbox 3416 1359 3602 1416; x_wconf 87' lang='lat' dir='ltr'>tanta</span> <span class='ocrx_word' id='word_1_475' title='bbox 3665 1358 3967 1417; x_wconf 87' lang='lat' dir='ltr'>curatum</span> <span class='ocrx_word' id='word_1_476' title='bbox 4031 1350 4389 1435; x_wconf 87' lang='lat' dir='ltr'>diligentia.</span> <span class='ocrx_word' id='word_1_477' title='bbox 4502 1350 4646 1416; x_wconf 85' lang='lat' dir='ltr'>Has</span> 
     </span>
     <span class='ocr_line' id='line_1_69' title="bbox 2688 1434 4650 1503; baseline 0 -2"><span class='ocrx_word' id='word_1_478' title='bbox 2688 1456 2869 1501; x_wconf 90' lang='lat' dir='ltr'>eram</span> <span class='ocrx_word' id='word_1_479' title='bbox 2916 1434 3192 1502; x_wconf 90' lang='lat' dir='ltr'>daturus</span> <span class='ocrx_word' id='word_1_480' title='bbox 3241 1434 3529 1502; x_wconf 77' lang='lat' dir='ltr'>Gortesio.</span> <span class='ocrx_word' id='word_1_481' title='bbox 3629 1434 3767 1502; x_wconf 80' lang='lat' dir='ltr'>Sed</span> <span class='ocrx_word' id='word_1_482' title='bbox 3823 1458 3974 1503; x_wconf 88' lang='lat' dir='ltr'>cum</span> <span class='ocrx_word' id='word_1_483' title='bbox 4032 1436 4203 1502; x_wconf 89' lang='lat' dir='ltr'>bona</span> <span class='ocrx_word' id='word_1_484' title='bbox 4257 1436 4386 1502; x_wconf 87' lang='lat' dir='ltr'>fide</span> <span class='ocrx_word' id='word_1_485' title='bbox 4430 1436 4650 1501; x_wconf 87' lang='lat' dir='ltr'>omnia</span> 
     </span>
     <span class='ocr_line' id='line_1_70' title="bbox 2690 1520 4650 1607; baseline 0.001 -21"><span class='ocrx_word' id='word_1_486' title='bbox 2690 1522 2914 1605; x_wconf 89' lang='lat' dir='ltr'>agenti</span> <span class='ocrx_word' id='word_1_487' title='bbox 2956 1522 3168 1586; x_wconf 89' lang='lat' dir='ltr'>multa</span> <span class='ocrx_word' id='word_1_488' title='bbox 3208 1522 3341 1586; x_wconf 89' lang='lat' dir='ltr'>iam</span> <span class='ocrx_word' id='word_1_489' title='bbox 3387 1520 3638 1607; x_wconf 87' lang='lat' dir='ltr'>perfide</span> <span class='ocrx_word' id='word_1_490' title='bbox 3696 1524 3767 1586; x_wconf 95' lang='lat' dir='ltr'>in</span> <span class='ocrx_word' id='word_1_491' title='bbox 3824 1543 3932 1588; x_wconf 92' lang='lat' dir='ltr'>me</span> <span class='ocrx_word' id='word_1_492' title='bbox 3986 1523 4132 1588; x_wconf 91' lang='lat' dir='ltr'>fieri</span> <span class='ocrx_word' id='word_1_493' title='bbox 4174 1530 4523 1606; x_wconf 90' lang='lat' dir='ltr'>expertus,</span> <span class='ocrx_word' id='word_1_494' title='bbox 4581 1526 4650 1588; x_wconf 89' lang='lat' dir='ltr'>et</span> 
     </span>
     <span class='ocr_line' id='line_1_71' title="bbox 2688 1605 4648 1691; baseline 0.001 -20"><span class='ocrx_word' id='word_1_495' title='bbox 2688 1628 2894 1690; x_wconf 93' lang='lat' dir='ltr'>quum</span> <span class='ocrx_word' id='word_1_496' title='bbox 2928 1607 3473 1691; x_wconf 86' lang='lat' dir='ltr'>ingratitudinem</span> <span class='ocrx_word' id='word_1_497' title='bbox 3512 1608 3873 1674; x_wconf 89' lang='lat' dir='ltr'>maximam</span> <span class='ocrx_word' id='word_1_498' title='bbox 3914 1608 3986 1673; x_wconf 90' lang='lat' dir='ltr'>in</span> <span class='ocrx_word' id='word_1_499' title='bbox 4028 1630 4105 1674; x_wconf 93' lang='lat' dir='ltr'>eo</span> <span class='ocrx_word' id='word_1_500' title='bbox 4148 1608 4489 1686; x_wconf 88' lang='lat' dir='ltr'>senserim,</span> <span class='ocrx_word' id='word_1_501' title='bbox 4534 1605 4648 1672; x_wconf 89' lang='lat' dir='ltr'>ad-</span> 
     </span>
     <span class='ocr_line' id='line_1_72' title="bbox 2690 1693 4652 1776; baseline 0 -18"><span class='ocrx_word' id='word_1_502' title='bbox 2690 1693 2979 1759; x_wconf 87' lang='lat' dir='ltr'>monitus</span> <span class='ocrx_word' id='word_1_503' title='bbox 3033 1693 3116 1759; x_wconf 87' lang='lat' dir='ltr'>ab</span> <span class='ocrx_word' id='word_1_504' title='bbox 3173 1693 3392 1776; x_wconf 90' lang='lat' dir='ltr'>aliquo</span> <span class='ocrx_word' id='word_1_505' title='bbox 3444 1695 3726 1759; x_wconf 83' lang='lat' dir='ltr'>fratrum</span> <span class='ocrx_word' id='word_1_506' title='bbox 3783 1693 4024 1759; x_wconf 88' lang='lat' dir='ltr'>alteras</span> <span class='ocrx_word' id='word_1_507' title='bbox 4081 1693 4249 1761; x_wconf 92' lang='lat' dir='ltr'>dedi.</span> <span class='ocrx_word' id='word_1_508' title='bbox 4337 1694 4494 1760; x_wconf 87' lang='lat' dir='ltr'>Non</span> <span class='ocrx_word' id='word_1_509' title='bbox 4551 1697 4652 1759; x_wconf 89' lang='lat' dir='ltr'>est</span> 
     </span>
     <span class='ocr_line' id='line_1_73' title="bbox 2691 1776 4651 1864; baseline 0.001 -21"><span class='ocrx_word' id='word_1_510' title='bbox 2691 1778 2866 1862; x_wconf 92' lang='lat' dir='ltr'>quod</span> <span class='ocrx_word' id='word_1_511' title='bbox 2907 1786 2973 1844; x_wconf 89' lang='lat' dir='ltr'>te</span> <span class='ocrx_word' id='word_1_512' title='bbox 3029 1776 3418 1846; x_wconf 87' lang='lat' dir='ltr'>admoneam</span> <span class='ocrx_word' id='word_1_513' title='bbox 3471 1801 3668 1864; x_wconf 91' lang='lat' dir='ltr'>quem</span> <span class='ocrx_word' id='word_1_514' title='bbox 3725 1788 3790 1845; x_wconf 88' lang='lat' dir='ltr'>te</span> <span class='ocrx_word' id='word_1_515' title='bbox 3846 1779 4084 1847; x_wconf 87' lang='lat' dir='ltr'>debeas</span> <span class='ocrx_word' id='word_1_516' title='bbox 4193 1789 4484 1847; x_wconf 86' lang='lat' dir='ltr'>raestare</span> <span class='ocrx_word' id='word_1_517' title='bbox 4526 1779 4651 1845; x_wconf 89' lang='lat' dir='ltr'>mi-</span> 
     </span>
     <span class='ocr_line' id='line_1_74' title="bbox 2690 1865 4652 1950; baseline 0.002 -21"><span class='ocrx_word' id='word_1_518' title='bbox 2690 1885 2857 1945; x_wconf 85' lang='lat' dir='ltr'>sere,</span> <span class='ocrx_word' id='word_1_519' title='bbox 2902 1865 3013 1948; x_wconf 89' lang='lat' dir='ltr'>qui</span> <span class='ocrx_word' id='word_1_520' title='bbox 3056 1865 3223 1931; x_wconf 88' lang='lat' dir='ltr'>bene</span> <span class='ocrx_word' id='word_1_521' title='bbox 3265 1867 3532 1933; x_wconf 87' lang='lat' dir='ltr'>meritos</span> <span class='ocrx_word' id='word_1_522' title='bbox 3576 1868 3873 1950; x_wconf 88' lang='lat' dir='ltr'>pessime,</span> <span class='ocrx_word' id='word_1_523' title='bbox 3930 1875 4010 1931; x_wconf 91' lang='lat' dir='ltr'>ut</span> <span class='ocrx_word' id='word_1_524' title='bbox 4054 1888 4138 1932; x_wconf 90' lang='lat' dir='ltr'>au</span> <span class='ocrx_word' id='word_1_525' title='bbox 4184 1867 4281 1945; x_wconf 92' lang='lat' dir='ltr'>io,</span> <span class='ocrx_word' id='word_1_526' title='bbox 4335 1865 4652 1933; x_wconf 85' lang='lat' dir='ltr'>divexare</span> 
     </span>
     <span class='ocr_line' id='line_1_75' title="bbox 2691 1950 4652 2037; baseline 0.002 -22"><span class='ocrx_word' id='word_1_527' title='bbox 2691 1971 2828 2016; x_wconf 89' lang='lat' dir='ltr'>non</span> <span class='ocrx_word' id='word_1_528' title='bbox 2871 1951 3150 2017; x_wconf 88' lang='lat' dir='ltr'>erubuit.</span> <span class='ocrx_word' id='word_1_529' title='bbox 3243 1950 3323 2018; x_wconf 80' lang='lat' dir='ltr'>si</span> <span class='ocrx_word' id='word_1_530' title='bbox 3365 1974 3497 2036; x_wconf 90' lang='lat' dir='ltr'>qua</span> <span class='ocrx_word' id='word_1_531' title='bbox 3553 1973 3703 2036; x_wconf 90' lang='lat' dir='ltr'>spes</span> <span class='ocrx_word' id='word_1_532' title='bbox 3762 1953 3850 2017; x_wconf 90' lang='lat' dir='ltr'>sit</span> <span class='ocrx_word' id='word_1_533' title='bbox 3892 1951 4123 2018; x_wconf 89' lang='lat' dir='ltr'>salutis</span> <span class='ocrx_word' id='word_1_534' title='bbox 4165 1951 4419 2037; x_wconf 88' lang='lat' dir='ltr'>reliqua</span> <span class='ocrx_word' id='word_1_535' title='bbox 4460 1952 4652 2019; x_wconf 78' lang='lat' dir='ltr'>vide-</span> 
     </span>
     <span class='ocr_line' id='line_1_76' title="bbox 2689 2035 4650 2121; baseline 0.002 -20"><span class='ocrx_word' id='word_1_536' title='bbox 2689 2036 2811 2103; x_wconf 89' lang='lat' dir='ltr'>bis.</span> <span class='ocrx_word' id='word_1_537' title='bbox 2901 2037 3040 2102; x_wconf 84' lang='lat' dir='ltr'>Fao</span> <span class='ocrx_word' id='word_1_538' title='bbox 3092 2043 3169 2103; x_wconf 90' lang='lat' dir='ltr'>ut</span> <span class='ocrx_word' id='word_1_539' title='bbox 3227 2035 3308 2103; x_wconf 94' lang='lat' dir='ltr'>de</span> <span class='ocrx_word' id='word_1_540' title='bbox 3361 2039 3444 2104; x_wconf 91' lang='lat' dir='ltr'>iis</span> <span class='ocrx_word' id='word_1_541' title='bbox 3500 2059 3668 2121; x_wconf 91' lang='lat' dir='ltr'>quae</span> <span class='ocrx_word' id='word_1_542' title='bbox 3730 2037 3985 2105; x_wconf 87' lang='lat' dir='ltr'>iudicas</span> <span class='ocrx_word' id='word_1_543' title='bbox 4050 2038 4358 2105; x_wconf 85' lang='lat' dir='ltr'>certiores</span> <span class='ocrx_word' id='word_1_544' title='bbox 4423 2040 4650 2105; x_wconf 89' lang='lat' dir='ltr'>simus.</span> 
     </span>
     <span class='ocr_line' id='line_1_77' title="bbox 2691 2120 3802 2200; baseline 0.003 -14"><span class='ocrx_word' id='word_1_545' title='bbox 2691 2120 2862 2188; x_wconf 88' lang='lat' dir='ltr'>Vale</span> <span class='ocrx_word' id='word_1_546' title='bbox 2903 2144 3148 2190; x_wconf 90' lang='lat' dir='ltr'>rursus.</span> <span class='ocrx_word' id='word_1_547' title='bbox 3222 2128 3317 2189; x_wconf 90' lang='grc'><strong>10.</strong></span> <span class='ocrx_word' id='word_1_548' title='bbox 3366 2122 3686 2191; x_wconf 88' lang='lat' dir='ltr'>Octobris.</span> <span class='ocrx_word' id='word_1_549' title='bbox 3716 2125 3802 2200; x_wconf 81' lang='lat'>¹⁴)</span> 
     </span>
    </p>
   </div>
   <div class='ocr_carea' id='block_1_11' title="bbox 3575 2420 3869 2427">
    <p class='ocr_par' dir='ltr' id='par_1_16' title="bbox 3575 2420 3869 2427">
     <span class='ocr_line' id='line_1_78' title="bbox 3575 2420 3869 2427; baseline 0 0"><span class='ocrx_word' id='word_1_550' title='bbox 3575 2420 3777 2427; x_wconf 37' lang='grc' dir='ltr'>ᾗ..-</span> <span class='ocrx_word' id='word_1_551' title='bbox 3788 2420 3869 2427; x_wconf 45' lang='lat' dir='ltr'>-ae—</span> 
     </span>
    </p>
   </div>
   <div class='ocr_carea' id='block_1_12' title="bbox 3217 2654 4110 2861">
    <p class='ocr_par' dir='ltr' id='par_1_17' title="bbox 3217 2654 4110 2861">
     <span class='ocr_line' id='line_1_79' title="bbox 3594 2654 3748 2725; baseline 0.006 -1"><span class='ocrx_word' id='word_1_552' title='bbox 3594 2654 3748 2725; x_wconf 74' lang='lat'>499.</span> 
     </span>
     <span class='ocr_line' id='line_1_80' title="bbox 3217 2790 4110 2861; baseline 0.002 -4"><span class='ocrx_word' id='word_1_553' title='bbox 3217 2790 3626 2861; x_wconf 70' lang='lat' dir='ltr'>VIRETUS</span> <span class='ocrx_word' id='word_1_554' title='bbox 3670 2791 4110 2861; x_wconf 86' lang='lat' dir='ltr'>OALVINO.</span> 
     </span>
    </p>
   </div>
   <div class='ocr_carea' id='block_1_13' title="bbox 2683 2961 4659 3135">
    <p class='ocr_par' dir='ltr' id='par_1_18' title="bbox 2683 2961 4659 3135">
     <span class='ocr_line' id='line_1_81' title="bbox 2862 2961 4659 3049; baseline 0.003 -21"><span class='ocrx_word' id='word_1_555' title='bbox 2862 2961 3124 3029; x_wconf 62' lang='lat' dir='ltr'>Gon-tesia·</span> <span class='ocrx_word' id='word_1_556' title='bbox 3168 2963 3498 3030; x_wconf 79' lang='lat' dir='ltr'>adventum</span> <span class='ocrx_word' id='word_1_557' title='bbox 3538 2966 3814 3045; x_wconf 77' lang='lat' dir='ltr'>nunciat,</span> <span class='ocrx_word' id='word_1_558' title='bbox 3858 2984 4038 3047; x_wconf 81' lang='lat' dir='ltr'>quem</span> <span class='ocrx_word' id='word_1_559' title='bbox 4079 2970 4152 3032; x_wconf 67' lang='lat' dir='ltr'>ut</span> <span class='ocrx_word' id='word_1_560' title='bbox 4191 2965 4334 3033; x_wconf 83' lang='lat' dir='ltr'>bene</span> <span class='ocrx_word' id='word_1_561' title='bbox 4373 2966 4659 3049; x_wconf 62' lang='lat' dir='ltr'>excipiat</span> 
     </span>
     <span class='ocr_line' id='line_1_82' title="bbox 2683 3048 4654 3135; baseline 0.003 -21"><span class='ocrx_word' id='word_1_562' title='bbox 2683 3053 2877 3135; x_wconf 59' lang='grc' dir='ltr'>φοραί.</span> <span class='ocrx_word' id='word_1_563' title='bbox 2968 3048 3193 3115; x_wconf 67' lang='lat' dir='ltr'>Etiam</span> <span class='ocrx_word' id='word_1_564' title='bbox 3251 3049 3640 3118; x_wconf 78' lang='lat' dir='ltr'>Zebedaeum</span> <span class='ocrx_word' id='word_1_565' title='bbox 3702 3049 4020 3117; x_wconf 80' lang='lat' dir='ltr'>Genevam</span> <span class='ocrx_word' id='word_1_566' title='bbox 4061 3052 4326 3135; x_wconf 75' lang='lat' dir='ltr'>petiisse</span> <span class='ocrx_word' id='word_1_567' title='bbox 4375 3053 4654 3120; x_wconf 75' lang='lat' dir='ltr'>rescivit.</span> 
     </span>
    </p>
   </div>
   <div class='ocr_carea' id='block_1_14' title="bbox 2993 3220 4319 3293">
    <p class='ocr_par' dir='ltr' id='par_1_19' title="bbox 2993 3220 4319 3293">
     <span class='ocr_line' id='line_1_83' title="bbox 2993 3220 4319 3293; baseline 0.002 -18"><span class='ocrx_word' id='word_1_568' title='bbox 2993 3221 3103 3292; x_wconf 78' lang='lat' dir='ltr'>(Ex</span> <span class='ocrx_word' id='word_1_569' title='bbox 3136 3221 3478 3292; x_wconf 78' lang='lat' dir='ltr'>autographo</span> <span class='ocrx_word' id='word_1_570' title='bbox 3515 3221 3645 3278; x_wconf 87' lang='lat' dir='ltr'>Cod.</span> <span class='ocrx_word' id='word_1_571' title='bbox 3683 3220 3818 3277; x_wconf 84' lang='lat' dir='ltr'>Gen.</span> <span class='ocrx_word' id='word_1_572' title='bbox 3861 3221 4000 3277; x_wconf 74' lang='lat'>111⁸,</span> <span class='ocrx_word' id='word_1_573' title='bbox 4046 3225 4137 3280; x_wconf 77' lang='lat' dir='ltr'>tol.</span> <span class='ocrx_word' id='word_1_574' title='bbox 4173 3222 4319 3293; x_wconf 83' lang='lat'>129.)</span> 
     </span>
    </p>
   </div>
   <div class='ocr_carea' id='block_1_15' title="bbox 2674 3430 4659 4514">
    <p class='ocr_par' dir='ltr' id='par_1_20' title="bbox 2674 3430 4659 4514">
     <span class='ocr_line' id='line_1_84' title="bbox 4118 3430 4461 3497; baseline -0.003 -1"><span class='ocrx_word' id='word_1_575' title='bbox 4118 3430 4461 3497; x_wconf 82' lang='lat' dir='ltr'>carissimo</span> 
     </span>
     <span class='ocr_line' id='line_1_85' title="bbox 4218 3516 4566 3584; baseline 0 -1"><span class='ocrx_word' id='word_1_576' title='bbox 4218 3516 4566 3584; x_wconf 81' lang='lat' dir='ltr'>Genevae.</span> 
     </span>
     <span class='ocr_line' id='line_1_86' title="bbox 2853 3647 4659 3736; baseline 0.003 -19"><span class='ocrx_word' id='word_1_577' title='bbox 2853 3647 2924 3717; x_wconf 79' lang='lat' dir='ltr'>S.</span> <span class='ocrx_word' id='word_1_578' title='bbox 2992 3649 3299 3717; x_wconf 90' lang='lat' dir='ltr'>Arbitror</span> <span class='ocrx_word' id='word_1_579' title='bbox 3350 3656 3415 3716; x_wconf 91' lang='lat' dir='ltr'>te</span> <span class='ocrx_word' id='word_1_580' title='bbox 3469 3650 3698 3716; x_wconf 84' lang='lat' dir='ltr'>literas</span> <span class='ocrx_word' id='word_1_581' title='bbox 3749 3653 4105 3735; x_wconf 87' lang='lat' dir='ltr'>accepisse,</span> <span class='ocrx_word' id='word_1_582' title='bbox 4160 3673 4323 3736; x_wconf 86' lang='lat' dir='ltr'>quas</span> <span class='ocrx_word' id='word_1_583' title='bbox 4381 3654 4659 3721; x_wconf 81' lang='lat' dir='ltr'>Nicolao</span> 
     </span>
     <span class='ocr_line' id='line_1_87' title="bbox 2680 3733 4658 3824; baseline 0.003 -23"><span class='ocrx_word' id='word_1_584' title='bbox 2680 3734 2765 3801; x_wconf 91' lang='lat' dir='ltr'>ad</span> <span class='ocrx_word' id='word_1_585' title='bbox 2808 3742 2873 3802; x_wconf 92' lang='lat' dir='ltr'>te</span> <span class='ocrx_word' id='word_1_586' title='bbox 2928 3733 3094 3802; x_wconf 91' lang='lat' dir='ltr'>dedi.</span> <span class='ocrx_word' id='word_1_587' title='bbox 3184 3736 3407 3802; x_wconf 75' lang='lat' dir='ltr'>Tuum</span> <span class='ocrx_word' id='word_1_588' title='bbox 3454 3756 3850 3820; x_wconf 87' lang='lat' dir='ltr'>responsum</span> <span class='ocrx_word' id='word_1_589' title='bbox 3895 3746 4221 3824; x_wconf 89' lang='lat' dir='ltr'>exspecto.</span> <span class='ocrx_word' id='word_1_590' title='bbox 4310 3738 4528 3806; x_wconf 88' lang='lat' dir='ltr'>Venit</span> <span class='ocrx_word' id='word_1_591' title='bbox 4571 3739 4658 3806; x_wconf 86' lang='lat' dir='ltr'>ad</span> 
     </span>
     <span class='ocr_line' id='line_1_88' title="bbox 2679 3819 4657 3907; baseline 0.002 -20"><span class='ocrx_word' id='word_1_592' title='bbox 2679 3842 2787 3888; x_wconf 85' lang='lat' dir='ltr'>me</span> <span class='ocrx_word' id='word_1_593' title='bbox 2834 3819 3153 3889; x_wconf 69' lang='lat' dir='ltr'>cortesius</span> <span class='ocrx_word' id='word_1_594' title='bbox 3195 3843 3348 3888; x_wconf 91' lang='lat' dir='ltr'>cum</span> <span class='ocrx_word' id='word_1_595' title='bbox 3390 3821 3600 3887; x_wconf 87' lang='lat' dir='ltr'>literis</span> <span class='ocrx_word' id='word_1_596' title='bbox 3637 3821 3900 3889; x_wconf 63' lang='lat' dir='ltr'>Famem.</span> <span class='ocrx_word' id='word_1_597' title='bbox 3926 3825 3975 3907; x_wconf 85' lang='grc' dir='ltr'>ι&gt;</span> <span class='ocrx_word' id='word_1_598' title='bbox 4061 3824 4132 3890; x_wconf 92' lang='lat' dir='ltr'>Is</span> <span class='ocrx_word' id='word_1_599' title='bbox 4175 3825 4299 3892; x_wconf 84' lang='lat' dir='ltr'>tibi</span> <span class='ocrx_word' id='word_1_600' title='bbox 4341 3827 4657 3894; x_wconf 86' lang='lat' dir='ltr'>narrabit</span> 
     </span>
     <span class='ocr_line' id='line_1_89' title="bbox 2679 3905 4659 3996; baseline 0.003 -24"><span class='ocrx_word' id='word_1_601' title='bbox 2679 3905 2840 3993; x_wconf 90' lang='lat' dir='ltr'>quid</span> <span class='ocrx_word' id='word_1_602' title='bbox 2889 3927 3043 3973; x_wconf 87' lang='lat' dir='ltr'>cum</span> <span class='ocrx_word' id='word_1_603' title='bbox 3098 3906 3413 3974; x_wconf 89' lang='lat' dir='ltr'>fratribus</span> <span class='ocrx_word' id='word_1_604' title='bbox 3468 3908 3697 3993; x_wconf 84' lang='lat' dir='ltr'>egerit.</span> <span class='ocrx_word' id='word_1_605' title='bbox 3796 3909 4157 3975; x_wconf 89' lang='lat' dir='ltr'>Hominem</span> <span class='ocrx_word' id='word_1_606' title='bbox 4175 3911 4234 3996; x_wconf 82' lang='lat'>²)</span> <span class='ocrx_word' id='word_1_607' title='bbox 4287 3912 4526 3980; x_wconf 82' lang='lat' dir='ltr'>audies</span> <span class='ocrx_word' id='word_1_608' title='bbox 4589 3917 4659 3980; x_wconf 89' lang='lat' dir='ltr'>et</span> 
     </span>
     <span class='ocr_line' id='line_1_90' title="bbox 2678 3993 4657 4077; baseline 0.004 -18"><span class='ocrx_word' id='word_1_609' title='bbox 2678 3993 2965 4077; x_wconf 88' lang='lat' dir='ltr'>excipies</span> <span class='ocrx_word' id='word_1_610' title='bbox 3001 3999 3078 4058; x_wconf 88' lang='lat' dir='ltr'>ut</span> <span class='ocrx_word' id='word_1_611' title='bbox 3119 4001 3303 4060; x_wconf 88' lang='lat' dir='ltr'>tuam</span> <span class='ocrx_word' id='word_1_612' title='bbox 3349 3993 3534 4062; x_wconf 86' lang='lat' dir='ltr'>decet</span> <span class='ocrx_word' id='word_1_613' title='bbox 3574 3994 4052 4061; x_wconf 90' lang='lat' dir='ltr'>humanitatem</span> <span class='ocrx_word' id='word_1_614' title='bbox 4096 4003 4164 4060; x_wconf 90' lang='lat' dir='ltr'>et</span> <span class='ocrx_word' id='word_1_615' title='bbox 4207 3997 4657 4065; x_wconf 86' lang='lat' dir='ltr'>christianam</span> 
     </span>
     <span class='ocr_line' id='line_1_91' title="bbox 2676 4077 4655 4164; baseline 0.005 -21"><span class='ocrx_word' id='word_1_616' title='bbox 2676 4077 3087 4157; x_wconf 86' lang='lat' dir='ltr'>modestiam,</span> <span class='ocrx_word' id='word_1_617' title='bbox 3145 4079 3459 4163; x_wconf 89' lang='lat' dir='ltr'>dabisque</span> <span class='ocrx_word' id='word_1_618' title='bbox 3503 4100 3773 4164; x_wconf 90' lang='lat' dir='ltr'>operam</span> <span class='ocrx_word' id='word_1_619' title='bbox 3815 4088 3893 4146; x_wconf 89' lang='lat' dir='ltr'>ut</span> <span class='ocrx_word' id='word_1_620' title='bbox 3930 4083 4001 4147; x_wconf 90' lang='lat' dir='ltr'>in</span> <span class='ocrx_word' id='word_1_621' title='bbox 4046 4082 4260 4149; x_wconf 86' lang='lat' dir='ltr'>officio</span> <span class='ocrx_word' id='word_1_622' title='bbox 4303 4085 4655 4152; x_wconf 85' lang='lat' dir='ltr'>continea-</span> 
     </span>
     <span class='ocr_line' id='line_1_92' title="bbox 2679 4162 4657 4253; baseline 0.005 -24"><span class='ocrx_word' id='word_1_623' title='bbox 2679 4172 2807 4230; x_wconf 91' lang='lat' dir='ltr'>tur.</span> <span class='ocrx_word' id='word_1_624' title='bbox 2873 4162 3087 4230; x_wconf 90' lang='lat' dir='ltr'>Video</span> <span class='ocrx_word' id='word_1_625' title='bbox 3121 4164 3459 4232; x_wconf 91' lang='lat' dir='ltr'>hominem</span> <span class='ocrx_word' id='word_1_626' title='bbox 3495 4166 3769 4232; x_wconf 89' lang='lat' dir='ltr'>anxium</span> <span class='ocrx_word' id='word_1_627' title='bbox 3813 4166 4165 4234; x_wconf 91' lang='lat' dir='ltr'>admodum</span> <span class='ocrx_word' id='word_1_628' title='bbox 4208 4190 4336 4253; x_wconf 91' lang='lat' dir='ltr'>quo</span> <span class='ocrx_word' id='word_1_629' title='bbox 4378 4191 4457 4236; x_wconf 90' lang='lat' dir='ltr'>se</span> <span class='ocrx_word' id='word_1_630' title='bbox 4494 4193 4657 4238; x_wconf 80' lang='lat' dir='ltr'>ver-</span> 
     </span>
     <span class='ocr_line' id='line_1_93' title="bbox 2679 4251 4655 4339; baseline 0.004 -24"><span class='ocrx_word' id='word_1_631' title='bbox 2679 4256 2796 4328; x_wconf 90' lang='lat' dir='ltr'>tat,</span> <span class='ocrx_word' id='word_1_632' title='bbox 2841 4258 2910 4315; x_wconf 86' lang='lat' dir='ltr'>et</span> <span class='ocrx_word' id='word_1_633' title='bbox 2950 4251 3066 4333; x_wconf 90' lang='lat' dir='ltr'>qui</span> <span class='ocrx_word' id='word_1_634' title='bbox 3105 4259 3297 4336; x_wconf 87' lang='lat' dir='ltr'>egeat</span> <span class='ocrx_word' id='word_1_635' title='bbox 3340 4251 3591 4323; x_wconf 77' lang='lat' dir='ltr'>solatio,</span> <span class='ocrx_word' id='word_1_636' title='bbox 3680 4251 3989 4319; x_wconf 88' lang='lat' dir='ltr'>Arbitror</span> <span class='ocrx_word' id='word_1_637' title='bbox 4030 4255 4295 4338; x_wconf 89' lang='lat' dir='ltr'>penitus</span> <span class='ocrx_word' id='word_1_638' title='bbox 4335 4257 4655 4339; x_wconf 90' lang='lat' dir='ltr'>pecuniis</span> 
     </span>
     <span class='ocr_line' id='line_1_94' title="bbox 2678 4335 4655 4423; baseline 0.004 -22"><span class='ocrx_word' id='word_1_639' title='bbox 2678 4335 3108 4402; x_wconf 86' lang='lat' dir='ltr'>exhaustum:</span> <span class='ocrx_word' id='word_1_640' title='bbox 3147 4336 3307 4421; x_wconf 88' lang='lat' dir='ltr'>quid</span> <span class='ocrx_word' id='word_1_641' title='bbox 3342 4337 3596 4403; x_wconf 89' lang='lat' dir='ltr'>consilii</span> <span class='ocrx_word' id='word_1_642' title='bbox 3619 4346 3930 4420; x_wconf 90' lang='lat' dir='ltr'>sequatur</span> <span class='ocrx_word' id='word_1_643' title='bbox 3947 4340 4144 4423; x_wconf 89' lang='lat' dir='ltr'>plane</span> <span class='ocrx_word' id='word_1_644' title='bbox 4168 4343 4391 4407; x_wconf 85' lang='lat' dir='ltr'>nescit.</span> <span class='ocrx_word' id='word_1_645' title='bbox 4464 4343 4655 4409; x_wconf 88' lang='lat' dir='ltr'>Vide</span> 
     </span>
     <span class='ocr_line' id='line_1_95' title="bbox 2674 4422 4655 4514; baseline 0.005 -28"><span class='ocrx_word' id='word_1_646' title='bbox 2674 4422 2879 4506; x_wconf 87' lang='lat' dir='ltr'>igitur</span> <span class='ocrx_word' id='word_1_647' title='bbox 2920 4441 3050 4506; x_wconf 88' lang='lat' dir='ltr'>qua</span> <span class='ocrx_word' id='word_1_648' title='bbox 3088 4424 3345 4489; x_wconf 90' lang='lat' dir='ltr'>ratione</span> <span class='ocrx_word' id='word_1_649' title='bbox 3384 4422 3447 4489; x_wconf 88' lang='lat' dir='ltr'>ei</span> <span class='ocrx_word' id='word_1_650' title='bbox 3481 4423 3733 4490; x_wconf 85' lang='lat' dir='ltr'>consuli</span> <span class='ocrx_word' id='word_1_651' title='bbox 3774 4426 3995 4508; x_wconf 87' lang='lat' dir='ltr'>possit,</span> <span class='ocrx_word' id='word_1_652' title='bbox 4041 4432 4110 4491; x_wconf 90' lang='lat' dir='ltr'>et</span> <span class='ocrx_word' id='word_1_653' title='bbox 4151 4426 4309 4510; x_wconf 90' lang='lat' dir='ltr'>quid</span> <span class='ocrx_word' id='word_1_654' title='bbox 4348 4449 4460 4496; x_wconf 87' lang='lat' dir='ltr'>res</span> <span class='ocrx_word' id='word_1_655' title='bbox 4496 4429 4655 4514; x_wconf 88' lang='lat' dir='ltr'>ipsa</span> 
     </span>
    </p>
   </div>
   <div class='ocr_carea' id='block_1_16' title="bbox 2854 3426 4074 3513">
    <p class='ocr_par' dir='ltr' id='par_1_21' title="bbox 2854 3426 4074 3513">
     <span class='ocr_line' id='line_1_96' title="bbox 2854 3426 4074 3513; baseline 0.001 -18"><span class='ocrx_word' id='word_1_656' title='bbox 2854 3426 2995 3495; x_wconf 81' lang='lat' dir='ltr'>Suo</span> <span class='ocrx_word' id='word_1_657' title='bbox 3037 3427 3275 3494; x_wconf 85' lang='lat' dir='ltr'>Ioanni</span> <span class='ocrx_word' id='word_1_658' title='bbox 3317 3426 3600 3496; x_wconf 75' lang='lat' dir='ltr'>Calvino</span> <span class='ocrx_word' id='word_1_659' title='bbox 3643 3428 3836 3494; x_wconf 88' lang='lat' dir='ltr'>fratri</span> <span class='ocrx_word' id='word_1_660' title='bbox 3877 3451 4074 3513; x_wconf 88' lang='lat' dir='ltr'>quam</span> 
     </span>
    </p>
   </div>
   <div class='ocr_carea' id='block_1_17' title="bbox 2677 4562 2907 4570">
    <p class='ocr_par' dir='ltr' id='par_1_22' title="bbox 2677 4562 2907 4570">
     <span class='ocr_line' id='line_1_97' title="bbox 2677 4562 2907 4570; baseline 0 1597"><span class='ocrx_word' id='word_1_661' title='bbox 2677 4562 2907 4570; x_wconf 95' lang='lat' dir='ltr'> </span> 
     </span>
    </p>
   </div>
   <div class='ocr_carea' id='block_1_18' title="bbox 2672 4625 4651 4838">
    <p class='ocr_par' dir='ltr' id='par_1_23' title="bbox 2672 4625 4651 4838">
     <span class='ocr_line' id='line_1_98' title="bbox 2848 4625 4651 4767; baseline 0.007 -20"><span class='ocrx_word' id='word_1_662' title='bbox 2848 4625 2940 4763; x_wconf 56' lang='lat' dir='ltr'>ig}</span> <span class='ocrx_word' id='word_1_663' title='bbox 2979 4627 3261 4753; x_wconf 48' lang='lat' dir='ltr'>ffidw&#39;</span> <span class='ocrx_word' id='word_1_664' title='bbox 3278 4696 3404 4752; x_wconf 72' lang='lat' dir='ltr'>vide</span> <span class='ocrx_word' id='word_1_665' title='bbox 3463 4697 3575 4767; x_wconf 75' lang='lat' dir='ltr'>Ep.</span> <span class='ocrx_word' id='word_1_666' title='bbox 3631 4697 3792 4752; x_wconf 63' lang='lat' dir='ltr'>Zoaii</span> <span class='ocrx_word' id='word_1_667' title='bbox 3844 4699 3921 4754; x_wconf 84' lang='lat' dir='ltr'>N.</span> <span class='ocrx_word' id='word_1_668' title='bbox 3966 4698 4088 4753; x_wconf 78' lang='lat'>496.</span> <span class='ocrx_word' id='word_1_669' title='bbox 4174 4701 4528 4758; x_wconf 55' lang='lat' dir='ltr'>mammii</span> <span class='ocrx_word' id='word_1_670' title='bbox 4583 4704 4651 4758; x_wconf 69' lang='lat' dir='ltr'>in</span> 
     </span>
     <span class='ocr_line' id='line_1_99' title="bbox 2672 4763 4650 4838; baseline 0.005 -19"><span class='ocrx_word' id='word_1_671' title='bbox 2672 4763 2896 4819; x_wconf 76' lang='lat' dir='ltr'>Alsatia</span> <span class='ocrx_word' id='word_1_672' title='bbox 2928 4766 3211 4834; x_wconf 70' lang='lat' dir='ltr'>superiore</span> <span class='ocrx_word' id='word_1_673' title='bbox 3244 4766 3396 4820; x_wconf 78' lang='lat' dir='ltr'>sedes</span> <span class='ocrx_word' id='word_1_674' title='bbox 3443 4772 3564 4821; x_wconf 83' lang='lat' dir='ltr'>erat</span> <span class='ocrx_word' id='word_1_675' title='bbox 3599 4767 3979 4836; x_wconf 74' lang='lat' dir='ltr'>praefecturae</span> <span class='ocrx_word' id='word_1_676' title='bbox 4014 4771 4380 4838; x_wconf 53' lang='lat' dir='ltr'>promentis</span> <span class='ocrx_word' id='word_1_677' title='bbox 4424 4776 4650 4828; x_wconf 69' lang='lat' dir='ltr'>austra·-</span> 
     </span>
    </p>
   </div>
   <div class='ocr_carea' id='block_1_19' title="bbox 2666 4900 4651 5387">
    <p class='ocr_par' dir='ltr' id='par_1_24' title="bbox 2669 4900 4651 5095">
     <span class='ocr_line' id='line_1_100' title="bbox 2845 4900 4651 4978; baseline 0.007 -24"><span class='ocrx_word' id='word_1_678' title='bbox 2845 4901 2939 4969; x_wconf 81' lang='lat'>14)</span> <span class='ocrx_word' id='word_1_679' title='bbox 2986 4900 3312 4958; x_wconf 69' lang='lat' dir='ltr'>Turi-etima</span> <span class='ocrx_word' id='word_1_680' title='bbox 3346 4909 3395 4957; x_wconf 85' lang='lat' dir='ltr'>et</span> <span class='ocrx_word' id='word_1_681' title='bbox 3433 4903 3695 4959; x_wconf 72' lang='lat' dir='ltr'>simlenas</span> <span class='ocrx_word' id='word_1_682' title='bbox 3718 4903 3808 4958; x_wconf 75' lang='lat' dir='ltr'>hic</span> <span class='ocrx_word' id='word_1_683' title='bbox 3828 4921 4067 4962; x_wconf 79' lang='lat' dir='ltr'>errorem</span> <span class='ocrx_word' id='word_1_684' title='bbox 4088 4908 4256 4964; x_wconf 83' lang='lat' dir='ltr'>latere</span> <span class='ocrx_word' id='word_1_685' title='bbox 4276 4910 4651 4978; x_wconf 57' lang='lat' dir='ltr'>caepim</span> 
     </span>
     <span class='ocr_line' id='line_1_101' title="bbox 2671 4972 4648 5049; baseline 0.006 -25"><span class='ocrx_word' id='word_1_686' title='bbox 2671 4986 2835 5041; x_wconf 70' lang='lat' dir='ltr'>quam</span> <span class='ocrx_word' id='word_1_687' title='bbox 2879 4987 2992 5026; x_wconf 76' lang='lat' dir='ltr'>non</span> <span class='ocrx_word' id='word_1_688' title='bbox 3036 4972 3289 5027; x_wconf 77' lang='lat' dir='ltr'>credibile</span> <span class='ocrx_word' id='word_1_689' title='bbox 3338 4973 3410 5027; x_wconf 80' lang='lat' dir='ltr'>sit</span> <span class='ocrx_word' id='word_1_690' title='bbox 3468 4972 3751 5027; x_wconf 75' lang='lat' dir='ltr'>Farellam</span> <span class='ocrx_word' id='word_1_691' title='bbox 3805 4974 3998 5031; x_wconf 78' lang='lat' dir='ltr'>literae</span> <span class='ocrx_word' id='word_1_692' title='bbox 4040 4991 4175 5032; x_wconf 77' lang='lat' dir='ltr'>suae</span> <span class='ocrx_word' id='word_1_693' title='bbox 4217 4993 4317 5047; x_wconf 75' lang='lat' dir='ltr'>per</span> <span class='ocrx_word' id='word_1_694' title='bbox 4360 4982 4648 5049; x_wconf 58' lang='lat' dir='ltr'>&amp;uteorum</span> 
     </span>
     <span class='ocr_line' id='line_1_102' title="bbox 2669 5040 4015 5095; baseline -0.003 0"><span class='ocrx_word' id='word_1_695' title='bbox 2669 5055 2896 5095; x_wconf 78' lang='lat' dir='ltr'>mensem</span> <span class='ocrx_word' id='word_1_696' title='bbox 2934 5040 3086 5094; x_wconf 71' lang='lat' dir='ltr'>domi</span> <span class='ocrx_word' id='word_1_697' title='bbox 3112 5041 3417 5095; x_wconf 72' lang='lat' dir='ltr'>retinuisse.</span> <span class='ocrx_word' id='word_1_698' title='bbox 4008 5048 4015 5055; x_wconf 76' lang='grc'><strong>“</strong></span> 
     </span>
    </p>

    <p class='ocr_par' dir='ltr' id='par_1_25' title="bbox 2708 5105 3853 5181">
     <span class='ocr_line' id='line_1_103' title="bbox 2708 5105 3853 5181; baseline 0.002 -18"><span class='ocrx_word' id='word_1_699' title='bbox 2708 5105 2844 5170; x_wconf 73' lang='grc'>499.</span> <span class='ocrx_word' id='word_1_700' title='bbox 2883 5107 2943 5171; x_wconf 86' lang='grc'>1)</span> <span class='ocrx_word' id='word_1_701' title='bbox 2985 5108 3071 5175; x_wconf 82' lang='lat' dir='ltr'>Of.</span> <span class='ocrx_word' id='word_1_702' title='bbox 3105 5109 3510 5178; x_wconf 77' lang='lat' dir='ltr'>praecedentem</span> <span class='ocrx_word' id='word_1_703' title='bbox 3543 5111 3643 5165; x_wconf 76' lang='lat' dir='ltr'>sub</span> <span class='ocrx_word' id='word_1_704' title='bbox 3664 5110 3853 5181; x_wconf 77' lang='lat' dir='ltr'>finem.</span> 
     </span>
    </p>

    <p class='ocr_par' dir='ltr' id='par_1_26' title="bbox 2666 5176 4647 5387">
     <span class='ocr_line' id='line_1_104' title="bbox 2874 5176 4647 5250; baseline 0.006 -20"><span class='ocrx_word' id='word_1_705' title='bbox 2874 5176 2935 5244; x_wconf 80' lang='lat'>2)</span> <span class='ocrx_word' id='word_1_706' title='bbox 2977 5176 3044 5231; x_wconf 80' lang='lat' dir='ltr'>Si</span> <span class='ocrx_word' id='word_1_707' title='bbox 3074 5179 3211 5250; x_wconf 69' lang='lat' dir='ltr'>quid</span> <span class='ocrx_word' id='word_1_708' title='bbox 3250 5178 3524 5250; x_wconf 71' lang='lat' dir='ltr'>videmus,</span> <span class='ocrx_word' id='word_1_709' title='bbox 3567 5180 3714 5234; x_wconf 75' lang='lat' dir='ltr'>inter</span> <span class='ocrx_word' id='word_1_710' title='bbox 3757 5181 4122 5237; x_wconf 74' lang='lat' dir='ltr'>dissensiones</span> <span class='ocrx_word' id='word_1_711' title='bbox 4169 5182 4431 5239; x_wconf 76' lang='lat' dir='ltr'>Neocomi</span> <span class='ocrx_word' id='word_1_712' title='bbox 4478 5191 4647 5240; x_wconf 75' lang='lat' dir='ltr'>ortae</span> 
     </span>
     <span class='ocr_line' id='line_1_105' title="bbox 2671 5246 4647 5372; baseline 0.005 -72"><span class='ocrx_word' id='word_1_713' title='bbox 2671 5246 2787 5301; x_wconf 82' lang='lat' dir='ltr'>loco</span> <span class='ocrx_word' id='word_1_714' title='bbox 2835 5261 2961 5372; x_wconf 58' lang='lat' dir='ltr'>:huot</span> <span class='ocrx_word' id='word_1_715' title='bbox 2997 5252 3195 5316; x_wconf 73' lang='lat' dir='ltr'>pulsus</span> <span class='ocrx_word' id='word_1_716' title='bbox 3247 5248 3361 5314; x_wconf 77' lang='lat' dir='ltr'>suit</span> <span class='ocrx_word' id='word_1_717' title='bbox 3416 5255 3470 5303; x_wconf 78' lang='lat' dir='ltr'>et</span> <span class='ocrx_word' id='word_1_718' title='bbox 3524 5264 3724 5305; x_wconf 73' lang='lat' dir='ltr'>novam</span> <span class='ocrx_word' id='word_1_719' title='bbox 3780 5249 4024 5321; x_wconf 74' lang='lat' dir='ltr'>aliquam</span> <span class='ocrx_word' id='word_1_720' title='bbox 4088 5251 4197 5307; x_wconf 62' lang='lat' dir='ltr'>oizi</span> <span class='ocrx_word' id='word_1_721' title='bbox 4262 5253 4647 5310; x_wconf 68' lang='lat' dir='ltr'>conditionem</span> 
     </span>
     <span class='ocr_line' id='line_1_106' title="bbox 2666 5331 3884 5387; baseline 0.005 -18"><span class='ocrx_word' id='word_1_722' title='bbox 2666 5331 2836 5387; x_wconf 70' lang='lat' dir='ltr'>quaer</span> <span class='ocrx_word' id='word_1_723' title='bbox 2898 5331 2934 5371; x_wconf 92' lang='lat' dir='ltr'>a</span> <span class='ocrx_word' id='word_1_724' title='bbox 2959 5357 2971 5369; x_wconf 91' lang='lat'>.</span> <span class='ocrx_word' id='word_1_725' title='bbox 3881 5372 3884 5375; x_wconf 78' lang='grc'>,</span> 
     </span>
    </p>
   </div>
   <div class='ocr_carea' id='block_1_20' title="bbox 4989 128 4994 1097">
    <p class='ocr_par' dir='ltr' id='par_1_27' title="bbox 4989 128 4994 1097">
     <span class='ocr_line' id='line_1_107' title="bbox 4989 128 4994 1097; baseline 0 0"><span class='ocrx_word' id='word_1_726' title='bbox 4989 128 4994 1097; x_wconf 95' lang='lat' dir='ltr'> </span> 
     </span>
    </p>
   </div>
  </div>
 </body>
</html>
