5050 6167
527 446 660 512 247

536 627 861 699 eiusmodi
895 649 1161 717 consors
1204 627 1459 697 Christi
1503 629 1940 714 eohaeresque
1973 629 2150 696 vitae
2185 636 2496 695 aeternae

537 738 580 782 a
619 716 808 784 nobis
850 738 994 783 esse
1029 712 1351 793 ereditur,
1406 715 1910 799 libertatemque
1965 714 2267 780 mutandi
2317 715 2496 780 vitae

623 825 749 870 nus
802 801 1032 880 habet,
1090 801 1282 867 modo
1337 800 1405 865 id
1459 800 1756 886 legitime
1808 802 2042 885 pieque
2092 801 2165 865 in
2207 800 2494 866 Domino

841 886 1038 969 Quod
1097 888 1153 953 si
1209 886 1521 954 ecclesiae
1576 887 1907 970 praesenti
1960 887 2247 971 placeret
2290 907 2366 952 ac
2410 908 2494 952 ex

534 995 610 1041 re
645 975 786 1041 eius
829 981 1019 1053 esset,
1061 972 1148 1054 id,
1194 974 1447 1056 quoties
1481 970 1607 1039 sibi
1805 972 1956 1038 ’bile
1999 980 2067 1037 et
2104 971 2312 1051 facile,
2358 994 2493 1038 non

535 1060 751 1126 solum
775 1089 779 1093 ·
807 1080 942 1124 non
996 1058 1410 1125 interdicitur
1452 1057 1575 1125 sibi
1627 1080 1667 1123 a
1767 1058 1978 1124 officio
2032 1058 2494 1141 functioneque

535 1144 977 1212 ecclesiastica
992 1196 1008 1223 ,
1088 1166 1324 1210 verum
1400 1144 1758 1227 quemlibet
1820 1143 2021 1209 talem
2083 1144 2494 1228 gratulantes

535 1240 721 1297 tanto
766 1231 938 1297 bono
981 1226 1368 1297 adiuvamus
1412 1251 1488 1296 ac
1535 1251 1687 1296 suas
1729 1241 1951 1313 partes
1995 1230 2271 1314 agimus.
2357 1230 2493 1294 Ve-

534 1338 687 1382 rum
730 1317 799 1382 id
839 1316 1041 1382 nimis
1084 1336 1310 1381 rarum
1351 1325 1453 1382 est
1494 1315 1667 1399 apud
1708 1337 1857 1394 nos,
1914 1317 2158 1399 partim
2212 1314 2295 1380 ob
2338 1335 2493 1382 cau-

534 1422 642 1470 sas
685 1403 986 1486 superius
1029 1401 1354 1480 recitatas,
1401 1401 1644 1486 partim
1687 1400 1857 1485 quod
1901 1402 2212 1485 perpauci
2254 1401 2494 1466 horum

533 1489 978 1572 reperiantur,
1043 1488 1158 1570 qui
1221 1487 1503 1572 gratiam
1557 1487 1996 1553 continentiae
2061 1509 2101 1552 a
2154 1486 2300 1551 Deo
2367 1486 2492 1553 sibi

534 1594 907 1641 concessam
945 1572 1281 1651 habentes,
1325 1574 1395 1637 in
1429 1594 1633 1657 eaque
1668 1572 1898 1638 multis
1942 1572 2348 1657 temporibus
2381 1573 2491 1657 pie

532 1667 1032 1744 perseverantes
1047 1709 1063 1737 ,
1118 1658 1374 1725 levibus
1429 1657 1663 1724 deinde
1718 1658 1932 1725 causis
1986 1659 2219 1743 perciti
2262 1668 2491 1724 contu-

532 1747 807 1811 maciter
872 1766 1019 1810 eam
1081 1744 1399 1812 abiiciunt
1463 1743 1902 1829 perdantque,
1968 1754 2046 1809 ut
2098 1767 2234 1811 non
2293 1744 2489 1810 simul

534 1832 846 1897 amittant
895 1831 1361 1897 conscientiam
1426 1851 1681 1914 quoque
1744 1831 1981 1898 bonam
2036 1852 2194 1916 erga
2247 1829 2487 1908 Deum,

533 1918 777 2000 quique
820 1914 1090 2000 perinde
1132 1937 1209 1981 ac
1250 1916 1500 1983 Demas
1541 1917 1671 1996 ille,
1717 1917 1904 1981 cuius
1947 1917 2350 1982 mentionem
2391 1917 2489 1981 fa-

531 2003 620 2070 cit
660 2002 992 2086 apostolus
1036 2002 1119 2067 ad
1163 2001 1603 2081 Timotheum,
1649 2022 1781 2067 non
1826 2000 2167 2068 discedant
2208 2012 2355 2086 post
2391 2002 2488 2066 di-

527 2088 873 2154 lectionem
944 2087 1141 2153 huius
1205 2087 1448 2154 saeculi
1522 2088 1828 2171 vitaeque
1891 2089 2223 2171 propriae,
2290 2088 2489 2154 etiam

529 2196 678 2241 cum
725 2173 955 2239 multis
1000 2171 1326 2240 scandalis
1375 2174 1654 2258 piorum.
1739 2172 2046 2257 Denique
2106 2184 2174 2238 et
2225 2173 2293 2238 id
2351 2194 2487 2238 non

527 2260 783 2344 negabo
818 2258 989 2342 quod
1034 2261 1422 2340 nesciamus,
1467 2269 1694 2325 utrum
1736 2260 1972 2342 aliquis
2014 2259 2248 2325 talium
2292 2260 2490 2324 fuerit

529 2344 879 2429 aliquando
933 2346 1005 2410 in
1056 2346 1311 2411 unitate
1378 2354 1637 2425 nostra,
1704 2354 1819 2409 aut
1872 2367 2049 2411 nuno
2102 2347 2486 2428 reperiatur,

527 2432 640 2516 qui
682 2432 989 2515 propriae
1045 2430 1246 2497 saluti
1288 2430 1672 2516 providens,
1727 2430 1797 2494 in
1854 2451 2057 2513 eaque
2117 2452 2323 2515 sagax
2378 2433 2484 2510 sit,

526 2516 772 2583 nedum
826 2517 898 2582 in
952 2517 1289 2583 functione
1343 2516 1804 2583 ecclesiastica:
1867 2516 2101 2599 quibus
2157 2517 2484 2600 prodesse,

528 2611 644 2667 aut
687 2623 798 2668 eos
840 2602 1068 2668 iuvare
1115 2602 1373 2668 etiamsi
1415 2602 1708 2667 maxime
1751 2601 2064 2682 velimuS,
2120 2603 2292 2668 nihil
2334 2623 2483 2686 pos-

526 2709 773 2755 sumus.
873 2687 980 2753 De
1033 2689 1218 2755 vobis
1274 2696 1500 2754 autem
1556 2687 1888 2770 vestrique
1944 2687 2267 2755 similibus
2287 2740 2304 2768 ,
2371 2688 2482 2772 qui

523 2774 671 2840 Deo
727 2773 1013 2859 gratiam
1078 2795 1267 2840 suam
1335 2780 1712 2856 praestante
1765 2794 1803 2838 e
1868 2795 2072 2858 regno
2137 2795 2345 2858 papae
2410 2775 2482 2839 in

527 2859 779 2927 Christi
842 2861 1030 2926 asciti
1089 2860 1278 2936 estis,
1332 2857 1512 2925 aliud
1568 2866 1670 2925 est
1720 2879 1796 2926 ac
1853 2880 1997 2925 esse
2060 2859 2253 2926 debet
2310 2859 2482 2926 iudi-

526 2947 716 3012 cium.
807 2944 1006 3029 Apud
1062 2965 1181 3011 nos
1239 2944 1461 3011 hercle
1518 2965 1654 3010 non
1709 2953 1811 3011 est
1868 2965 2033 3029 opus
2076 2945 2352 3012 caelibes
2397 2945 2481 3012 ad

521 3030 912 3097 mutandam
954 3030 1275 3097 castitatis
1314 3030 1824 3115 propositionem
1859 3030 2211 3097 sollicitare
2253 3032 2481 3097 matri-

523 3116 858 3200 moniique
915 3137 1024 3181 eos
1067 3115 1450 3197 admonere,
1506 3117 1701 3183 sicuti
1744 3116 1819 3181 in
1860 3124 2134 3200 papatu,
2201 3117 2485 3203 quando-

524 3202 791 3352 quidem
837 3201 1041 3267 nullis
1073 3201 1329 3287 legibus
1374 3202 1710 3287 papisticis
1759 3201 2100 3282 similibus,
2144 3203 2274 3270 nisi
2309 3203 2480 3269 dono

571 3295 853 3353 untaxat
885 3287 1125 3367 divino,
1167 3310 1381 3372 neque
1415 3289 1496 3355 ob
1532 3287 1728 3354 aliam
1763 3309 2029 3355 causam
2055 3295 2250 3372 atque
2282 3311 2479 3374 prop-

524 3380 626 3439 ter
667 3393 947 3457 regnum
988 3374 1137 3452 Dei,
1181 3374 1687 3458 facilitatemque
1731 3373 1878 3440 Deo
1927 3375 2069 3441 sine
2112 3375 2478 3442 distractio-

523 3458 719 3525 nibus
763 3458 1378 3543 avooationibusque
1412 3458 1764 3539 serviendi,
1810 3460 1894 3526 ad
1936 3459 2328 3528 caelibatum
2364 3461 2478 3527 ad-

524 3545 946 3630 stringuntur
997 3544 1517 3631 obliganturque.
1601 3546 1811 3612 Porro
1864 3568 1984 3613 nos
2027 3546 2112 3612 ad
2154 3545 2223 3612 id
2265 3547 2480 3614 solum

569 3651 682 3696 rae
726 3629 1004 3697 caeteris
1045 3630 1348 3698 omnibus
1391 3632 1670 3697 nitimur
1684 3683 1700 3713 ,
1757 3641 1835 3697 ut
1877 3633 2177 3718 exemplo
2219 3641 2479 3718 aposto-

1149 3717 1163 3732 ‘
1263 3739 1340 3783 ae
1405 3716 1696 3802 beneque
1759 3732 2051 3785 moratae
2065 3770 2081 3799 ,
2160 3720 2479 3786 habentes

562 890 749 955 aciat.

572 3736 649 3783 co
798 3736 1034 3783 rsonae

526 3738 795 3869 uxoreae
819 3803 962 3886 pias
1016 3811 1083 3867 et
1132 3803 1177 3868 li
1261 3824 1370 3870 ros
1423 3803 1497 3867 in
1555 3805 1788 3869 timore
1829 3804 2098 3870 Domini
2147 3806 2477 3885 educatos,

525 3908 611 3953 ex
655 3889 950 3954 omnium
994 3890 1325 3955 communi
1368 3896 1561 3955 coetu
1596 3888 1979 3973 desumptae
2014 3910 2131 3974 per
2172 3891 2478 3959 ecclesias

523 3982 784 4040 nostras
858 3972 1062 4041 libere
1138 3976 1622 4041 constituant-ur
1695 3975 1915 4059 eisque
1992 3977 2474 4060 praeficiantur.

523 4060 776 4126 Verum
819 4068 1080 4126 tantum
1123 4061 1456 4127 facilitatis
1498 4060 1686 4127 nobis
1738 4083 1872 4127 non
1916 4061 2313 4143 conceditur,
2357 4084 2476 4147 po-

522 4154 763 4212 testate
796 4143 1161 4212 sublimiori
1194 4147 1423 4214 offieiis
1457 4145 2014 4231 dignitatibusque
2048 4148 2330 4233 politicis
2364 4171 2475 4217 eos

520 4239 929 4316 aggravante
944 4283 962 4311 ,
1020 4231 1387 4316 liberosque
1439 4253 1665 4299 eorum
1707 4255 1842 4299 non
1881 4234 2007 4300 nisi
2049 4233 2328 4302 infames
2369 4256 2475 4301 re·

517 4324 810 4400 putante,
867 4318 925 4384 si
966 4326 1273 4402 parentes
1313 4318 1752 4385 functionibus
1795 4319 2244 4388 ecclesiasticis
2285 4341 2474 4388 occu-

517 4412 775 4486 pentur.
866 4403 996 4469 His
1049 4403 1352 4469 omnibus
1411 4414 1481 4469 et
1533 4403 1602 4469 id
1659 4407 1961 4484 accessit,
2019 4406 2189 4491 quod
2247 4408 2475 4491 paucis

518 4488 987 4572 praeterlapsis
1046 4490 1240 4556 annis
1308 4491 1506 4556 totius
1562 4492 1749 4576 regni
1793 4512 2114 4558 consensu
2158 4493 2229 4558 in
2273 4494 2473 4559 comi-

518 4574 630 4640 tiis
665 4574 945 4658 publicis
982 4577 1303 4641 sancitum
1340 4588 1407 4642 et
1440 4576 1772 4643 decretum
1809 4588 1928 4654 est,
1966 4578 2204 4645 tabulis
2239 4578 2473 4645 deinde

517 4662 712 4744 regni
738 4661 1147 4744 inscriptum,
1184 4662 1399 4728 nullos
1422 4664 1787 4729 sacerdotes
1824 4674 2132 4731 uxoratos
2159 4664 2232 4730 in
2268 4687 2473 4751 regno

519 4745 824 4812 ferendos
858 4745 1300 4830 patiendosve‚
1347 4747 1645 4831 hancque
1680 4748 2048 4815 libertatem
2092 4750 2474 4819 nullatenus

519 4831 617 4898 eis
658 4832 1144 4899 concedendam
1184 4854 1344 4901 esse.
1432 4834 1628 4901 Licet
1669 4843 1891 4901 autem
1948 4837 2121 4919 apud
2164 4857 2287 4903 nos
2330 4859 2472 4903 ma-

517 4917 830 4984 trimonio
865 4917 1108 4986 addicti
1142 4918 1459 4986 nonnulla
1490 4921 1716 4986 munia
1747 4923 2182 4989 ecelesiastica
2214 4923 2470 5003 obeant,

519 5018 588 5068 et
621 5025 1100 5088 nonnunquam
1136 5005 1626 5072 exhortationes
1667 5009 2135 5092 concionesque
2179 5007 2472 5092 publicas

516 5091 587 5153 in
632 5091 903 5155 ecclesia
944 5094 1275 5174 praesenti
1336 5090 1419 5156 ad
1473 5092 1786 5176 populum
1843 5094 2149 5173 habeant,
2208 5103 2277 5159 et
2317 5117 2472 5161 con-

519 5174 980 5243 sultationibus
1044 5177 1751 5263 deliberationibusque
1812 5180 2089 5264 publicis
2153 5182 2472 5248 interesse

516 5260 790 5340 soleant,
836 5269 1057 5330 tamen
1099 5263 1546 5348 quotidianam
1581 5286 1807 5332 euram
1840 5265 2473 5351 sollicitudinemque

507 5346 600 5412 de
643 5347 930 5415 ecelesiis
971 5350 1275 5418 omnibus
1316 5371 1428 5418 eos
1472 5351 1713 5419 habere
1762 5373 2028 5438 prorsus
2071 5354 2471 5437 impossibile

2093 440 2621 509 nrls'ronffl
2653 396 3005 507 ‘seo-334

4429 441 4555 505 248

2600 637 2716 696 est.
2782 629 2915 695 His
2954 630 3259 697 omnibus
3293 629 3620 710 discussis,
3664 629 3867 695 frater
3908 629 3978 694 in
4011 627 4283 695 Christo
4327 648 4556 694 aman-

2597 717 2872 797 tissime,
2930 713 3217 784 iudieare
3261 715 3490 800 (simul
3532 735 3608 782 ac
3650 735 3877 781 omnes
3911 714 4034 798 pii)
4078 722 4286 799 potes,
4330 721 4557 780 utrum

2600 801 2847 885 aliquid
2906 802 3227 869 eiusmodi
3287 800 3464 885 apud
3518 822 3639 868 nos
3694 811 4010 885 appareat
4051 799 4222 885 quod
4263 799 4555 867 libertati

2597 887 2763 972 legis
2785 888 3039 955 Ohristi
3073 887 3435 972 spiritualis
3478 897 3803 1037 reBugnet
3846 895 3912 952 et
3954 886 4359 964 adversetur,
4404 906 4555 970 pos-

2598 975 2890 1057 terisque
2945 976 3205 1040 officere
3249 981 3461 1057 queat.
3621 993 3737 1038 eus
3794 972 4106 1040 ecclesiae
4160 991 4318 1038 suae
4371 972 4554 1038 ineo-

2598 1059 2845 1125 lumem
2897 1070 2967 1126 te
3020 1068 3384 1127 conservet.
3476 1058 3790 1125 Salutant
3844 1067 3911 1124 te
3958 1059 4353 1125 salutatione
4396 1076 4555 1125 vere

2596 1145 2889 1212 fraterna
2930 1167 3159 1213 omnes
3212 1148 3446 1211 fratres
3487 1145 3759 1210 unitatis
3803 1156 4079 1226 nostrae,
4124 1144 4551 1211 orationibus-

2598 1252 2725 1314 que
2767 1233 2898 1299 tuis
2934 1231 3491 1300 commendantur.
3557 1230 3743 1296 Vale.
3832 1229 4050 1296 Datae
4082 1231 4155 1295 in
4187 1228 4553 1296 Bohaemia

2597 1316 2882 1385 Iunioris
2903 1318 3316 1386 Boleslaviae
3332 1318 3388 1399 ⁸)
3415 1321 3452 1381 3
3476 1315 3815 1383 Kalendas
3839 1316 3994 1382 Iulii
4022 1318 4213 1382 Anno
4242 1321 4294 1381 1.
4321 1321 4379 1382 5.
4402 1321 4462 1381 4.
4495 1320 4547 1381 1.

3724 1453 4008 1553 Ioannes
4050 1454 4354 1537 Augusta

3757 1559 3841 1604 ex
3878 1561 4096 1606 ammo
4131 1548 4302 1606 tuus.

3490 2035 3638 2106 331.

3067 2189 3558 2259 MYOONIUS
3602 2189 4063 2257 BEDRo'ro.

2764 2363 3170 2431 Basileenses
3196 2362 3508 2429 Genevam
3530 2364 3898 2447 propediem
3932 2384 3998 2429 se
4029 2362 4340 2446 conferent
4370 2364 4543 2430 litem

2590 2470 2734 2518 cum
2754 2449 3189 2515 Bernensibus
3229 2449 3629 2530 compositm·
3669 2454 3853 2531 atque
3893 2449 4010 2516 hac
4052 2450 4363 2518 occasione
4401 2447 4543 2517 Cal-

2590 2536 2730 2602 vim'
2771 2537 3084 2619 negotium
3127 2536 3432 2602 commode
3473 2535 3837 2602 tractabunt.

2591 2708 2764 2771 (Exce
2836 2714 2950 2760 tum
2985 2723 3054 2760 ex
3088 2713 3295 2776 autogr.
3335 2707 3475 2760 Bibl.
3510 2707 3665 2760 civic.
3700 2707 3876 2761 Turic.
3915 2705 4067 2760 Mss.
4105 2707 4164 2760 F.
4184 2704 4251 2759 81
4287 2706 4416 2761 olim
4451 2704 4538 2774 46,

2587 2777 2678 2830 fol.
2715 2724 2836 2830 37¹3.
2907 2776 3302 2847 Apographum
3337 2780 3519 2830 exstat
3552 2775 3684 2829 ibid.
3721 2776 3838 2832 Vol.
3883 2774 3953 2830 58
3986 2776 4115 2830 olim
4149 2772 4234 2842 23,
4269 2775 4359 2829 fol.
4396 2773 4537 2839 ⁷58.)

2757 2966 2851 3031 M.
2907 2962 3144 3031 Iacobo
3217 2963 3508 3031 Bedroto
3573 2964 3714 3030 viro
3773 2964 4149 3031 doctissimo
4215 2965 4401 3031 fratri
4465 2964 4539 3030 in

2585 3051 2876 3116 Domino
2918 3048 3326 3116 observando
3370 3071 3489 3116 suo

2582 3256 4536 3272 ———--——-——-———-—

2753 3308 2956 3375 Ibunt
2997 3316 3338 3391 praeterea
3382 3307 3728 3375 Genevam
3784 3309 4010 3393 optimi
4071 3309 4310 3392 quique
4353 3329 4390 3373 e
4433 3330 4534 3376 se·

2583 3404 2746 3462 natu
2788 3401 3012 3461 nostro
3048 3403 3196 3478 post
3239 3394 3380 3460 dies
3414 3393 3679 3477 aliquot,
3725 3393 3782 3461 si
3831 3401 4079 3478 queant
4124 3392 4532 3460 reconciliari

2580 3483 2956 3548 Beruenses
3000 3493 3069 3546 et
3091 3479 3485 3546 Genevates.
3514 3483 3566 3564 ¹)
3632 3479 3718 3545 In
3754 3480 3861 3546 his
3903 3481 4028 3545 erit
4061 3479 4372 3567 consul,²)
4414 3501 4531 3547 ve-

2583 3580 2692 3635 tus
2735 3588 2928 3634 nunc.
3019 3564 3098 3632 Si
3136 3566 3293 3649 quid
3338 3564 3419 3631 de
3461 3563 3720 3631 Calvino
3754 3573 3928 3633 esset
3971 3565 4316 3651 agendum,
4360 3588 4533 3632 nun-

2582 3675 2779 3737 quam
2819 3651 3021 3717 fuerit
3061 3659 3320 3736 tempus
3360 3654 3571 3736 magis
3615 3651 4121 3718 accommodum.
4211 3650 4534 3733 Quamvis

2581 3761 2760 3805 nunc
2809 3737 3112 3804 videatur
3183 3737 3696 3821 exspectandum
3760 3737 3917 3821 quid
3982 3737 4338 3804 confecturi
4401 3738 4535 3804 sint

2582 3823 2973 3892 mediatores
3014 3823 3115 3889 illi
3156 3824 3383 3889 nostri.
3452 3821 3532 3890 Si
3574 3843 3679 3889 res
3721 3824 3997 3890 feliciter
4040 3822 4343 3890 reciderit
4363 3825 4531 3890 Ber-

2580 3931 2819 3978 nenses
2862 3930 3121 3994 quoque
3159 3907 3420 3976 Calvam
3460 3916 3656 3975 erunt
3696 3909 4052 3976 amiciores.
4142 3908 4531 3978 Gaudemus

2583 3996 2943 4080 Capitonem
2985 3995 3342 4062 revaluisse
3384 4031 4117 4043 ——————

2749 4132 3051 4200 Basileae
3093 4132 3186 4197 kl.
3230 4131 3386 4197 Iulii
3429 4151 3603 4199 anno
3643 4137 3744 4197 41.

3720 4268 3835 4335 Os.
3881 4270 4143 4355 Mycon.
4181 4278 4351 4337 tuus.

2577 4413 2892 4422 ——-——-—--...-

2622 4544 2747 4606 881.
2786 4476 2844 4611 1))
2879 4490 3117 4612 ml,
3156 4543 3260 4598 278
3294 4548 3388 4597 ete.
3457 4541 3585 4597 Hoc
3623 4542 3649 4595 i
3687 4556 3747 4596 so
3800 4558 3981 4597 mense
4032 4543 4181 4597 Iulio
4228 4550 4528 4600 comeum

2578 4613 2827 4683 ayondus
2859 4619 2980 4668 erat
3016 4613 3268 4668 Genevae
3300 4613 3601 4680 leqatomm
3689 4612 4002 4666 mensium
4035 4617 4089 4666 et
4122 4614 4522 4669 commissorib-

2575 4700 2704 4738 rum
2740 4682 3141 4738 Genevensium
3167 4681 3559 4751 praesentibus
3593 4681 3825 4735 arbitris
3857 4681 4287 4736 Basaeensibus.
4367 4682 4525 4738 Unde

2576 4757 2763 4807 tamen
2790 4757 2924 4821 post
2952 4752 3208 4820 pluriam
3227 4750 3620 4805 hebdomadum
3641 4749 4068 4819 disceptationes
4101 4750 4327 4818 infectis
4360 4752 4522 4807 rebus

2576 4822 2876 4878 &sconsum
2910 4827 2991 4876 est
3025 4819 3226 4890 (Royet
3259 4821 3311 4875 Ι.
3350 4820 3493 4888 286).

2781 4890 2837 4957 2)
2877 4890 2992 4945 Iac.
3029 4890 3237 4960 Meyer,
3275 4889 3372 4958 qui
3403 4889 3504 4943 hoc
3537 4889 3660 4957 ipso
3696 4904 3848 4944 amco
3875 4895 4030 4958 peste
4063 4889 4326 4959 abreptus
4359 4896 4453 4946 est.

3344 5222 3386 5227 ...-.
3425 5222 3752 5230 ——-—-——-——-.
