5050 6167
394 401 513 467 481

393 588 617 655 literas
660 611 701 655 a
741 589 974 675 regina
1015 588 1136 656 illa
1175 590 1320 656 sive
1352 589 1648 674 principe
1686 588 2031 656 Ferrariae
2065 590 2343 671 scriptas

393 671 475 739 ad
516 695 623 739 me
665 674 1162 758 perhumaniter
1204 684 1274 741 et
1312 697 1574 742 summa
1606 696 1759 742 cum
1799 676 2059 759 pietate,
2105 675 2343 759 quibus

392 759 641 843 gratias
684 762 824 845 agit
908 781 982 826 ro
1014 782 1309 838 munere,
1351 762 1639 828 vicissim
1683 759 2037 828 adhortans
2078 760 2163 826 ad
2205 760 2342 844 pie-

393 853 598 910 tatem
640 853 763 911 etc.
848 782 1198 930 &numque
1241 844 1490 914 Coelius
1522 848 1949 914 Lausannam
1991 846 2342 931 proficisci-

392 938 524 1009 tur,
560 930 766 995 mittit
796 932 1102 1015 princeps
1123 934 1448 998 Ascanius
1484 932 1565 998 de
1603 932 1907 999 Οοῑαηιπα
1939 933 2338 1010 ministrum,

391 1025 846 1100 percontatum
889 1038 1016 1100 quo
1050 1017 1285 1083 abierit
1307 1017 1753 1084 Bernardinus
1782 1017 2148 1102 theologiae
2189 1037 2338 1100 pro-

391 1102 600 1168 fessor
639 1101 1118 1169 celeberrimus.
1184 1101 1412 1169 Indico
1454 1103 1816 1181 Genavam,
1862 1124 1989 1186 quo
2031 1124 2185 1168 mox
2229 1101 2342 1168 ille

436 1188 839 1266 roficiscitur,
903 1187 1212 1271 pecunias
1276 1189 1591 1253 nimirum
1655 1196 1925 1271 portans
1990 1189 2133 1253 viro
2189 1187 2336 1254 Dei.

390 1209 686 1339 Rediens
742 1282 961 1338 autem
1017 1274 1204 1356 petiit
1248 1293 1288 1338 a
1327 1295 1436 1339 me
1494 1274 1717 1340 literas
1772 1272 1856 1338 ad
1911 1271 2141 1340 ducem
2199 1274 2341 1339 sive

391 1360 758 1444 principem
818 1358 1004 1424 illum
1063 1379 1254 1425 suum
1272 1410 1288 1438 ,
1351 1360 1614 1443 pietatis
1668 1358 2217 1425 studiosissimum
2274 1366 2343 1424 et

389 1446 782 1511 acerrimum
823 1444 1152 1528 pontificis
1196 1444 1468 1510 hostem.
1557 1442 1788 1511 Scribo
1829 1445 2051 1528 itaque
2091 1454 2157 1510 ct
2194 1465 2340 1510 mu·

387 1552 519 1596 nus
555 1530 846 1615 adiungo
881 1531 1379 1597 commentarios
1413 1530 1559 1597 illos
1593 1550 1772 1596 meos
1806 1531 1875 1594 in
1903 1530 2336 1596 Matthaeum.

388 1616 552 1682 Abit
585 1616 644 1681 is
678 1615 892 1682 alacer
929 1614 1113 1682 brevi
1153 1615 1465 1698 pollicens
1499 1616 2016 1700 responsionem:
2055 1637 2126 1681 se
2162 1616 2340 1681 enim

387 1701 572 1767 intra
613 1722 872 1767 menses
914 1702 1161 1785 aliquot
1194 1700 1562 1767 rediturum
1597 1701 1681 1766 ad
1715 1702 1798 1766 D.
1834 1699 2334 1767 Bernardinum.

386 1786 576 1853 Haec
638 1788 811 1853 facta
872 1797 1029 1852 sunt
1091 1787 1267 1853 circa
1325 1790 1383 1851 6.
1445 1787 1617 1852 diem
1675 1786 2077 1852 Decembris.
2169 1785 2338 1852 Ores

385 1871 756 1938 Dominum
818 1893 937 1955 pro
998 1872 1131 1938 illis
1199 1892 1349 1937 cum
1415 1872 1720 1938 omnibus
1785 1873 1915 1937 tuis
1981 1881 2049 1936 et
2110 1871 2338 1937 laudes

384 1958 630 2025 Deum.
718 1958 1036 2024 Meretrix
1090 1957 1207 2022 illa
1260 1958 1649 2042 babylonica
1689 1957 2085 2023 iudicabitur
2126 1968 2193 2023 et
2233 1957 2337 2022 iu-

385 2043 662 2109 dicatur.
752 2043 886 2109 Deo
927 2043 1071 2109 laus
1115 2053 1183 2107 et
1221 2042 1461 2128 gloria!

562 2130 738 2194 Mira
769 2130 929 2194 item
964 2128 1274 2194 haberem
1300 2150 1467 2212 quac
1502 2129 1582 2193 de
1606 2129 1931 2195 Alcorano
1967 2126 2335 2206 scriberem,

384 2217 439 2282 si
504 2225 761 2300 tempus
804 2223 872 2280 et
923 2216 1164 2293 otium,
1221 2216 1610 2298 praesertim
1663 2235 1817 2280 vero
1872 2213 2103 2297 cepitis
2155 2211 2340 2278 dolor

381 2302 653 2366 sineret.
740 2301 1052 2366 Breviter
1093 2309 1334 2366 tamen.
1353 2301 1413 2384 ⁹)
1489 2301 1834 2384 Impressit
1875 2299 1970 2365 10.
2026 2299 2339 2381 Oporinus

381 2384 603 2470 legem
649 2385 1013 2452 Mahometi
1055 2406 1250 2468 quam
1306 2395 1547 2451 vocant
1588 2387 2010 2464 Amol-anum,
2071 2383 2339 2449 adiectis

381 2471 940 2538 confutationibus
975 2473 1225 2556 graecis
1270 2479 1337 2535 et
1377 2471 1616 2549 latinis,
1665 2472 1953 2536 historiis
1995 2472 2149 2535 item
2197 2491 2338 2535 ara-

379 2557 553 2625 bicis
597 2558 983 2623 saracenicis
1029 2563 1097 2622 et
1139 2557 1405 2623 turcicis
1439 2556 1521 2622 ad
1565 2557 1728 2623 haec
1762 2578 1967 2639 usque
2012 2567 2335 2638 tempora:

379 2663 554 2726 opus
596 2643 857 2725 insigne
899 2652 966 2707 et
1008 2643 1440 2707 memorabile.
1527 2643 1799 2709 Paravit
1840 2642 1964 2708 hoc
2005 2642 2090 2706 D.
2144 2641 2338 2707 Theo·

378 2730 582 2795 dorus
615 2731 708 2812 ¹⁰)
752 2736 990 2806 noster,
1044 2727 1240 2811 idque
1287 2730 1364 2798 in
1408 2729 1958 2812 oppugnationem
2006 2728 2338 2792 mahome-

380 2823 583 2879 tanae
637 2813 950 2896 perfidiae
1003 2821 1071 2877 et
1124 2814 1350 2879 turcici
1410 2813 1628 2898 regni,
1742 2814 1988 2878 raefixa
2050 2812 2338 2896 eleganti

381 2900 808 2984 praefatione.
898 2899 1261 2982 Exemplar
1305 2898 1616 2965 Alcorani
1661 2921 1698 2962 a
1726 2898 1935 2963 latum
1980 2907 2080 2963 est
2123 2898 2337 2964 arabi-

380 3007 542 3053 cum
593 3006 680 3050 ex
736 2984 964 3050 Italia:
1023 2983 1275 3050 duobus
1329 3005 1486 3049 usus
1541 2992 1642 3050 est
1694 2984 1945 3063 latinis,
2003 2984 2338 3068 integrum

380 3093 594 3137 manu
638 3070 979 3154 rescripsit
1019 3071 1298 3154 propria.
1369 3071 1630 3136 Labore
1669 3071 1999 3136 confectus
2035 3068 2341 3137 decubuit

379 3158 452 3222 in
521 3156 698 3222 Iulio
761 3157 1008 3239 aliquot
1067 3156 1467 3239 septimania.
1557 3157 1750 3222 Tanti
1819 3154 2112 3220 constitit
2175 3155 2337 3221 illud

381 3263 572 3326 opus.
663 3241 1017 3325 Quumque
1075 3243 1208 3306 iam
1273 3249 1415 3305 erat
1477 3241 1904 3324 vulgandum,
1972 3251 2340 3323 suggerunt

380 3329 611 3395 neseio
668 3328 781 3410 qui
841 3328 1008 3393 asini
1064 3327 1422 3393 clarissimo
1463 3326 1814 3392 Basiliensi
1874 3327 2155 3404 senatui,
2220 3348 2337 3391 ne·

378 3433 718 3498 quaquam
761 3412 1271 3495 permittendum
1318 3421 1392 3477 ut
1446 3413 1555 3477 lex
1612 3414 1860 3478 turcica
1905 3412 2213 3494 vulgetur
2254 3434 2336 3478 ex

378 3501 549 3566 urbe
623 3499 902 3564 Basilea.
1026 3495 1390 3581 Opponunt
1466 3519 1535 3563 sc
1612 3508 1905 3581 pastores
1984 3497 2335 3580 Myconius‘,

381 3584 675 3665 Marone,
726 3584 1008 3663 Gauius,
1045 3585 1127 3670 ¹¹)
1177 3584 1508 3660 cellarius,
1566 3584 1824 3663 caeteri,
1881 3583 2188 3648 docentes
2229 3585 2336 3667 pie

377 3671 665 3756 vulgari.
755 3671 1008 3735 Verum
1054 3669 1162 3735 isti
1206 3670 1479 3734 vincunt
1520 3677 1588 3734 et
1630 3669 1972 3735 coniicitur
2021 3668 2337 3749 Oporinus

375 3757 450 3821 in
519 3755 790 3822 vincula
866 3754 1348 3837 includiturque
1413 3754 1791 3820 Alcoranus.
1902 3753 2110 3817 Facta
2175 3754 2337 3819 haec

377 3850 543 3908 sunt
587 3848 738 3907 ante
794 3839 1121 3906 nundinas
1163 3840 1663 3905 Francofordiae
1707 3838 2132 3904 autumnales.
2217 3839 2332 3903 In-

374 3936 567 3993 terea
644 3927 828 3993 audit
892 3925 1204 3990 Lutherus
1272 3928 1661 4008 impressum
1724 3946 1866 3990 esse
1933 3924 2331 3989 Alcorauum

377 4013 709 4079 Basileae.
799 4011 1082 4095 Scripsit
1140 4011 1359 4094 itaque
1424 4012 1682 4076 senatui
1743 4019 1809 4075 et
1872 4013 2126 4073 tantum
2199 4031 2329 4074 non

375 4099 752 4164 obtestatur
807 4108 885 4162 ut
942 4098 1239 4181 vulgent:
1301 4119 1370 4161 se
1426 4098 1602 4161 enim
1655 4098 1894 4160 mirum
1949 4096 2018 4158 in
2063 4094 2328 4159 modum

373 4205 648 4268 semper
680 4185 1002 4265 cupivisse
1024 4183 1199 4247 hunc
1234 4183 1472 4247 librum
1495 4181 1717 4248 videre
1752 4192 1868 4247 etc.
1931 4180 2327 4262 Exemplum

374 4269 696 4353 epistolae
762 4269 1030 4334 habebis
1096 4290 1212 4333 suo
1277 4276 1588 4351 tempore.
1676 4268 1871 4332 Nunc
1934 4267 2153 4349 itaque
2215 4288 2328 4330 ex-

369 4365 755 4439 spectamus
795 4354 947 4436 quid
992 4356 1288 4419 futurum
1333 4354 1438 4418 sit.
1526 4353 1926 4435 Scripsimus
1969 4351 2148 4417 hisce
2194 4351 2330 4415 die-

371 4442 508 4507 bus
553 4441 751 4505 etiam
807 4461 928 4504 nos
965 4442 1046 4520 ¹²)
1099 4439 1417 4521 quaedam
1473 4440 1580 4520 qui
1638 4438 1945 4504 ecclesiae
1997 4438 2328 4502 ministra-

371 4548 534 4592 mus
575 4524 925 4591 Basileam.
1015 4523 1196 4605 Quid
1250 4525 1545 4589 futurum
1604 4524 1690 4589 sit
1744 4523 1928 4588 novit
1983 4523 2330 4603 Dominus,

566 4901 658 5036 133
694 4900 781 5024 fic
818 4916 1101 5025 mm
1142 4899 1445 4970 oporinum
1483 4915 1660 4969 supra
1693 4898 1773 4954 N.
1806 4897 1924 4953 435.

567 5038 893 5176 ΙῙῘΙΗῖίτιο
939 5053 1136 5094 nomen
1180 5036 1766 5092 abestadocumnto
1812 5035 1959 5105 quod
2004 5034 2333 5090 ediditHa·

373 5174 1888 5383 Qasffimflm
1914 5172 2340 5298 rm

610 5399 830 5456 66ῑοὺιί
860 5416 1045 5470 opera.
1135 5398 1257 5456 Vol.
1297 5397 1407 5452 XI.

1921 405 2084 471 1542
2128 400 2538 473 DEOEMB.
2582 438 2667 451 —
2706 423 2761 471 6.
2806 400 2869 471 d.

4271 413 4401 481 482

2444 611 2567 657 nec
2623 597 2698 655 tu
2752 587 3099 675 ignorabis.
3190 589 3328 657 Der
3389 593 3490 660 Ta‘
3518 594 3579 662 el
3634 594 3872 679 riimpft
3923 596 4057 663 sich
4109 598 4238 665 (md
4289 599 4403 668 hat

2443 675 2919 811 und}
2958 676 3489 830 'mm
3696 681 3925 749 'W
3954 683 4397 754 mm

3448 900 3539 967 H.
3580 902 4008 990 Bullingerus
4047 911 4219 972 tuus.

3196 1176 3607 1190 ἡ

3339 1392 3491 1466 442.

2992 1528 3346 1596 GALVIN
3388 1533 3453 1598 A
3498 1530 3832 1599 VAROD.

2439 1699 3203 1869 empffazmmndatm
3257 1701 3409 1767 d’tm
3463 1703 3713 1770 malado
3768 1726 3857 1770 au
3907 1725 4258 1787 procureur
4312 1710 4390 1779 de

2442 1974 2827 2044 (Autographe
2872 1974 2967 2027 des
3002 1973 3269 2027 Archives
3313 1974 3382 2028 de
3427 1973 3660 2030 Geu'eve.
3732 1976 3917 2032 Pi'eces
3962 1979 4088 2035 hist.
4126 1982 4193 2037 N.
4231 1982 4386 2040 1250.

2441 2043 2492 2096 11
2540 2042 2628 2113 n'y
2675 2061 2708 2097 a
2753 2043 2908 2112 point
2954 2041 3239 2096 d’adresse.
3310 2043 3434 2097 Une
3480 2045 3622 2098 main
3676 2045 3798 2114 plus
3840 2048 4097 2103 moderno
4144 2069 4179 2120 y
4216 2069 4249 2105 a
4281 2054 4386 2107 mis

2441 2117 2586 2164 cette
2632 2117 2790 2165 note:
2838 2109 3107 2165 Ado-mdc
3143 2109 3206 2179 je
3249 2111 3395 2166 crois
3437 2110 3477 2165 ὰ
3517 2111 3726 2168 Michel
3764 2113 3956 2170 Vama
4188 2133 4289 2175 eur
4322 2119 4392 2176 de

2444 2173 2698 2248 rhopdtal
2748 2194 2821 2234 cn
2874 2179 3029 2233 1542.
3098 2180 3338 2302 Publieel
3377 2198 3478 2302 ἳαι·
3467 2182 3770 2317 3413<3nnet‚
3830 2185 4048 2239 Lettres
4095 2189 4161 2243 fr.
4208 2190 4254 2244 Ι.
4301 2188 4387 2244 67.

3214 2267 3352 2318 ang.
3419 2288 3430 2299 .
3577 2291 3587 2302 .

2614 2435 2943 2520 Seigneur
2985 2435 3253 2517 Michel,
3310 2458 3385 2503 ee
3426 2458 3669 2520 paovre
3712 2438 3975 2506 homme
4015 2450 4114 2506 est
4157 2443 4213 2507 si
4257 2443 4387 2509 fort

2443 2521 2759 2587 maleficie
2817 2542 2900 2586 en
2959 2542 3077 2586 son
3145 2542 3334 2605 corps
3399 2543 3524 2606 que
3586 2531 3726 2589 cest
3786 2525 3945 2607 pitie
3998 2535 4066 2591 et
4107 2549 4389 2594 mesmes

2442 2608 2723 2672 horreur
2777 2605 2858 2673 de
2914 2607 2977 2672 le
3031 2608 3228 2672 veoir.
3314 2608 3376 2673 Il
3430 2608 3563 2674 dict
3617 2630 3742 2691 que
3797 2610 3935 2675 cela
3976 2633 4063 2677 ne
4119 2611 4232 2698 luy
4292 2622 4392 2679 est

2442 2715 2560 2776 pas
2597 2714 2771 2758 venu
2814 2692 2896 2757 de
2938 2691 3330 2776 paillardise.
3417 2694 3670 2760 Pource
3707 2717 3836 2778 que
3873 2705 4010 2762 cest
4052 2698 4247 2764 chose
4292 2699 4390 2782 pi-

2443 2778 2684 2845 toiable
2727 2777 2776 2842 il
2808 2799 2973 2845 vous
3008 2778 3218 2862 plaira
3252 2777 3333 2843 de
3375 2779 3689 2863 regarder
3723 2781 3804 2845 sil
3837 2804 3883 2867 y
3919 2783 4138 2848 auroit
4176 2785 4391 2850 moien

2444 2863 2524 2929 de
2580 2863 2643 2928 le
2698 2866 2989 2930 secourir
3046 2863 3205 2928 affin
3248 2863 3383 2947 quil
3438 2885 3521 2929 ne
3563 2866 3913 2947 pourrisse.
4000 2869 4077 2934 Ie
4120 2869 4182 2934 le
4225 2890 4390 2935 vous

2443 2949 2901 3016 recommande
2946 2949 3250 3015 daultant
3290 2948 3439 3033 plus
3473 2949 3889 3017 hardiement
3920 2975 4044 3037 que
4087 2955 4149 3020 ie
4191 2976 4393 3038 pense

2442 3035 2581 3119 quil
2625 3037 2751 3101 soit
2793 3034 2872 3100 de
2917 3036 2982 3099 la
3015 3034 3198 3101 ville:
3244 3054 3356 3100 car
3399 3034 3477 3100 sil
3523 3036 3714 3102 estoit
3755 3040 4119 3124 estrangier
4151 3041 4390 3107 iavise-

2442 3142 2599 3206 roye
2652 3119 2734 3185 de
2792 3141 3194 3205 moymesme
3248 3118 3335 3219 dy
3392 3122 3692 3204 proveoir
3745 3144 3829 3188 en
3878 3126 4154 3208 quelque
4213 3134 4390 3192 sorte

2442 3207 2599 3271 affin
2645 3205 2724 3272 de
2768 3228 2850 3271 ne
2895 3205 3142 3270 donner
3197 3215 3385 3289 pomt
3439 3208 3733 3273 occasion
3789 3208 3870 3274 de
3927 3211 4097 3276 crier
4139 3232 4389 3278 comme

2441 3292 2740 3441 ffiiffifaict.
2829 3292 3002 3358 Mais
3042 3292 3191 3375 puis
3234 3291 3369 3375 quil
3412 3300 3515 3358 est
3556 3292 3705 3377 dicy
3750 3294 3854 3359 ien
3889 3295 4012 3359 saiz
4056 3299 4268 3364 moins
4308 3297 4391 3362 de

2490 3377 2503 3390 ⁸
2583 3399 2659 3443 cu
2690 3385 2772 3442 te.
2804 3381 2854 3454 ¹)

3282 3514 3523 3580 Vostre
3565 3515 3735 3580 frere
3779 3523 3845 3579 et
3888 3515 4019 3581 bon
4063 3537 4216 3601 amy

3512 3598 3723 3664 Iehan
3768 3599 4023 3668 Calvin.

3190 3856 3599 3868 ———-——-——-—

3338 4057 3491 4129 443.

2950 4153 3306 4266 cinvm
3345 4195 3410 4259 A
3451 4194 3579 4261 tm
3619 4179 3888 4262 onan.

2612 4365 2897 4447 Reponse
2953 4365 2995 4429 ὰ
3049 4386 3140 4429 απ
3184 4366 3401 4447 Ρνέινε
3453 4365 3796 4447 οαιῆοῑὶᾳαθ
3853 4367 3962 4448 qui
4019 4369 4194 4433 avait
4235 4370 4387 4435 ecrit

2436 4473 2556 4533 que
2599 4452 2667 4517 la
2698 4457 2873 4531 peste
2913 4451 3025 4532 qui
3065 4451 3309 4533 νέφηαὶἰ
3351 4451 3393 4514 ὰ
3443 4451 3678 4515 Genava
3712 4451 3864 4515 &tait
3904 4471 4027 4518 une
4054 4455 4230 4535 juste
4262 4476 4386 4537 pu-

2436 4539 2635 4603 nition
2676 4537 2751 4602 de
2790 4536 2964 4603 Dieu
3004 4537 3080 4602 de
3114 4535 3179 4600 la
3218 4535 3443 4602 revolte
3485 4541 3686 4601 contre
3728 4555 3804 4600 sa
3837 4538 4041 4602 sainte
4077 4540 4283 4624 eylise.

2435 4706 2813 4789 (Autographe
2847 4705 2915 4760 de
2949 4707 3004 4759 la
3038 4705 3178 4759 Bibl.
3214 4706 3281 4758 dc
3318 4704 3553 4759 Geneve.
3619 4704 3749 4759 Ood.
3789 4704 3957 4769 107⁸,
3992 4708 4085 4762 fol.
4119 4708 4240 4764 365.
4292 4711 4384 4765 Au

2437 4779 2538 4830 dos
2574 4794 2644 4830 on
2679 4776 2745 4828 ht
2780 4774 2935 4829 d'une
2971 4779 3126 4827 autre
3161 4775 3333 4827 main:
3384 4774 3664 4843 Responce
3700 4791 3732 4825 a
3766 4791 3838 4826 un
3875 4778 4080 4830 certain
4116 4778 4256 4832 Cure
4292 4779 4383 4848 qm·

2438 4847 2590 4898 avoit
2624 4845 2788 4898 escrit
2822 4844 3020 4897 durant
3056 4859 3160 4912 que
3195 4843 3249 4895 la
3283 4849 3437 4912 peste
3473 4843 3638 4896 estoit
3671 4859 3704 4895 a
3741 4842 3982 4897 Geneve:
4020 4846 4074 4898 la
4108 4863 4177 4899 ou
4212 4847 4251 4899 il
4285 4863 4321 4917 y
4352 4864 4387 4900 a

2437 4914 2706 4982 plusieurs
2751 4913 3103 4967 instructions
3147 4912 3466 4981 singulieres
3512 4917 3614 4965 etc.
3697 4910 3988 4982 L’original
4033 4930 4091 4967 se
4138 4915 4205 4967 lit
4248 4915 4385 4969 dans

2475 5098 4384 5166 442.1)N0u⁸awevmetmamoebazaemlaroide

2465 5168 3733 5309 'Qwoemwam
3752 5172 4023 5292 w
4045 5168 4242 5293 m
4255 5168 4393 5294 tt.

2441 5170 2626 5294 ξ..

3905 5390 3969 5445 31
