5050 6167
697 412 825 477 583
2245 405 2775 478 EPISTOLAB
2817 411 3160 475 481—483
4568 414 4679 481 584

696 596 1091 678 edification,
1153 616 1240 663 011
1301 595 1453 680 plus
1505 601 1782 680 portant
1837 595 2198 663 d'honneur
2253 604 2297 665 a
2358 598 2653 684 l’Eglise,

696 705 828 770 que
881 690 958 750 tu
1011 682 1150 749 n'as
1202 683 1456 749 i’amais
1512 688 1719 767 gasto,
1782 690 1995 769 ruyne
2037 704 2121 748 ne
2165 681 2526 770 dommage,
2585 692 2655 750 et

739 771 846 836 lus
887 790 1014 854 que
1055 775 1132 833 ι11
1174 772 1313 835 n’as
1366 768 1621 834 i’amais
1662 767 1822 835 faict
1864 768 1945 834 de
2002 768 2449 836 deshonneur:
2505 777 2655 836 tant

741 877 778 922 e
816 856 966 940 ioye
1008 860 1075 920 et
1117 852 1198 921 de
1240 854 1642 922 consolation
1678 875 1763 919 011
1797 854 1926 920 001ι
1959 860 2001 920 a
2042 860 2210 935 tous,
2255 861 2454 939 qu'on
2494 859 2652 921 n'en

690 941 876 1027 parle
918 940 1113 1025 qu’en
1153 941 1550 1007 remerciant
1588 947 1656 1006 οι
1695 939 1927 1005 louant
1978 940 2156 1006 Dieu
2198 939 2315 1009 des
2357 941 2544 1009 biens
2584 948 2653 1007 et

692 1048 921 1113 graces
1007 1047 1091 1092 ue
1123 1034 1346 1092 nostre
1381 1023 1712 1110 Seigneur
1753 1025 1942 1093 Iesus
1980 1030 2192 1091 t’aura
2232 1028 2479 1095 faictes.
2556 1027 2652 1093 Et

688 1132 827 1179 non
860 1133 930 1179 se
1003 1118 1223 1178 ement
1257 1119 1300 1177 a
1335 1119 1453 1178 ton
1486 1132 1632 1177 ame
1666 1119 1733 1178 et
1787 1132 1875 1177 en
1907 1120 1979 1177 ta
2011 1132 2338 1195 personne
2373 1115 2549 1179 Dieu
2582 1120 2651 1178 te

692 1198 1036 1283 remplisse
1071 1197 1153 1264 de
1186 1205 1405 1264 tontes
1422 1196 1884 1277 benedictions,
1919 1198 2087 1265 mais
2113 1202 2290 1266 aussi
2323 1200 2419 1265 les
2454 1200 2646 1280 tiens,

691 1285 804 1369 qui
863 1305 950 1350 en
1007 1290 1236 1350 nostre
1288 1282 1616 1368 Seigneur
1669 1283 1861 1350 Iesus
1925 1285 2347 1369 s’esioyssent
2410 1284 2647 1350 d'estre

690 1391 851 1437 avec
894 1376 1027 1455 toy,
1087 1377 1157 1435 ta
1196 1390 1402 1453 povre
1439 1370 1697 1450 femme,
1758 1376 1827 1434 et
1868 1375 1968 1436 tes
2010 1372 2259 1451 enfans,
2305 1371 2499 1454 qu’ilz
2541 1371 2646 1438 vi-

687 1462 851 1522 vent
892 1476 976 1521 en
1019 1456 1205 1521 toute
1260 1456 1650 1521 honnestete
1701 1462 1770 1520 et
1823 1453 2235 1522 benediction
2292 1477 2452 1524 avec
2495 1463 2643 1541 toy:

688 1561 817 1626 que
872 1547 949 1606 tu
999 1539 1149 1606 leur
1203 1561 1275 1607 so
1322 1562 1355 1606 s
1410 1562 1542 1606 aux
1598 1541 1830 1607 enfans
1884 1550 2275 1627 vrayement
2314 1563 2489 1627 pere,
2547 1542 2645 1607 les

691 1647 942 1711 voyanz
1021 1626 1205 1711 loger
1328 1632 1817 1693 onnestement:
1898 1634 1966 1692 et
2022 1635 2065 1693 a
2133 1634 2205 1693 ta
2268 1630 2509 1694 femme
2568 1634 2643 1692 tu

688 1732 842 1796 soys
876 1733 1042 1797 vray
1075 1734 1286 1797 mary,
1331 1718 1537 1799 ayant
1569 1733 1802 1779 encore
1836 1713 2085 1780 saincte
2119 1713 2339 1799 lignee
2373 1713 2642 1793 d’icelle,

685 1798 801 1882 qui
839 1806 1028 1881 porte
1069 1805 1187 1864 ton
1228 1818 1384 1863 nom
1428 1818 1513 1863 en
1553 1799 1868 1864 memoire
1911 1797 1992 1864 de
2045 1797 2113 1863 la
2155 1799 2404 1884 grande
2447 1819 2644 1884 grace

686 1889 755 1949 et
797 1882 1208 1951 benediction
1288 1904 1373 1949 110
1407 1883 1581 1950 Dieu
1616 1883 1706 1949 t’a
1745 1884 1954 1950 faicte.
2026 1885 2241 1953 Prens
2282 1886 2351 1951 la
2392 1886 2642 1952 saincte

682 1968 1101 2036 benediction
1145 1968 1226 2035 de
1342 1968 1446 2035 ‘eu
1490 1976 1558 2035 οι
1611 1970 1766 2054 fuys
1807 1969 1876 2034 la
1915 1969 2355 2038 malediction.
2442 1969 2522 2037 Si
2564 1978 2641 2035 tu

680 2053 979 2121 t’oublies
1019 2076 1189 2139 pour
1227 2054 1435 2135 Iesus,
1489 2063 1559 2122 et
1602 2056 1745 2123 n’as
1788 2054 2025 2141 esgard
2069 2062 2110 2121 a
2150 2063 2266 2143 toy
2309 2077 2481 2140 pour
2522 2057 2641 2141 luy

683 2141 914 2220 servir,
960 2146 1028 2207 et
1071 2161 1157 2206 ne
1190 2141 1407 2208 crains
1442 2141 1740 2224 vitupero
1783 2162 1869 2207 ne
1910 2142 2107 2209 chose
2195 2143 2261 2208 111
2302 2143 2431 2208 001ι
2469 2163 2641 2226 pour

682 2225 1038 2293 l'honneur
1095 2226 1177 2292 de
1219 2226 1438 2305 Iesus,
1496 2235 1568 2292 tu
1629 2234 1968 2294 trouveras
2010 2248 2139 2311 que
2250 2228 2355 2293 1011
2398 2249 2639 2313 vraye-

679 2318 864 2378 ment
897 2331 1062 2377 aura
1094 2332 1321 2396 grosse
1355 2333 1767 2380 souvenance
1789 2312 1871 2378 de
1905 2321 2038 2399 toy,
2074 2321 2144 2378 et
2176 2335 2264 2380 ne
2296 2313 2640 2379 t'oubliera

677 2396 893 2480 point,
982 2397 1151 2464 mais
1231 2418 1393 2464 aura
1472 2396 1707 2483 esgard
1788 2407 1831 2465 a
1905 2407 2057 2483 toy,
2145 2405 2213 2464 et
2274 2399 2639 2464 t'assistera

679 2482 1132 2566 grandement,
1186 2490 1254 2549 et
1307 2492 1376 2549 te
1435 2483 1730 2549 donnera
1772 2491 1917 2550 tant
1974 2483 2054 2549 de
2095 2484 2250 2551 bien
2291 2492 2358 2549 οι
2401 2485 2636 2550 d’hon·

680 2588 869 2648 neur,
928 2589 1062 2634 non
1103 2569 1291 2651 point
1331 2568 1646 2635 mondain
1688 2576 1756 2636 et
1796 2570 1978 2656 vain,
2028 2572 2196 2636 mais
2238 2570 2526 2638 celestiel
2569 2577 2636 2635 et

674 2674 865 2739 vray,
911 2675 1036 2737 que
1079 2664 1194 2719 ton
1236 2676 1438 2721 cucur
1480 2676 1627 2721 sera
1670 2663 1944 2722 estonne
1989 2655 2070 2720 de
2103 2655 2474 2724 merveilles
2517 2655 2634 2722 des

671 2759 903 2824 graces
947 2738 1037 2804 du
1085 2737 1415 2824 Seigneur
1470 2761 1708 2807 envers
1761 2748 1894 2827 toy.
1983 2740 2078 2807 Oe
2136 2739 2267 2807 bon
2324 2749 2394 2809 et
2434 2743 2632 2808 mise-

671 2823 1051 2891 ricordieux
1092 2824 1264 2891 Pere
1315 2826 1458 2893 face
1510 2846 1638 2910 que
1688 2847 1858 2892 nous
1905 2827 2244 2894 recevions
2287 2828 2383 2894 les
2426 2849 2631 2913 grans

670 2910 859 2976 biens
916 2909 1075 2994 qu'il
1131 2919 1450 2995 presente.
1536 2912 1641 2977 'ru
1681 2911 2135 2980 m'advertiras
2191 2913 2296 2979 s’il
2339 2922 2404 2979 te
2445 2913 2631 2997 plait,

671 2995 732 3062 si
787 3002 865 3062 tu
925 3017 1087 3063 vens
1139 2997 1424 3080 prendre
1476 3003 1650 3065 ceste
1708 2998 2082 3065 conclusion
2141 3020 2225 3064 en
2279 2998 2632 3066 l’honneur

675 3081 758 3147 de
797 3082 990 3149 Iesus
1044 3088 1111 3147 et
1152 3082 1523 3152 edification
1567 3083 1649 3151 de
1702 3090 1876 3152 ceste
1917 3084 2166 3169 Eglise.
2253 3086 2361 3152 De
2404 3084 2629 3153 Stras-

673 3167 889 3253 bourg
932 3189 1006 3234 00
1050 3171 1153 3235 25.
1195 3167 1276 3235 de
1318 3170 1518 3256 Iuing
1564 3172 1746 3237 1543.

1814 3305 2195 3375 Guillaume
2235 3306 2454 3375 Farel.

1569 3834 1726 3909 48².

669 3985 1139 4056 GALVINUS
1159 3988 1281 4055 ET
1301 3989 1805 4060 FARELLUS
1841 3993 2248 4063 SENATUI
2267 3993 2625 4064 ARGEN-

1372 4091 1920 4164 TORATENSI.

846 4257 2625 4350 Pemnttdaibioopiafiatdiwutationismsttro

673 4341 2623 4439 caroloooncionatoreMetemietquidpraetereainhao

665 4430 2368 4525 reporleqatosayendumsnoivideavuroerponmae.

809 4616 1145 4700 Apographo
1178 4635 1380 4676 coaevo
1430 4622 1587 4678 Petri
1607 4624 1866 4697 Martyris
1898 4629 2005 4684 nisi
2038 4629 2289 4698 fallimur,
2323 4632 2382 4687 in
2396 4630 2619 4687 Archiv.

753 4701 961 4742 omnm
1004 4688 1230 4758 Argent.
1277 4664 1403 4747 cod
1448 4692 1989 4832 Ἢιιὲρῖςῖςοωαω
2039 4699 2169 4754 hist.
2220 4701 2349 4756 0001.
2400 4701 2522 4757 vol.
2570 4702 2620 4757 1.

839 4941 1036 5044 Quod
1089 4943 1490 5017 clarissimus
1547 4959 1813 5020 senatus
1865 4955 2375 5041 Argentinensis
2427 4961 2622 5028 iussit

663 5048 787 5131 nos
824 5051 931 5130 ‘m’
967 5030 1249 5097 formula
1297 5037 1718 5119 perscribere,
1771 5041 2061 5124 primum
2158 5043 2270 5109 uid
2312 5045 2394 5111 ab
2435 5046 2621 5113 illus·

663 5122 969 5182 trissnms
1046 5118 1446 5204 principibus
1539 5131 1608 5189 et
1697 5126 2040 5194 civitatum
2155 5130 2365 5215 egatis
2443 5154 2623 5200 nunc

667 5198 1107 5303 Smalcaldiae
1148 5210 1559 5291 congregatis
1591 5211 1876 5279 velimus
1910 5222 2133 5281 nostro
2167 5217 2431 5283 nomine
2472 5241 2622 5303 pos-

659 5286 889 5353 tulan:
955 5287 1208 5374 demde,
1273 5293 1331 5358 si
1393 5299 1830 5365 concesserint
1895 5300 2066 5383 quod
2120 5303 2424 5387 petimus,
2489 5327 2625 5391 qua

2758 596 3019 748 111ᾱοἓο
3069 616 3453 665 censeamus
3509 596 3839 683 agendum
3883 617 4044 678 esse,
4085 596 4169 663 ad
4212 604 4552 681 utrumque
4590 621 4682 667 re-

2758 702 2927 766 spon
2974 703 3179 749 emus.

2926 768 3231 835 Primum
3274 787 3584 854 rogamus
3624 767 4104 834 illustrissimos
4135 769 4464 853 principes
4496 778 4559 836 et
4588 793 4683 841 re-

2753 852 2970 937 liquos
3022 861 3236 920 status
3278 861 3357 920 11ι
3413 853 3761 939 diligenter
3823 853 4205 936 expendant
4254 875 4452 939 quam
4504 859 4687 927 noxia

2755 939 2845 1004 sit
2894 941 3099 1023 pestis
3140 941 3226 1006 D.
3276 938 3543 1007 Carolus
3591 938 3766 1026 apud
3806 940 4157 1007 Metenses.
4245 940 4473 1024 Neque
4520 945 4687 1011 enim

2753 1030 3016 1090 tantum
3067 1025 3290 1092 hostes
3350 1026 3651 1093 veritatis
3707 1026 4051 1091 confirmat
4113 1025 4196 1091 ad
4259 1028 4684 1111 pertinaciam,

2754 1110 2869 1176 sed
2912 1111 3155 1178 multos
3196 1112 3496 1177 infirmos
3538 1118 3608 1176 et
3641 1110 3933 1177 nondum
3968 1111 4136 1177 bene
4176 1112 4511 1180 institutos
4542 1136 4688 1182 con-

2754 1196 2951 1261 cutit:
3010 1205 3079 1261 et
3128 1197 3497 1296 periculum
3539 1203 3660 1297 est·
3695 1218 3779 1262 ne
3818 1196 4067 1298 multos
4120 1195 4467 1298 labefactet
4505 1207 4687 1285 atque

2749 1289 3406 1466 ΐὲἑῖιὲωᾷἵὲἢῖῗω
3419 1282 3807 1435 Ἓξᾛὲέ.
3843 1284 4070 1434 Ἥῗιω
4095 1283 4526 1453 ἶᾱηῗῗῗὲἓὲᾈ
4567 1287 4692 1439 1.ῗὲ

2744 1451 2903 1519 111110
2944 1453 3164 1519 missis
3206 1454 3412 1520 iactat
3452 1473 3522 1519 se
3568 1452 3891 1521 Fanum
3946 1454 4032 1519 ad
4085 1462 4420 1522 certamen
4462 1477 4690 1541 provo-

2748 1558 2950 1618 casse,
2996 1538 3234 1622 ubique
3278 1540 3647 1624 triumphat
3678 1540 3752 1604 in
3785 1539 4040 1607 Christi
4082 1549 4150 1606 οι
4183 1542 4510 1627 evangelii
4543 1565 4691 1611 con-

2757 1623 3115 1689 tumeliam.
3202 1625 3557 1692 Pmeterea
3612 1625 3815 1691 falsae
3869 1627 4008 1692 eius
4070 1627 4557 1695 criminationes
4611 1627 4694 1696 ad

2747 1716 2953 1776 totam
2998 1710 3303 1775 viciniam
3337 1719 3626 1791 manant,
3672 1718 3738 1777 et
3780 1712 3935 1794 quia
3978 1733 4110 1778 non
4154 1713 4546 1780 refelluntur
4585 1735 4691 1781 eas

2742 1815 2862 1879 pro
2905 1796 3083 1861 veris
3124 1794 3321 1862 habet
3362 1796 3604 1881 vulgus
3645 1797 4007 1863 hominum.
4079 1796 4259 1880 Quin
4294 1800 4497 1866 etiam
4539 1799 4693 1867 dum

2748 1879 2935 1946 videt
2977 1899 3048 1945 se
3087 1882 3358 1965 impune
3402 1881 3563 1948 haec
3603 1883 3833 1959 facere,
3879 1885 4194 1950 maiorem
4228 1884 4442 1951 indies
4483 1886 4693 1969 impu-

2745 1963 3034 2031 dentiam
3078 1974 3147 2031 et
3187 1968 3526 2034 audaciam
3569 1968 3834 2053 colligit,
3878 1989 4001 2035 nec
4042 1970 4171 2035 alio
4214 1978 4518 2054 spectant
4558 1972 4695 2038 eius

2744 2049 2966 2117 studia
2997 2057 3064 2152 et
3096 2060 3367 2119 conatus
3388 2054 3517 2119 nisi
3552 2062 3627 2120 ut
3659 2074 3781 2137 per
3814 2055 4175 2155 tumultum
4208 2065 4278 2122 οι
4309 2057 4696 2125 seditionem

2744 2136 3902 2322 3335535300233300123331231
3946 2141 4470 2312 mm.
4483 2149 4697 2313 0333}

2741 2314 2852 2373 tus
2883 2308 3087 2387 1111111,
3131 2310 3550 2376 concionator
3575 2314 3626 2396 ¹)
3671 2311 4067 2378 arbitrorum
4108 2311 4370 2380 decreto
4413 2314 4551 2382 illic
4593 2335 4697 2381 or·

2741 2392 3005 2460 dinatus
3057 2395 3194 2461 fere
3248 2396 3610 2463 trucidatus
3665 2397 3880 2463 fuerit.
3966 2398 4121 2464 Duo
4165 2400 4341 2465 enim
4386 2422 4545 2467 eum
4586 2421 4700 2485 ag·

2740 2481 2950 2564 gressi
3000 2486 3156 2546 sunt
3196 2481 3454 2548 malleis
3509 2483 3746 2567 ligneis
3802 2491 3871 2548 et
3925 2484 4277 2564 securibus,
4338 2506 4466 2552 nec
4509 2486 4699 2552 aliter

2739 2564 2952 2631 evasit
3012 2571 3291 2632 mortem
3356 2567 3488 2633 nisi
3551 2568 3838 2635 mirabili
3900 2569 4033 2635 Dei
4098 2570 4433 2638 beneficio,
4523 2572 4701 2640 Hinc

2736 2650 2927 2716 facile
2969 2650 3189 2736 colligi
3231 2660 3448 2736 potest
3488 2654 3636 2737 quis
3692 2655 3959 2720 futurus
4002 2656 4090 2721 sit
4131 2658 4367 2736 exitus,
4429 2659 4490 2724 si
4534 2658 4701 2725 ulte-

2736 2735 2875 2802 rius
2919 2746 3179 2802 cessent
3221 2759 3298 2804 ac
3340 2738 3752 2806 dissimulent
3784 2740 4215 2807 illustrissimi
4249 2743 4587 2828 principes
4627 2762 4703 2810 ao

2737 2828 2946 2922 status
2985 2820 3267 2923 foederis
3309 2825 3837 2927 protestantium³
3908 2825 4082 2892 Nam
4124 2828 4305 2928 illius
4346 2829 4543 2929 impii
4586 2829 4706 2895 ho-

2734 2928 2933 3093 3³13?
2958 2909 3731 3094 0111δὲξὲιὲᾚέυὲ
3733 2931 4054 3064 aigllgmsga
4073 2921 4476 3067 sfffiufflm
4518 2950 4703 3069 vide:

2732 3079 2917 3145 b1tur
2958 3080 3018 3144 si
3058 3079 3237 3146 1111110
3293 3081 3711 3164 improbitate
3755 3081 3839 3148 ad
3892 3084 4452 3169 exstinguendum
4499 3108 4705 3153 evan-

2733 3164 2981 3248 gelium
3034 3171 3102 3231 οι
3165 3165 3508 3234 ecclesiam
3564 3167 4029 3235 destruendam
4093 3172 4423 3238 abutatur.

2733 3256 2851 3316 aut
2912 3271 3087 3317 nunc
3150 3252 3377 3318 statim
3434 3252 3836 3320 obviandum
3891 3262 3994 3321 est
4057 3262 4248 3322 tanto
4305 3258 4488 3324 malo
4502 3310 4521 3339 ,
4589 3265 4704 3325 aut

2731 3356 3072 3420 nunquam
3137 3336 3211 3401 111
3274 3345 3568 3422 tempore
3624 3341 3757 3406 fiet.
3857 3340 4031 3406 Rem
4095 3342 4273 3408 0111111
4337 3344 4518 3410 colla

2731 3421 3086 3488 restituere
3127 3423 3327 3490 nimis
3370 3423 3618 3492 arduus
3660 3445 3737 3491 ac
3778 3425 4063 3494 difficilis
4105 3429 4234 3494 erit
4271 3429 4484 3496 labor.

2901 3506 3049 3573 Has
3100 3509 3389 3576 rationes
3444 3511 3607 3577 satis
3666 3531 3904 3596 graves
3957 3519 4026 3578 οι
4077 3513 4287 3581 iustas
4339 3517 4574 3583 visum
4619 3514 4708 3582 iri

2731 3591 3117 3660 confidimus
3151 3593 3617 3663 illustrissimis
3649 3597 4055 3681 principibus
4089 3620 4453 3684 eorumque
4483 3600 4705 3669 foede-

2731 3677 2913 3757 ratis,
2967 3700 3090 3745 cur
3138 3679 3536 3765 legationem
3578 3681 3737 3750 illuc
3779 3683 4068 3765 mittant,
4124 3706 4292 3769 quae
4331 3685 4473 3753 duo
4519 3707 4569 3752 a·
4604 3707 4706 3755 se-

2730 3769 2895 3829 natu
2944 3764 3258 3848 postulet:
3315 3768 3531 3851 magis
3584 3766 3963 3835 ordinatum
4017 3778 4087 3835 οι
4139 3770 4377 3839 melius
4437 3793 4708 3857 compo-

2729 3848 2932 3916 situm
2975 3850 3284 3918 ecclesiae
3327 3859 3575 3919 statum
3618 3875 3814 3938 quam
3857 3876 4034 3923 nunc
4077 3856 4182 3937 sit,
4225 3866 4435 3941 prout
4481 3860 4708 3926 visum

2726 3935 2861 4085 {aim
2904 3936 3168 4088 fflff
3208 3937 3440 4019 fuerat,
3485 3938 3721 4006 deinde
3773 3939 3991 4008 locum
4033 3941 4349 4010 adversus
4400 3943 4711 4013 Carolus

2796 4041 2830 4086 s
2873 4042 2920 4085 11

2766 4190 2780 4205 .
2829 4041 2873 4105 p
2900 4103 3036 4173 Sed
3073 4106 3155 4173 de
3192 4108 3558 4209 flagitando
3594 4117 3663 4176 οι
3696 4112 4154 4179 0011οι1ιο011ᾶο
4187 4115 4454 4182 meliori
4495 4114 4709 4184 eccle-

2728 4211 2864 4257 siae
2920 4198 3130 4274 statu,
3186 4194 3619 4280 rehnquimus
3673 4197 3797 4263 hoc
3867 4195 4253 4281 prudentiae
4294 4200 4389 4266 ill.
4450 4202 4704 4286 princi-

2725 4295 2889 4359 pum
2931 4285 2999 4342 et
3038 4285 3349 4346 statuum.
3422 4280 3651 4363 Quum
3684 4288 3905 4348 autem
3947 4291 4015 4351 et
4044 4284 4137 4352 ill.
4172 4286 4509 4355 Dominos
4554 4308 4709 4372 pro-

2725 4368 3045 4430 testantes
3088 4385 3443 4450 omnesque
3487 4387 3715 4433 eorum
3769 4365 4064 4437 doctores
4106 4377 4173 4436 et·
4218 4393 4340 4439 nos
4384 4375 4706 4440 nomina-

2724 4447 2849 4512 tim
2891 4447 3169 4516 subinde
3209 4452 3587 4535 proscindit,
3632 4459 3700 4517 et
3738 4453 3922 4520 falsis
3954 4455 4299 4524 calumniis
4340 4458 4706 4544 impuden-

2723 4540 2827 4599 ter
2867 4542 3122 4619 gravat,
3166 4557 3475 4623 rogamus
3516 4538 3607 4603 ill.
3664 4540 3996 4623 principes
4035 4549 4112 4607 ut
4153 4543 4253 4608 illi
4297 4550 4366 4609 et
4411 4544 4705 4630 proinde

2723 4619 2913 4686 nobis
2950 4641 3210 4705 quoque
3251 4624 3655 4689 audientiam
3698 4625 4051 4709 impetrare
4084 4629 4524 4714 contendant,
4571 4636 4704 4717 quo

2722 4704 2920 4772 liceat
2970 4708 3160 4773 nobis
3212 4708 3653 4776 innocentiam
3695 4718 3990 4778 nostram
4032 4713 4331 4799 legitima
4373 4719 4496 4784 via
4540 4738 4705 4801 pur-

2725 4811 2901 4875 gare.
3000 4792 3231 4877 Neque
3283 4792 3351 4859 id
3408 4795 3689 4862 velimus
3746 4797 4013 4863 concedi
4066 4802 4308 4868 nostris
4361 4803 4703 4887 personis,

2726 4877 2840 4942 sed
2861 4885 3124 4943 tantum
3145 4886 3224 4945 11ι
3264 4901 3337 4945 00
3379 4880 3542 4946 illud
3578 4881 3912 4965 impurum
3954 4884 4347 4968 obstruatur,
4398 4897 4473 4956 et
4519 4889 4704 4957 cohi-

2723 4962 3005 5029 beantur
3045 4965 3187 5032 eius
3240 4965 3685 5049 blasphemiae
3698 5018 3715 5047 ,
3781 4989 3982 5053 eoque
4029 4972 4225 5038 modo
4268 4982 4704 5042 sacrosancta

2724 5048 2977 5115 Christi
3020 5048 3319 5118 doctrina
3359 5052 3735 5120 vindicetur
3766 5054 3842 5120 in
3873 5076 4069 5123 suum
4103 5058 4447 5127 honorem.
4529 5058 4703 5128 Inde

2758 5252 2890 5334 492.
2928 5256 2986 5321 1)
3023 5254 3244 5311 Nomen
3274 5255 3514 5322 fortasse
3557 5258 3885 5329 mpeditat
3918 5260 4258 5332 Seckondort
4287 5264 4387 5319 111.
4427 5266 4548 5321 400
4601 5266 4705 5335 φη·

2724 5322 2963 5393 alumnam
2987 5324 3255 5393 producit
3276 5325 3634 5384 Vatum-imm
3659 5334 3858 5399 postea
3890 5346 3963 5386 m.
4005 5331 4231 5390 Odobre
4261 5334 4403 5391 urbe
4440 5337 4700 5393 dedu-⁸.
