5050 6167
394 438 511 501 249

1284 623 1438 694 882.

779 778 1275 847 FREOHTUS
1319 779 1953 848 BULLINGERO.

562 950 893 1018 Calvam·
939 951 1099 1017 vidit
1154 971 1233 1017 ex
1276 951 1628 1018 Ratisbona
1660 952 2027 1019 redeuntem.
2122 954 2243 1036 Qui
2286 960 2343 1019 et

380 1035 665 1191 ,1ξέαᾶ
713 1042 1005 1120 suspecta
1062 1037 1286 1104 attulit.
1374 1036 1477 1105 De
1521 1036 1772 1103 Bueero
1829 1039 1967 1120 ipse
2006 1060 2130 1106 non
2173 1060 2341 1107 secu-

383 1294 744 1364 (Exeerptum
790 1312 859 1350 ex
905 1295 1245 1365 autographo
1280 1296 1501 1350 Archiv.
1538 1296 1717 1350 anic.
1753 1297 1896 1350 Plut.
1938 1297 2025 1350 VI.
2076 1298 2200 1351 Vol.
2240 1297 2342 1350 108

383 1365 515 1417 olim
554 1380 675 1433 epp.
714 1365 773 1417 Τ.
791 1364 890 1418 IV.
927 1371 1070 1433 part.
1091 1364 1133 1417 I.
1169 1365 1260 1420 fol.
1279 1363 1397 1418 214.
1454 1365 1717 1435 Reperies
1741 1383 1826 1436 ap.
1847 1366 2059 1420 Simler.
2086 1367 2209 1420 Vol.
2228 1364 2340 1430 50.)

557 1570 843 1655 Egregie
887 1568 1075 1635 docto
1130 1580 1196 1634 et
1239 1571 1348 1654 pio
1388 1570 1473 1636 D.
1520 1571 1906 1656 Heynricho
1949 1571 2338 1658 Bullingero

381 1654 746 1739 'l'igurinae
787 1655 1094 1722 ecclesiae
1138 1655 1515 1723 fidelissimo
1559 1658 1862 1725 ministro
1897 1658 2189 1723 Domino
2233 1680 2339 1725 eo-

378 1739 580 1806 lendo
622 1751 690 1808 et
732 1742 1070 1808 carissimo
1114 1741 1320 1809 fratri.

560 1911 866 1979 Calvinus
922 1918 1022 1978 20.
1080 1913 1262 1979 Iunii
1315 1935 1398 1979 ex
1453 1914 1816 1981 Ratisbona
1868 1915 1998 1981 huc
2054 1915 2339 1982 redierat

379 2008 449 2065 et
508 1998 820 2081 postridie
882 2021 1038 2066 mox
1105 1994 1259 2067 binc
1324 2000 1637 2067 solvebat.
1751 2000 1887 2083 Qui
1944 2000 2098 2081 hoc,
2164 2001 2339 2085 quod

376 2087 671 2150 maxime
713 2086 879 2151 seire
923 2086 1295 2168 cupiebam,
1354 2086 1512 2152 boni
1556 2088 1778 2153 nuncii
1824 2086 2159 2153 narrabat:
2226 2110 2336 2153 su-

376 2172 658 2254 perioris
702 2172 1101 2237 Germaniae
1144 2173 1452 2238 ecclesias
1496 2173 1739 2237 arctius
1782 2194 1961 2239 nune
2000 2192 2075 2238 ce
2123 2174 2337 2239 ulatas

375 2277 578 2340 quam
620 2278 930 2340 unquam.
999 2258 1142 2323 Deo
1183 2260 1360 2323 enim
1404 2268 1720 2341 perpetua
1763 2260 1991 2343 gratia.
2148 2262 2336 2325 nani-

374 2343 579 2407 miter
635 2342 802 2409 illud
848 2341 1247 2409 Caesareum
1308 2345 1627 2428 seriptum
1656 2345 1704 2428 ¹)
1760 2346 1946 2411 nobis
2000 2345 2338 2429 displicuit

374 2440 445 2494 et
489 2429 772 2494 reiectus
807 2428 1122 2496 articulus
1156 2429 1238 2494 de
1272 2430 2008 2495 transsubstantiatione
2041 2439 2161 2497 etc.
2228 2430 2334 2497 De

371 2512 644 2594 Bam,
688 2514 863 2598 quod
906 2524 972 2580 et
1016 2536 1122 2581 me
1156 2515 1441 2600 angebat
1473 2518 1780 2595 maxime,
1830 2515 2132 2582 Calvinus
2175 2538 2333 2600 quo-

373 2621 510 2682 que
553 2599 894 2678 narrabat,
947 2621 1069 2683 per
1123 2603 1342 2666 omnia
1386 2603 1551 2667 bene
1593 2601 1653 2667 ei
1698 2622 1847 2667 cum
1892 2602 2161 2686 reliquis
2200 2604 2333 2668 fra-

370 2685 593 2752 tribus
637 2687 1023 2763 convenire,
1082 2689 1208 2752 etsi
1262 2709 1439 2753 nunc
1497 2686 1852 2753 subodorer
1905 2689 2124 2753 nescio
2168 2709 2332 2771 quas

374 2772 750 2856 singulares
793 2771 1293 2838 deliberationes
1343 2773 1533 2838 illum
1578 2774 1902 2840 habuisse.
1993 2772 2140 2839 Scit
2186 2772 2332 2839 Gaz-

368 2860 565 2924 vinus
606 2879 801 2942 quam
856 2867 1220 2942 opportune
1268 2860 1643 2944 importune
1687 2860 2086 2943 Ratisponae
2124 2858 2331 2925 Buce-

366 2965 523 3013 rum
567 2943 932 3010 monuerim
952 2995 968 3023 ‚
1025 2947 1387 3011 obtestatus
1428 2946 1696 3024 fuerim,
1755 2952 1833 3011 ut
1875 2966 2009 3010 non
2051 2945 2330 3011 nimium

365 3028 750 3115 indulgeret
823 3029 1398 3098 conciliationibus.
1509 3032 1761 3097 Verum
1826 3034 2135 3116 temporis
2213 3054 2330 3097 an-

366 3116 597 3201 gustia
637 3115 950 3183 excludor
991 3139 1168 3184 nune
1212 3116 1292 3183 de
1334 3118 1418 3184 iis
1461 3124 1530 3184 et
1562 3116 1708 3184 aliis
1751 3116 2111 3184 scribendo.
2191 3117 2329 3185 Ob-

364 3210 652 3269 testatus
699 3201 1027 3269 Calvinum
1081 3225 1228 3270 sum
1284 3213 1390 3282 ut,
1446 3203 1600 3286 quia
1655 3224 1761 3269 me
1818 3204 2062 3269 diutius
2104 3204 2330 3270 Ratis-

364 3309 585 3372 ponae
626 3288 962 3365 haeserat,
1021 3288 1104 3355 ad
1161 3310 1278 3355 vos
1333 3290 1662 3356 scriberet.
1752 3288 1889 3357 Sed
1933 3300 2330 3376 grammato·

364 3374 622 3459 phorus
663 3375 787 3441 iste
828 3373 1081 3457 reliqua
1134 3384 1418 3459 exponet
1469 3375 1672 3441 vobis.
1759 3376 1948 3442 Bene
1990 3375 2138 3442 vale
2177 3398 2329 3444 cum

364 3460 657 3526 dominis
690 3472 758 3527 et
788 3460 1106 3527 fratribus
1150 3461 1538 3547 symmystis
1581 3460 2021 3541 observandis,
2067 3482 2228 3544 quos
2263 3469 2330 3528 et

360 3546 584 3613 nostri
624 3546 904 3630 eupiunt
936 3546 1150 3613 salvos
1185 3567 1572 3630 mecumque
1614 3554 1856 3631 petunt
1899 3549 2137 3614 vestris
2179 3570 2328 3632 pre-

360 3631 554 3698 cibus
589 3631 1024 3699 commendati
1058 3654 1219 3699 esse.
1272 3632 1508 3700 Ulmae
1543 3633 1802 3717 raptim.
1873 3637 1930 3698 2.
1955 3632 2115 3699 Iulii
2144 3639 2323 3699 1541.

1194 3770 1268 3836 Τ.
1316 3791 1400 3836 ex
1444 3770 1664 3836 animo
1708 3769 1802 3836 M.
1847 3769 2194 3837 Frechtus.

1271 4266 1423 4337 333.

871 4404 1344 4473 OPORINUS
1389 4404 1824 4472 VADIANO.

544 4575 860 4658 Eaeaerpta
894 4577 1205 4659 quaedam
1239 4598 1315 4643 ex
1359 4575 1839 4644 zitaisBaaroti
1881 4583 1937 4642 et
1968 4578 2207 4647 Buceri
2247 4580 2327 4646 de

368 4663 609 4749 motio
654 4661 1102 4729 Ratisbonensi
1144 4664 1338 4748 deque
1384 4662 1641 4729 Calvino
1682 4665 2067 4730 transmittit.

370 4832 1677 4973 &massaris-asse..
1693 4832 2325 4972 *armus-..sss-

421 5157 614 5218 :mal
689 5160 861 5214 Liber
924 5159 1376 5229 Ratisbonensis,
1442 5162 1540 5231 qui
1600 5161 1785 5214 neutri
1838 5162 2000 5230 parti
2059 5162 2170 5216 sat‘
2223 5162 2327 5217 ecit

376 5228 564 5293 (Actes
700 5228 829 5284 Rat.
875 5228 1020 5299 ΟΜ).
1065 5231 1125 5285 T.
1154 5231 1217 5285 V.
1247 5232 1456 5300 p.515‚
1497 5231 1664 5299 Corp.
1702 5228 1829 5297 Res.
1866 5230 1975 5285 IV.
2015 5231 2041 5283 1
2115 5272 2134 5298 ,

550 5314 611 5366 p.
637 5297 751 5378 217).
804 5299 1085 5353 Buce-rum
1119 5300 1182 5354 in
1217 5301 1605 5383 conscribendo
1640 5300 1732 5353 alo
1765 5300 1907 5354 libro
1940 5231 2116 5354 “1⁸90
2228 5248 2322 5357 ἐξ·

374 5312 763 5436 masse,
804 5369 1196 5425 nonnullorum
1230 5386 1423 5439 opmw
1453 5371 1567 5438 suot
1601 5367 1759 5437 (Mol.
1797 5368 1830 5423 1.
1867 5368 1904 5423 1.
1940 5315 2231 5438 Ῑφυξῗὸἷ

2192 440 2351 503 1541
2401 436 2586 503 l'UL.

4267 441 4395 506 250

2615 623 2997 691 Clarissimo
3042 625 3187 690 viro
3220 625 3304 691 D.
3327 625 3664 692 Ieachimo
3684 626 3986 692 Vadiano
4007 624 4397 712 Sangallen-

2442 710 2615 776 sium
2660 709 2913 776 consuli
2953 709 3340 794 dignissimo
3380 712 3672 778 Domino
3729 720 3796 777 et
3836 714 4044 779 amico
4087 733 4205 778 suo
4248 713 4396 796 plu-

2442 797 2688 861 rimum
2729 794 3133 861 observando

2618 1051 2722 1118 De
2764 1053 3046 1119 comitiis
3087 1053 3679 1137 Ratisponensibus
3734 1054 3926 1121 libuit
3984 1055 4067 1121 ad
4126 1068 4190 1121 te
4234 1058 4396 1123 seri-

2446 1140 2601 1204 bere
2654 1160 2820 1223 quae
2892 1137 3363 1207 hisee-diebus
3421 1163 3503 1206 ex
3563 1142 3931 1225 Argentina
3995 1141 4079 1206 ad
4141 1150 4396 1208 nostros

2444 1225 2688 1308 scripta
2751 1238 2924 1292 sunt.
3045 1225 3151 1290 Ita
3215 1237 3435 1292 autem
3500 1226 3814 1293 Bedrotus
3878 1228 3960 1292 ad
4031 1228 4397 1311 Grynaemn

2443 1322 2744 1376 nostrum
2807 1312 3021 1395 (xxvij
3077 1310 3284 1394 Iunii)
3316 1312 3393 1399 ¹):
3495 1311 3715 1394 „Quid
3775 1313 4173 1379 Ratisbonae
4237 1334 4394 1399 aga·

2443 1406 2556 1461 tur
2594 1417 2679 1461 ex
2723 1395 2996 1480 epistola
3038 1397 3164 1461 ista
3205 1398 3372 1465 bene
3414 1399 3615 1484 longa
3661 1398 3900 1466 Buoeri
3954 1399 4038 1465 ad
4095 1410 4159 1466 te
4203 1400 4394 1467 facile

2441 1481 2791 1565 intelliges.
2880 1483 3048 1547 Eam
3098 1481 3402 1551 Calvinus
3453 1485 3768 1568 postridie
3821 1485 4094 1551 Ioannis
4151 1486 4391 1553 attulit.

2439 1568 2826 1652 Rogaverat
2867 1590 2972 1633 me
3016 1567 3310 1635 Bucems
3363 1582 3439 1635 ut
3480 1572 3554 1636 in
3598 1581 3780 1637 tuam
3824 1573 4107 1655 gratiam
4152 1572 4393 1639 deseri-

2439 1652 2664 1719 berem
2705 1675 2824 1720 sua
2866 1654 3216 1739 κακόγραφα
3233 1702 3250 1730 ,
3306 1657 3402 1722 ita
3444 1659 3624 1722 enim
3670 1667 3872 1723 vocat.
3959 1657 4216 1723 Verum
4257 1679 4394 1723 non

2438 1741 2716 1819 vacavit,
2761 1750 2827 1805 et
2871 1740 3031 1806 satis
3075 1742 3407 1808 commode
3451 1742 3654 1808 semel
3699 1743 4038 1828 scripsisse
4081 1744 4248 1809 mihi
4291 1745 4392 1811 vi-

2441 1825 2653 1890 detur.
2720 1823 2856 1892 Sed
2899 1836 2965 1891 et
3004 1827 3284 1893 nuncius
3327 1836 3587 1910 praeter
3628 1830 4005 1912 opinionem
4038 1830 4169 1895 iter
4213 1849 4394 1897 acce-

2438 1910 2701 1977 leravit.
2790 1912 2997 1977 Putat
3034 1910 3337 1978 Calvinus
3371 1934 3600 1997 pacem
3643 1916 3914 1981 solidam
3963 1917 4234 1982 minime
4276 1938 4394 1982 ex-

2441 1996 2865 2081 spectandam
2919 2017 2960 2061 a
2999 1997 3310 2079 Caesare,
3366 2002 3499 2064 imo
3553 2000 3755 2066 talem
3811 2023 4147 2085 nunquam
4203 2023 4397 2087 posse

2442 2083 2697 2166 sperari
2741 2083 2868 2149 nisi
2913 2083 2985 2147 in
3022 2083 3336 2169 religione
3378 2086 3735 2153 conveniat
3776 2097 3846 2152 et
3885 2089 3955 2152 in
3991 2088 4396 2154 reformatio-

2440 2190 2595 2234 nem
2632 2169 3094 2234 consentiatur.
3165 2170 3260 2235 At
3301 2170 3652 2253 quandoid
3686 2173 3981 2238 futurum
4003 2173 4390 2240 existimas?

2440 2253 2613 2320 Cum
2652 2253 2912 2320 Calvino
2950 2255 3277 2320 nihildum
3320 2278 3517 2341 agere
3559 2260 3890 2341 potuimus
3933 2259 4016 2324 de
4060 2261 4395 2325 vocatione

2440 2340 2839 2406 Genevensi.
2905 2341 3038 2407 Per
3078 2341 3409 2408 nundinas
3447 2344 3552 2408 hic
3595 2345 3886 2411 manebit
3930 2344 4011 2411 ob
4048 2343 4394 2411 Gallorum

2437 2426 2901 2509 frequentiam,
2968 2429 3078 2510 qui
3140 2427 3271 2494 huc
3335 2448 3701 2495 commeare
3764 2430 3981 2496 solent
4043 2438 4112 2496 et
4166 2430 4394 2495 audire

2437 2512 2936 2578 concionantem
2979 2533 3098 2578 sua
3139 2513 3366 2598 lingua
3411 2565 3677 2581 .....
3691 2524 3720 2549 “

2609 2598 2717 2662 Ex
2772 2596 2983 2664 literis
3035 2597 3275 2665 Bucari
3328 2598 3783 2667 communibus
3841 2600 3924 2667 ad
3980 2602 4218 2667 tratres
4261 2602 4391 2667 Ar-

2436 2685 2895 2767 gentinenses:
2948 2683 3071 2761 „In
3113 2707 3189 2750 eo
3233 2685 3511 2751 haerent
3543 2707 3667 2751 res.
3757 2687 3840 2751 In
3882 2694 4161 2770 utraque
4203 2694 4391 2770 parte

2436 2779 2593 2834 sunt
2646 2768 2759 2852 qui
2814 2778 2949 2835 toto
3004 2768 3196 2836 corde
3254 2792 3515 2836 omnem
3567 2772 4060 2838 consensionem
4107 2773 4386 2858 fugiunt.

2436 2854 2799 2936 Imperator
2831 2876 2980 2922 cum
3016 2855 3430 2939 paucioribus
3464 2857 3880 2924 concordiam
3902 2858 4180 2941 quaerit.
4246 2858 4390 2923 Ex-

2435 2950 2693 3006 ternam
2740 2961 2968 3027 pacem
3013 2962 3242 3008 omnes
3277 2942 3638 3019 clamitant,
3683 2943 3798 3010 sed
3841 2943 3954 3026 qui
3996 2943 4203 3009 ullam
4249 2944 4390 3011 eius

2432 3027 2757 3092 rationem
2810 3025 3091 3106 adferat,
3153 3036 3256 3093 est
3312 3048 3523 3093 neme.
3613 3029 3751 3096 Nec
3805 3028 3995 3096 video
4051 3050 4219 3113 quae
4273 3028 4391 3095 ad-

2432 3113 2594 3178 ferri
2635 3114 2845 3197 possit
2880 3136 3012 3179 non
3047 3115 3340 3198 graviter
3372 3113 3712 3180 oblaesura
3747 3115 4071 3182 ecclesias.
4138 3115 4391 3181 Tamen

2432 3197 2597 3263 libet
2647 3208 2718 3264 et
2777 3199 3142 3265 annitimur
3204 3220 3431 3283 pacem
3494 3200 3708 3266 facere
3771 3208 3963 3267 extra
4024 3199 4387 3268 Christum.

2437 3283 2740 3351 Calvinus
2780 3285 3039 3351 instetit
3081 3284 3194 3350 diu
3227 3296 3307 3351 ut
3340 3285 3603 3352 rediret.
3691 3286 4013 3371 Equidem
4057 3307 4207 3352 mea
4241 3306 4391 3352 sen-

2433 3372 2646 3437 tentia
2707 3370 3087 3437 maluissem
3164 3392 3318 3437 eum
3382 3372 3686 3438 retinere.
3799 3370 4121 3440 Miserum
4190 3372 4389 3451 enim,

2432 3476 2635 3539 quum
2680 3456 2791 3522 diu
2833 3456 3129 3541 plerique
3169 3456 3278 3524 hic
3320 3458 3566 3523 frustra
3608 3457 3970 3539 haeserint,
4028 3466 4173 3524 tum
4217 3458 4390 3524 abri-

2431 3564 2588 3627 pere
2633 3562 2705 3608 se
2720 3594 2738 3622 ,
2795 3543 3344 3695 quurgalpqmultiiim
3402 3543 3694 3610 instituit
3749 3544 3926 3611 iusta
3977 3544 4389 3610 consultatio.

3150 3765 3245 3831 Io.
3293 3763 3632 3851 Op‘orinus
3673 3775 3831 3834 tuus
3872 3775 4009 3832 toto
4051 3776 4330 3851 pectere.

2375 4246 2385 4319 l
3337 4257 3491 4328 334.

2912 4412 3384 4482 ΟΔΙΝΙΝΠΒ
3428 4412 3893 4479 FARELLO.

2608 4585 2861 4652 Narrat
2930 4606 3092 4668 quae
3154 4594 3295 4653 avite
3346 4606 3536 4653 suum
3599 4585 3949 4652 discessum
4007 4586 4390 4654 Ratisbonae

2430 4675 2570 4736 aeta
2599 4670 2860 4754 fuerint,
2904 4674 3072 4740 unde
3093 4673 3536 4757 profectionem
3575 4673 3938 4753 maturavit,
3979 4672 4069 4739 sbi
4119 4674 4386 4754 inutilis,

2427 4756 2598 4821 domi
2637 4759 3049 4825 necessarius.

2430 4925 2691 4994 (Servata
2724 4936 2810 4981 est
2848 4930 2902 4983 in
2941 4930 3072 4984 edit.
3109 4932 3290 4987 Bene
3325 4929 3526 4985 Gener.
3563 4949 3616 5001 p.
3639 4929 3728 4992 31,
3763 4930 3924 4985 Laus.
3961 4947 4013 5012 p.
4049 4927 4134 4999 68,
4171 4929 4386 4985 Hanov.

2429 5013 2481 5065 p.
2520 4994 2605 5066 76,
2640 4995 2855 5052 Ohouet
2889 5014 2941 5067 p.
2978 4997 3063 5066 39,
3100 5001 3298 5124 {11:513ss-
3317 4998 3472 5139 pllg
3506 5000 3844 5133 {hffngliee
3879 5000 4078 5069 legitur
4113 5016 4200 5068 ap.
4239 4997 4381 5052 B.-c.

2600 5200 2822 5282 Quum
2868 5203 3130 5271 nullum
3187 5205 3465 5291 amplius
3519 5207 3590 5272 in
3645 5213 3973 5274 conventu
4019 5226 4215 5272 usum
4256 5206 4383 5272 mci

2469 5327 3335 5444 mllvidesupraN.329.
