<?xml version="1.0" encoding="UTF-8"?>
<!DOCTYPE html PUBLIC "-//W3C//DTD XHTML 1.0 Transitional//EN"
    "http://www.w3.org/TR/xhtml1/DTD/xhtml1-transitional.dtd">
<html xmlns="http://www.w3.org/1999/xhtml" xml:lang="en" lang="en">
 <head>
  <title>
</title>
<meta http-equiv="Content-Type" content="text/html;charset=utf-8" />
  <meta name='ocr-system' content='tesseract 3.04.00' />
  <meta name='ocr-capabilities' content='ocr_page ocr_carea ocr_par ocr_line ocrx_word'/>
</head>
<body>
  <div class='ocr_page' id='page_1' title='image "./ioanniscalvinio13unkngoog/ioanniscalvinio13unkngoog_0202.png"; bbox 0 0 5050 6167; ppageno 0'>
   <div class='ocr_carea' id='block_1_1' title="bbox 39 5 44 1006">
    <p class='ocr_par' dir='ltr' id='par_1_1' title="bbox 39 5 44 1006">
     <span class='ocr_line' id='line_1_1' title="bbox 39 5 44 1006; baseline 0 0"><span class='ocrx_word' id='word_1_1' title='bbox 39 5 44 1006; x_wconf 95' lang='lat' dir='ltr'><strong> </strong></span> 
     </span>
    </p>
   </div>
   <div class='ocr_carea' id='block_1_2' title="bbox 665 434 795 496">
    <p class='ocr_par' dir='ltr' id='par_1_2' title="bbox 665 434 795 496">
     <span class='ocr_line' id='line_1_2' title="bbox 665 434 795 496; baseline -0.015 0"><span class='ocrx_word' id='word_1_2' title='bbox 665 434 795 496; x_wconf 79' lang='lat'><strong>375</strong></span> 
     </span>
    </p>
   </div>
   <div class='ocr_carea' id='block_1_3' title="bbox 665 612 2630 1557">
    <p class='ocr_par' dir='ltr' id='par_1_3' title="bbox 665 612 2630 1557">
     <span class='ocr_line' id='line_1_3' title="bbox 665 612 2629 701; baseline -0.006 -14"><span class='ocrx_word' id='word_1_3' title='bbox 665 640 812 687; x_wconf 87' lang='lat' dir='ltr'><strong>esse</strong></span> <span class='ocrx_word' id='word_1_4' title='bbox 854 624 1249 701; x_wconf 78' lang='lat' dir='ltr'><strong>speraretur.</strong></span> <span class='ocrx_word' id='word_1_5' title='bbox 1338 617 1595 683; x_wconf 84' lang='lat' dir='ltr'><strong>Verum</strong></span> <span class='ocrx_word' id='word_1_6' title='bbox 1647 615 1722 680; x_wconf 92' lang='lat' dir='ltr'><strong>iu</strong></span> <span class='ocrx_word' id='word_1_7' title='bbox 1777 615 1918 680; x_wconf 90' lang='lat' dir='ltr'><strong>eius</strong></span> <span class='ocrx_word' id='word_1_8' title='bbox 1969 614 2254 680; x_wconf 82' lang='lat' dir='ltr'><strong>adventu</strong></span> <span class='ocrx_word' id='word_1_9' title='bbox 2310 612 2629 696; x_wconf 79' lang='lat' dir='ltr'><strong>reliquiae</strong></span> 
     </span>
     <span class='ocr_line' id='line_1_4' title="bbox 667 698 2629 779; baseline -0.005 -7"><span class='ocrx_word' id='word_1_10' title='bbox 667 705 824 771; x_wconf 90' lang='lat' dir='ltr'><strong>illae</strong></span> <span class='ocrx_word' id='word_1_11' title='bbox 865 705 1286 770; x_wconf 83' lang='lat' dir='ltr'><strong>factiosorum</strong></span> <span class='ocrx_word' id='word_1_12' title='bbox 1331 703 1556 769; x_wconf 90' lang='lat' dir='ltr'><strong>statim</strong></span> <span class='ocrx_word' id='word_1_13' title='bbox 1598 700 1781 767; x_wconf 90' lang='lat' dir='ltr'><strong>adire</strong></span> <span class='ocrx_word' id='word_1_14' title='bbox 1822 699 2186 779; x_wconf 89' lang='lat' dir='ltr'><strong>hominem,</strong></span> <span class='ocrx_word' id='word_1_15' title='bbox 2242 719 2419 764; x_wconf 86' lang='lat' dir='ltr'><strong>nova</strong></span> <span class='ocrx_word' id='word_1_16' title='bbox 2457 698 2629 762; x_wconf 90' lang='lat' dir='ltr'><strong>inire</strong></span> 
     </span>
     <span class='ocr_line' id='line_1_5' title="bbox 673 784 2627 872; baseline -0.004 -17"><span class='ocrx_word' id='word_1_17' title='bbox 673 790 974 868; x_wconf 90' lang='lat' dir='ltr'><strong>consilia,</strong></span> <span class='ocrx_word' id='word_1_18' title='bbox 1055 789 1274 872; x_wconf 90' lang='lat' dir='ltr'><strong>copias</strong></span> <span class='ocrx_word' id='word_1_19' title='bbox 1351 788 1721 854; x_wconf 90' lang='lat' dir='ltr'><strong>instaurare</strong></span> <span class='ocrx_word' id='word_1_20' title='bbox 1738 837 1754 864; x_wconf 90' lang='lat'><strong>,</strong></span> <span class='ocrx_word' id='word_1_21' title='bbox 1832 787 2138 864; x_wconf 83' lang='lat' dir='ltr'><strong>fremere,</strong></span> <span class='ocrx_word' id='word_1_22' title='bbox 2216 784 2627 862; x_wconf 90' lang='lat' dir='ltr'><strong>tumultuari,</strong></span> 
     </span>
     <span class='ocr_line' id='line_1_6' title="bbox 672 867 2627 958; baseline -0.004 -16"><span class='ocrx_word' id='word_1_23' title='bbox 672 895 1208 958; x_wconf 89' lang='lat' dir='ltr'><strong>unumquemque</strong></span> <span class='ocrx_word' id='word_1_24' title='bbox 1230 872 1575 957; x_wconf 86' lang='lat' dir='ltr'><strong>appellare,</strong></span> <span class='ocrx_word' id='word_1_25' title='bbox 1622 872 1937 956; x_wconf 87' lang='lat' dir='ltr'><strong>suffragia</strong></span> <span class='ocrx_word' id='word_1_26' title='bbox 1956 871 2205 937; x_wconf 81' lang='lat' dir='ltr'><strong>viritim</strong></span> <span class='ocrx_word' id='word_1_27' title='bbox 2227 869 2551 953; x_wconf 72' lang='lat' dir='ltr'><strong>colligere,</strong></span> <span class='ocrx_word' id='word_1_28' title='bbox 2571 867 2627 955; x_wconf 80' lang='lat'><strong>⁷)</strong></span> 
     </span>
     <span class='ocr_line' id='line_1_7' title="bbox 672 955 2629 1043; baseline -0.004 -16"><span class='ocrx_word' id='word_1_29' title='bbox 672 982 784 1027; x_wconf 90' lang='lat' dir='ltr'><strong>eos</strong></span> <span class='ocrx_word' id='word_1_30' title='bbox 849 961 1146 1026; x_wconf 77' lang='lat' dir='ltr'><strong>acerbius</strong></span> <span class='ocrx_word' id='word_1_31' title='bbox 1209 960 1552 1043; x_wconf 88' lang='lat' dir='ltr'><strong>increpare</strong></span> <span class='ocrx_word' id='word_1_32' title='bbox 1609 958 1722 1040; x_wconf 92' lang='lat' dir='ltr'><strong>qui</strong></span> <span class='ocrx_word' id='word_1_33' title='bbox 1794 956 2204 1035; x_wconf 86' lang='lat' dir='ltr'><strong>defecerunt,</strong></span> <span class='ocrx_word' id='word_1_34' title='bbox 2278 955 2629 1020; x_wconf 87' lang='lat' dir='ltr'><strong>sollicitare</strong></span> 
     </span>
     <span class='ocr_line' id='line_1_8' title="bbox 671 1040 2627 1125; baseline -0.005 -12"><span class='ocrx_word' id='word_1_35' title='bbox 671 1047 1065 1125; x_wconf 79' lang='lat' dir='ltr'><strong>Beruenses,</strong></span> <span class='ocrx_word' id='word_1_36' title='bbox 1110 1044 1399 1110; x_wconf 85' lang='lat' dir='ltr'><strong>breviter</strong></span> <span class='ocrx_word' id='word_1_37' title='bbox 1440 1044 1662 1108; x_wconf 90' lang='lat' dir='ltr'><strong>omnia</strong></span> <span class='ocrx_word' id='word_1_38' title='bbox 1703 1043 1977 1109; x_wconf 89' lang='lat' dir='ltr'><strong>miscere</strong></span> <span class='ocrx_word' id='word_1_39' title='bbox 2021 1062 2097 1107; x_wconf 91' lang='lat' dir='ltr'><strong>ac</strong></span> <span class='ocrx_word' id='word_1_40' title='bbox 2141 1041 2424 1107; x_wconf 90' lang='lat' dir='ltr'><strong>turbare.</strong></span> <span class='ocrx_word' id='word_1_41' title='bbox 2504 1040 2627 1104; x_wconf 92' lang='lat' dir='ltr'><strong>Di-</strong></span> 
     </span>
     <span class='ocr_line' id='line_1_9' title="bbox 673 1124 2630 1214; baseline -0.005 -15"><span class='ocrx_word' id='word_1_42' title='bbox 673 1153 856 1199; x_wconf 89' lang='lat' dir='ltr'><strong>ceres</strong></span> <span class='ocrx_word' id='word_1_43' title='bbox 907 1131 1196 1214; x_wconf 86' lang='lat' dir='ltr'><strong>profecto</strong></span> <span class='ocrx_word' id='word_1_44' title='bbox 1252 1128 1570 1195; x_wconf 73' lang='lat' dir='ltr'><strong>Batauam</strong></span> <span class='ocrx_word' id='word_1_45' title='bbox 1630 1135 1774 1192; x_wconf 89' lang='lat' dir='ltr'><strong>tum</strong></span> <span class='ocrx_word' id='word_1_46' title='bbox 1838 1126 2077 1193; x_wconf 87' lang='lat' dir='ltr'><strong>alicubi</strong></span> <span class='ocrx_word' id='word_1_47' title='bbox 2129 1134 2245 1191; x_wconf 91' lang='lat' dir='ltr'><strong>aut</strong></span> <span class='ocrx_word' id='word_1_48' title='bbox 2298 1124 2630 1209; x_wconf 87' lang='lat' dir='ltr'><strong>ergastula</strong></span> 
     </span>
     <span class='ocr_line' id='line_1_10' title="bbox 673 1212 2626 1297; baseline -0.004 -15"><span class='ocrx_word' id='word_1_49' title='bbox 673 1217 949 1284; x_wconf 82' lang='lat' dir='ltr'><strong>solvisse</strong></span> <span class='ocrx_word' id='word_1_50' title='bbox 968 1268 983 1295; x_wconf 92' lang='lat'><strong>,</strong></span> <span class='ocrx_word' id='word_1_51' title='bbox 1049 1224 1164 1282; x_wconf 90' lang='lat' dir='ltr'><strong>aut</strong></span> <span class='ocrx_word' id='word_1_52' title='bbox 1228 1222 1406 1280; x_wconf 89' lang='lat' dir='ltr'><strong>certe</strong></span> <span class='ocrx_word' id='word_1_53' title='bbox 1468 1215 1802 1297; x_wconf 91' lang='lat' dir='ltr'><strong>ingentem</strong></span> <span class='ocrx_word' id='word_1_54' title='bbox 1863 1232 2190 1279; x_wconf 88' lang='lat' dir='ltr'><strong>carcerem</strong></span> <span class='ocrx_word' id='word_1_55' title='bbox 2273 1212 2626 1294; x_wconf 85' lang='lat' dir='ltr'><strong>effregisse.</strong></span> 
     </span>
     <span class='ocr_line' id='line_1_11' title="bbox 673 1297 2629 1381; baseline -0.005 -12"><span class='ocrx_word' id='word_1_56' title='bbox 673 1302 1032 1369; x_wconf 87' lang='lat' dir='ltr'><strong>Habebant</strong></span> <span class='ocrx_word' id='word_1_57' title='bbox 1085 1301 1263 1366; x_wconf 91' lang='lat' dir='ltr'><strong>enim</strong></span> <span class='ocrx_word' id='word_1_58' title='bbox 1315 1299 1413 1364; x_wconf 90' lang='lat' dir='ltr'><strong>illi</strong></span> <span class='ocrx_word' id='word_1_59' title='bbox 1470 1298 1651 1364; x_wconf 90' lang='lat' dir='ltr'><strong>hunc</strong></span> <span class='ocrx_word' id='word_1_60' title='bbox 1702 1300 1943 1381; x_wconf 87' lang='lat' dir='ltr'><strong>ipsum&#39;</strong></span> <span class='ocrx_word' id='word_1_61' title='bbox 1971 1319 2167 1381; x_wconf 89' lang='lat' dir='ltr'><strong>quem</strong></span> <span class='ocrx_word' id='word_1_62' title='bbox 2225 1297 2419 1381; x_wconf 90' lang='lat' dir='ltr'><strong>paulo</strong></span> <span class='ocrx_word' id='word_1_63' title='bbox 2476 1303 2629 1361; x_wconf 91' lang='lat' dir='ltr'><strong>ante</strong></span> 
     </span>
     <span class='ocr_line' id='line_1_12' title="bbox 675 1382 2628 1472; baseline -0.005 -18"><span class='ocrx_word' id='word_1_64' title='bbox 675 1387 1194 1472; x_wconf 82' lang='lat' dir='ltr'><strong>significavimus</strong></span> <span class='ocrx_word' id='word_1_65' title='bbox 1228 1405 1496 1469; x_wconf 87' lang='lat' dir='ltr'><strong>prorsus</strong></span> <span class='ocrx_word' id='word_1_66' title='bbox 1529 1383 1973 1468; x_wconf 88' lang='lat' dir='ltr'><strong>impulsorem,</strong></span> <span class='ocrx_word' id='word_1_67' title='bbox 2019 1382 2261 1447; x_wconf 87' lang='lat' dir='ltr'><strong>nedum</strong></span> <span class='ocrx_word' id='word_1_68' title='bbox 2283 1383 2628 1461; x_wconf 80' lang='lat' dir='ltr'><strong>fautorem,</strong></span> 
     </span>
     <span class='ocr_line' id='line_1_13' title="bbox 675 1467 2629 1557; baseline -0.004 -19"><span class='ocrx_word' id='word_1_69' title='bbox 675 1476 791 1557; x_wconf 91' lang='lat' dir='ltr'><strong>qui</strong></span> <span class='ocrx_word' id='word_1_70' title='bbox 834 1480 902 1538; x_wconf 91' lang='lat' dir='ltr'><strong>et</strong></span> <span class='ocrx_word' id='word_1_71' title='bbox 943 1471 1217 1539; x_wconf 89' lang='lat' dir='ltr'><strong>consilio</strong></span> <span class='ocrx_word' id='word_1_72' title='bbox 1269 1478 1338 1537; x_wconf 91' lang='lat' dir='ltr'><strong>et</strong></span> <span class='ocrx_word' id='word_1_73' title='bbox 1388 1471 1667 1537; x_wconf 89' lang='lat' dir='ltr'><strong>caeteris</strong></span> <span class='ocrx_word' id='word_1_74' title='bbox 1723 1467 2029 1534; x_wconf 90' lang='lat' dir='ltr'><strong>omnibus</strong></span> <span class='ocrx_word' id='word_1_75' title='bbox 2080 1468 2291 1533; x_wconf 92' lang='lat' dir='ltr'><strong>modis</strong></span> <span class='ocrx_word' id='word_1_76' title='bbox 2342 1467 2629 1532; x_wconf 88' lang='lat' dir='ltr'><strong>latenter</strong></span> 
     </span>
    </p>
   </div>
   <div class='ocr_carea' id='block_1_4' title="bbox 553 1553 2628 1640">
    <p class='ocr_par' dir='ltr' id='par_1_4' title="bbox 553 1553 2628 1640">
     <span class='ocr_line' id='line_1_14' title="bbox 553 1553 2628 1640; baseline -0.004 -16"><span class='ocrx_word' id='word_1_77' title='bbox 553 1633 560 1640; x_wconf 45' lang='grc'><strong>,</strong></span> <span class='ocrx_word' id='word_1_78' title='bbox 675 1557 1048 1625; x_wconf 80' lang='lat' dir='ltr'><strong>adiuvabat.</strong></span> <span class='ocrx_word' id='word_1_79' title='bbox 1137 1556 1352 1622; x_wconf 88' lang='lat' dir='ltr'><strong>Nimis</strong></span> <span class='ocrx_word' id='word_1_80' title='bbox 1407 1554 1679 1639; x_wconf 90' lang='lat' dir='ltr'><strong>longum</strong></span> <span class='ocrx_word' id='word_1_81' title='bbox 1735 1576 1811 1620; x_wconf 93' lang='lat' dir='ltr'><strong>ac</strong></span> <span class='ocrx_word' id='word_1_82' title='bbox 1867 1553 2131 1619; x_wconf 86' lang='lat' dir='ltr'><strong>difficile</strong></span> <span class='ocrx_word' id='word_1_83' title='bbox 2180 1555 2352 1618; x_wconf 89' lang='lat' dir='ltr'><strong>foret</strong></span> <span class='ocrx_word' id='word_1_84' title='bbox 2399 1554 2628 1636; x_wconf 89' lang='lat' dir='ltr'><strong>siugu-</strong></span> 
     </span>
    </p>
   </div>
   <div class='ocr_carea' id='block_1_5' title="bbox 661 1638 2629 5050">
    <p class='ocr_par' dir='ltr' id='par_1_5' title="bbox 661 1638 2629 5050">
     <span class='ocr_line' id='line_1_15' title="bbox 674 1638 2627 1724; baseline -0.003 -15"><span class='ocrx_word' id='word_1_85' title='bbox 674 1642 861 1709; x_wconf 80' lang='lat' dir='ltr'><strong>latim</strong></span> <span class='ocrx_word' id='word_1_86' title='bbox 916 1644 1164 1707; x_wconf 86' lang='lat' dir='ltr'><strong>referre</strong></span> <span class='ocrx_word' id='word_1_87' title='bbox 1217 1640 1375 1724; x_wconf 87' lang='lat' dir='ltr'><strong>quid</strong></span> <span class='ocrx_word' id='word_1_88' title='bbox 1430 1640 1644 1705; x_wconf 88' lang='lat' dir='ltr'><strong>moliti</strong></span> <span class='ocrx_word' id='word_1_89' title='bbox 1701 1648 1941 1719; x_wconf 89' lang='lat' dir='ltr'><strong>essent,</strong></span> <span class='ocrx_word' id='word_1_90' title='bbox 1998 1660 2164 1722; x_wconf 91' lang='lat' dir='ltr'><strong>quae</strong></span> <span class='ocrx_word' id='word_1_91' title='bbox 2206 1638 2479 1704; x_wconf 91' lang='lat' dir='ltr'><strong>consilia</strong></span> <span class='ocrx_word' id='word_1_92' title='bbox 2521 1658 2627 1702; x_wconf 91' lang='lat' dir='ltr'><strong>ce-</strong></span> 
     </span>
     <span class='ocr_line' id='line_1_16' title="bbox 673 1721 2627 1811; baseline -0.004 -17"><span class='ocrx_word' id='word_1_93' title='bbox 673 1730 945 1811; x_wconf 84' lang='lat' dir='ltr'><strong>pissent,</strong></span> <span class='ocrx_word' id='word_1_94' title='bbox 991 1735 1067 1792; x_wconf 91' lang='lat' dir='ltr'><strong>ut</strong></span> <span class='ocrx_word' id='word_1_95' title='bbox 1108 1724 1557 1809; x_wconf 86' lang='lat' dir='ltr'><strong>supradictum</strong></span> <span class='ocrx_word' id='word_1_96' title='bbox 1598 1724 1762 1790; x_wconf 92' lang='lat' dir='ltr'><strong>illud</strong></span> <span class='ocrx_word' id='word_1_97' title='bbox 1806 1733 2077 1790; x_wconf 90' lang='lat' dir='ltr'><strong>senatus</strong></span> <span class='ocrx_word' id='word_1_98' title='bbox 2133 1723 2507 1790; x_wconf 90' lang='lat' dir='ltr'><strong>consultum</strong></span> <span class='ocrx_word' id='word_1_99' title='bbox 2546 1721 2627 1787; x_wconf 91' lang='lat' dir='ltr'><strong>de</strong></span> 
     </span>
     <span class='ocr_line' id='line_1_17' title="bbox 676 1810 2629 1893; baseline -0.003 -14"><span class='ocrx_word' id='word_1_100' title='bbox 676 1813 930 1879; x_wconf 57' lang='lat' dir='ltr'><strong>Far-ezzo</strong></span> <span class='ocrx_word' id='word_1_101' title='bbox 986 1811 1330 1877; x_wconf 89' lang='lat' dir='ltr'><strong>retinendo</strong></span> <span class='ocrx_word' id='word_1_102' title='bbox 1380 1817 1496 1877; x_wconf 91' lang='lat' dir='ltr'><strong>aut</strong></span> <span class='ocrx_word' id='word_1_103' title='bbox 1551 1810 1894 1876; x_wconf 89' lang='lat' dir='ltr'><strong>tolleretur</strong></span> <span class='ocrx_word' id='word_1_104' title='bbox 1957 1811 2225 1893; x_wconf 90' lang='lat' dir='ltr'><strong>penitus</strong></span> <span class='ocrx_word' id='word_1_105' title='bbox 2277 1817 2393 1874; x_wconf 88' lang='lat' dir='ltr'><strong>aut</strong></span> <span class='ocrx_word' id='word_1_106' title='bbox 2453 1816 2629 1874; x_wconf 89' lang='lat' dir='ltr'><strong>certe</strong></span> 
     </span>
     <span class='ocr_line' id='line_1_18' title="bbox 671 1894 2629 1982; baseline -0.003 -18"><span class='ocrx_word' id='word_1_107' title='bbox 671 1898 1164 1982; x_wconf 79' lang='lat' dir='ltr'><strong>infringeretur.</strong></span> <span class='ocrx_word' id='word_1_108' title='bbox 1230 1897 1337 1962; x_wconf 87' lang='lat' dir='ltr'><strong>Ad</strong></span> <span class='ocrx_word' id='word_1_109' title='bbox 1373 1896 1680 1961; x_wconf 91' lang='lat' dir='ltr'><strong>ultimum</strong></span> <span class='ocrx_word' id='word_1_110' title='bbox 1715 1903 1935 1961; x_wconf 87' lang='lat' dir='ltr'><strong>tamen</strong></span> <span class='ocrx_word' id='word_1_111' title='bbox 1971 1916 2092 1960; x_wconf 89' lang='lat' dir='ltr'><strong>sua</strong></span> <span class='ocrx_word' id='word_1_112' title='bbox 2134 1894 2629 1978; x_wconf 84' lang='lat' dir='ltr'><strong>importunitate</strong></span> 
     </span>
     <span class='ocr_line' id='line_1_19' title="bbox 673 1980 2629 2065; baseline -0.003 -15"><span class='ocrx_word' id='word_1_113' title='bbox 673 1984 998 2050; x_wconf 89' lang='lat' dir='ltr'><strong>Dominos</strong></span> <span class='ocrx_word' id='word_1_114' title='bbox 1054 1984 1429 2048; x_wconf 81' lang='lat' dir='ltr'><strong>Beruenses</strong></span> <span class='ocrx_word' id='word_1_115' title='bbox 1479 1980 1916 2065; x_wconf 89' lang='lat' dir='ltr'><strong>perpulerunt</strong></span> <span class='ocrx_word' id='word_1_116' title='bbox 1973 1988 2049 2044; x_wconf 89' lang='lat' dir='ltr'><strong>ut</strong></span> <span class='ocrx_word' id='word_1_117' title='bbox 2103 1980 2351 2064; x_wconf 88' lang='lat' dir='ltr'><strong>legatos</strong></span> <span class='ocrx_word' id='word_1_118' title='bbox 2395 2001 2629 2046; x_wconf 88' lang='lat' dir='ltr'><strong>rursus</strong></span> 
     </span>
     <span class='ocr_line' id='line_1_20' title="bbox 674 2064 2628 2155; baseline -0.002 -21"><span class='ocrx_word' id='word_1_119' title='bbox 674 2068 840 2135; x_wconf 89' lang='lat' dir='ltr'><strong>alios</strong></span> <span class='ocrx_word' id='word_1_120' title='bbox 855 2068 916 2155; x_wconf 77' lang='lat'><strong>⁸)</strong></span> <span class='ocrx_word' id='word_1_121' title='bbox 959 2070 1317 2147; x_wconf 86' lang='lat' dir='ltr'><strong>mitterent,</strong></span> <span class='ocrx_word' id='word_1_122' title='bbox 1361 2067 1475 2149; x_wconf 91' lang='lat' dir='ltr'><strong>qui</strong></span> <span class='ocrx_word' id='word_1_123' title='bbox 1518 2065 1866 2151; x_wconf 84' lang='lat' dir='ltr'><strong>diligenter</strong></span> <span class='ocrx_word' id='word_1_124' title='bbox 1936 2074 2400 2151; x_wconf 70' lang='lat' dir='ltr'><strong>cognoscerent</strong></span> <span class='ocrx_word' id='word_1_125' title='bbox 2453 2064 2628 2130; x_wconf 92' lang='lat' dir='ltr'><strong>unde</strong></span> 
     </span>
     <span class='ocr_line' id='line_1_21' title="bbox 673 2150 2628 2235; baseline -0.002 -16"><span class='ocrx_word' id='word_1_126' title='bbox 673 2156 878 2220; x_wconf 85' lang='lat' dir='ltr'><strong>istaec</strong></span> <span class='ocrx_word' id='word_1_127' title='bbox 919 2174 1091 2222; x_wconf 83' lang='lat' dir='ltr'><strong>nova</strong></span> <span class='ocrx_word' id='word_1_128' title='bbox 1123 2152 1318 2218; x_wconf 89' lang='lat' dir='ltr'><strong>turba</strong></span> <span class='ocrx_word' id='word_1_129' title='bbox 1349 2152 1737 2231; x_wconf 88' lang='lat' dir='ltr'><strong>emersisset,</strong></span> <span class='ocrx_word' id='word_1_130' title='bbox 1784 2150 2018 2217; x_wconf 91' lang='lat' dir='ltr'><strong>deinde</strong></span> <span class='ocrx_word' id='word_1_131' title='bbox 2059 2171 2293 2217; x_wconf 84' lang='lat' dir='ltr'><strong>causas</strong></span> <span class='ocrx_word' id='word_1_132' title='bbox 2332 2151 2628 2235; x_wconf 89' lang='lat' dir='ltr'><strong>cognitas</strong></span> 
     </span>
     <span class='ocr_line' id='line_1_22' title="bbox 673 2236 2628 2321; baseline -0.002 -16"><span class='ocrx_word' id='word_1_133' title='bbox 673 2240 931 2306; x_wconf 86' lang='lat' dir='ltr'><strong>senatui</strong></span> <span class='ocrx_word' id='word_1_134' title='bbox 988 2236 1265 2303; x_wconf 89' lang='lat' dir='ltr'><strong>fideliter</strong></span> <span class='ocrx_word' id='word_1_135' title='bbox 1328 2237 1814 2304; x_wconf 85' lang='lat' dir='ltr'><strong>renunciarent.</strong></span> <span class='ocrx_word' id='word_1_136' title='bbox 1910 2236 2184 2321; x_wconf 90' lang='lat' dir='ltr'><strong>Legatis</strong></span> <span class='ocrx_word' id='word_1_137' title='bbox 2240 2237 2628 2320; x_wconf 87' lang='lat' dir='ltr'><strong>gravissime</strong></span> 
     </span>
     <span class='ocr_line' id='line_1_23' title="bbox 674 2324 2625 2407; baseline -0.002 -17"><span class='ocrx_word' id='word_1_138' title='bbox 674 2324 1325 2407; x_wconf 83' lang='lat' dir='ltr'><strong>constantissimeque</strong></span> <span class='ocrx_word' id='word_1_139' title='bbox 1398 2342 1440 2387; x_wconf 89' lang='lat' dir='ltr'><strong>a</strong></span> <span class='ocrx_word' id='word_1_140' title='bbox 1504 2331 1730 2388; x_wconf 90' lang='lat' dir='ltr'><strong>nostra</strong></span> <span class='ocrx_word' id='word_1_141' title='bbox 1802 2329 1992 2406; x_wconf 87' lang='lat' dir='ltr'><strong>parte</strong></span> <span class='ocrx_word' id='word_1_142' title='bbox 2055 2342 2441 2404; x_wconf 91' lang='lat' dir='ltr'><strong>responsum</strong></span> <span class='ocrx_word' id='word_1_143' title='bbox 2506 2329 2625 2400; x_wconf 89' lang='lat' dir='ltr'><strong>est,</strong></span> 
     </span>
     <span class='ocr_line' id='line_1_24' title="bbox 673 2406 2626 2493; baseline -0.002 -18"><span class='ocrx_word' id='word_1_144' title='bbox 673 2428 1082 2493; x_wconf 86' lang='lat' dir='ltr'><strong>nequaquam</strong></span> <span class='ocrx_word' id='word_1_145' title='bbox 1127 2406 1197 2472; x_wconf 93' lang='lat' dir='ltr'><strong>id</strong></span> <span class='ocrx_word' id='word_1_146' title='bbox 1251 2407 1538 2473; x_wconf 85' lang='lat' dir='ltr'><strong>rescindi</strong></span> <span class='ocrx_word' id='word_1_147' title='bbox 1594 2415 1893 2491; x_wconf 87' lang='lat' dir='ltr'><strong>oportere</strong></span> <span class='ocrx_word' id='word_1_148' title='bbox 1936 2406 2110 2490; x_wconf 89' lang='lat' dir='ltr'><strong>quod</strong></span> <span class='ocrx_word' id='word_1_149' title='bbox 2156 2428 2196 2472; x_wconf 91' lang='lat' dir='ltr'><strong>a</strong></span> <span class='ocrx_word' id='word_1_150' title='bbox 2234 2417 2467 2472; x_wconf 89' lang='lat' dir='ltr'><strong>senatu</strong></span> <span class='ocrx_word' id='word_1_151' title='bbox 2510 2428 2626 2491; x_wconf 90' lang='lat' dir='ltr'><strong>po-</strong></span> 
     </span>
     <span class='ocr_line' id='line_1_25' title="bbox 671 2492 2626 2579; baseline -0.002 -19"><span class='ocrx_word' id='word_1_152' title='bbox 671 2495 952 2579; x_wconf 92' lang='lat' dir='ltr'><strong>puloque</strong></span> <span class='ocrx_word' id='word_1_153' title='bbox 1023 2494 1086 2558; x_wconf 91' lang='lat' dir='ltr'>N</span> <span class='ocrx_word' id='word_1_154' title='bbox 1088 2494 1453 2560; x_wconf 89' lang='lat' dir='ltr'><strong>eocomensi</strong></span> <span class='ocrx_word' id='word_1_155' title='bbox 1529 2492 1820 2577; x_wconf 87' lang='lat' dir='ltr'><strong>legitime</strong></span> <span class='ocrx_word' id='word_1_156' title='bbox 1894 2499 2248 2559; x_wconf 87' lang='lat' dir='ltr'><strong>convocato</strong></span> <span class='ocrx_word' id='word_1_157' title='bbox 2323 2493 2626 2577; x_wconf 81' lang='lat' dir='ltr'><strong>proxime</strong></span> 
     </span>
     <span class='ocr_line' id='line_1_26' title="bbox 669 2576 2627 2648; baseline -0.001 -3"><span class='ocrx_word' id='word_1_158' title='bbox 669 2589 1079 2648; x_wconf 84' lang='lat' dir='ltr'><strong>transactum</strong></span> <span class='ocrx_word' id='word_1_159' title='bbox 1145 2587 1349 2645; x_wconf 89' lang='lat' dir='ltr'><strong>esset:</strong></span> <span class='ocrx_word' id='word_1_160' title='bbox 1412 2577 1581 2642; x_wconf 90' lang='lat' dir='ltr'><strong>nihil</strong></span> <span class='ocrx_word' id='word_1_161' title='bbox 1643 2578 1752 2644; x_wconf 90' lang='lat' dir='ltr'><strong>hic</strong></span> <span class='ocrx_word' id='word_1_162' title='bbox 1816 2598 1936 2643; x_wconf 91' lang='lat' dir='ltr'><strong>nec</strong></span> <span class='ocrx_word' id='word_1_163' title='bbox 2002 2576 2148 2643; x_wconf 94' lang='lat' dir='ltr'><strong>dolo</strong></span> <span class='ocrx_word' id='word_1_164' title='bbox 2206 2598 2328 2644; x_wconf 92' lang='lat' dir='ltr'><strong>nec</strong></span> <span class='ocrx_word' id='word_1_165' title='bbox 2383 2581 2453 2644; x_wconf 82' lang='lat' dir='ltr'><strong>vi</strong></span> <span class='ocrx_word' id='word_1_166' title='bbox 2506 2598 2627 2643; x_wconf 92' lang='lat' dir='ltr'><strong>nec</strong></span> 
     </span>
     <span class='ocr_line' id='line_1_27' title="bbox 672 2664 2627 2746; baseline -0.001 -14"><span class='ocrx_word' id='word_1_167' title='bbox 672 2665 842 2733; x_wconf 90' lang='lat' dir='ltr'><strong>clam</strong></span> <span class='ocrx_word' id='word_1_168' title='bbox 897 2671 1117 2731; x_wconf 91' lang='lat' dir='ltr'><strong>actum</strong></span> <span class='ocrx_word' id='word_1_169' title='bbox 1173 2665 1407 2729; x_wconf 84' lang='lat' dir='ltr'><strong>fuisse:</strong></span> <span class='ocrx_word' id='word_1_170' title='bbox 1465 2664 1686 2746; x_wconf 84' lang='lat' dir='ltr'><strong>itaque</strong></span> <span class='ocrx_word' id='word_1_171' title='bbox 1742 2670 2058 2746; x_wconf 91' lang='lat' dir='ltr'><strong>perpetuo</strong></span> <span class='ocrx_word' id='word_1_172' title='bbox 2114 2664 2424 2731; x_wconf 90' lang='lat' dir='ltr'><strong>standum</strong></span> <span class='ocrx_word' id='word_1_173' title='bbox 2483 2684 2627 2730; x_wconf 83' lang='lat' dir='ltr'><strong>esse</strong></span> 
     </span>
     <span class='ocr_line' id='line_1_28' title="bbox 669 2747 2627 2833; baseline -0.002 -16"><span class='ocrx_word' id='word_1_174' title='bbox 669 2753 752 2817; x_wconf 90' lang='lat' dir='ltr'><strong>iis</strong></span> <span class='ocrx_word' id='word_1_175' title='bbox 793 2751 1004 2816; x_wconf 87' lang='lat' dir='ltr'><strong>literis</strong></span> <span class='ocrx_word' id='word_1_176' title='bbox 1047 2769 1214 2833; x_wconf 92' lang='lat' dir='ltr'><strong>quae</strong></span> <span class='ocrx_word' id='word_1_177' title='bbox 1257 2769 1466 2832; x_wconf 90' lang='lat' dir='ltr'><strong>nuper</strong></span> <span class='ocrx_word' id='word_1_178' title='bbox 1507 2747 1592 2813; x_wconf 91' lang='lat' dir='ltr'><strong>ad</strong></span> <span class='ocrx_word' id='word_1_179' title='bbox 1634 2747 1787 2815; x_wconf 94' lang='lat' dir='ltr'><strong>DD.</strong></span> <span class='ocrx_word' id='word_1_180' title='bbox 1824 2749 2199 2815; x_wconf 84' lang='lat' dir='ltr'><strong>Beruenses</strong></span> <span class='ocrx_word' id='word_1_181' title='bbox 2240 2748 2498 2833; x_wconf 90' lang='lat' dir='ltr'><strong>publice</strong></span> <span class='ocrx_word' id='word_1_182' title='bbox 2542 2771 2627 2816; x_wconf 83' lang='lat' dir='ltr'><strong>ex</strong></span> 
     </span>
     <span class='ocr_line' id='line_1_29' title="bbox 671 2833 2626 2917; baseline -0.002 -14"><span class='ocrx_word' id='word_1_183' title='bbox 671 2845 941 2904; x_wconf 89' lang='lat' dir='ltr'><strong>senatus</strong></span> <span class='ocrx_word' id='word_1_184' title='bbox 981 2834 1279 2902; x_wconf 90' lang='lat' dir='ltr'><strong>consulto</strong></span> <span class='ocrx_word' id='word_1_185' title='bbox 1321 2835 1560 2899; x_wconf 85' lang='lat' dir='ltr'><strong>missae</strong></span> <span class='ocrx_word' id='word_1_186' title='bbox 1601 2834 1889 2914; x_wconf 85' lang='lat' dir='ltr'><strong>fuerant,</strong></span> <span class='ocrx_word' id='word_1_187' title='bbox 1943 2835 2182 2917; x_wconf 90' lang='lat' dir='ltr'><strong>quibus</strong></span> <span class='ocrx_word' id='word_1_188' title='bbox 2224 2833 2419 2900; x_wconf 88' lang='lat' dir='ltr'><strong>rebus</strong></span> <span class='ocrx_word' id='word_1_189' title='bbox 2464 2836 2626 2901; x_wconf 87' lang='lat' dir='ltr'><strong>satis</strong></span> 
     </span>
     <span class='ocr_line' id='line_1_30' title="bbox 671 2920 2627 3003; baseline -0.002 -14"><span class='ocrx_word' id='word_1_190' title='bbox 671 2928 1008 2989; x_wconf 90' lang='lat' dir='ltr'><strong>constaret</strong></span> <span class='ocrx_word' id='word_1_191' title='bbox 1084 2928 1430 3003; x_wconf 90' lang='lat' dir='ltr'><strong>ratumque</strong></span> <span class='ocrx_word' id='word_1_192' title='bbox 1501 2939 1644 2985; x_wconf 92' lang='lat' dir='ltr'><strong>esse</strong></span> <span class='ocrx_word' id='word_1_193' title='bbox 1720 2927 2080 3003; x_wconf 81' lang='lat' dir='ltr'><strong>oporteret,</strong></span> <span class='ocrx_word' id='word_1_194' title='bbox 2149 2920 2477 2985; x_wconf 62' lang='lat' dir='ltr'><strong>Fan-ellum</strong></span> <span class='ocrx_word' id='word_1_195' title='bbox 2542 2942 2627 2986; x_wconf 79' lang='lat' dir='ltr'><strong>ex</strong></span> 
     </span>
     <span class='ocr_line' id='line_1_31' title="bbox 671 3005 2626 3090; baseline -0.003 -15"><span class='ocrx_word' id='word_1_196' title='bbox 671 3028 992 3075; x_wconf 90' lang='lat' dir='ltr'><strong>consensu</strong></span> <span class='ocrx_word' id='word_1_197' title='bbox 1034 3005 1294 3090; x_wconf 89' lang='lat' dir='ltr'><strong>publico</strong></span> <span class='ocrx_word' id='word_1_198' title='bbox 1337 3012 1666 3070; x_wconf 88' lang='lat' dir='ltr'><strong>retentum</strong></span> <span class='ocrx_word' id='word_1_199' title='bbox 1720 3013 1786 3070; x_wconf 93' lang='lat' dir='ltr'><strong>et</strong></span> <span class='ocrx_word' id='word_1_200' title='bbox 1841 3006 2302 3071; x_wconf 90' lang='lat' dir='ltr'><strong>confirmatum</strong></span> <span class='ocrx_word' id='word_1_201' title='bbox 2358 3025 2502 3072; x_wconf 87' lang='lat' dir='ltr'><strong>esse</strong></span> <span class='ocrx_word' id='word_1_202' title='bbox 2556 3007 2626 3070; x_wconf 90' lang='lat' dir='ltr'><strong>in</strong></span> 
     </span>
     <span class='ocr_line' id='line_1_32' title="bbox 669 3090 2627 3174; baseline -0.001 -15"><span class='ocrx_word' id='word_1_203' title='bbox 669 3092 1233 3159; x_wconf 82' lang='lat' dir='ltr'><strong>administratione</strong></span> <span class='ocrx_word' id='word_1_204' title='bbox 1284 3090 1491 3174; x_wconf 89' lang='lat' dir='ltr'><strong>ipsius</strong></span> <span class='ocrx_word' id='word_1_205' title='bbox 1543 3090 2005 3157; x_wconf 86' lang='lat' dir='ltr'><strong>Neocomensis</strong></span> <span class='ocrx_word' id='word_1_206' title='bbox 2056 3090 2384 3157; x_wconf 87' lang='lat' dir='ltr'><strong>ecclesiae.</strong></span> <span class='ocrx_word' id='word_1_207' title='bbox 2471 3091 2627 3158; x_wconf 88' lang='lat' dir='ltr'><strong>Huc</strong></span> 
     </span>
     <span class='ocr_line' id='line_1_33' title="bbox 671 3175 2627 3259; baseline -0.001 -14"><span class='ocrx_word' id='word_1_208' title='bbox 671 3177 1069 3245; x_wconf 88' lang='lat' dir='ltr'><strong>addiderunt</strong></span> <span class='ocrx_word' id='word_1_209' title='bbox 1122 3196 1264 3241; x_wconf 83' lang='lat' dir='ltr'><strong>sese</strong></span> <span class='ocrx_word' id='word_1_210' title='bbox 1318 3176 1608 3241; x_wconf 91' lang='lat' dir='ltr'><strong>animam</strong></span> <span class='ocrx_word' id='word_1_211' title='bbox 1666 3182 1733 3241; x_wconf 90' lang='lat' dir='ltr'><strong>et</strong></span> <span class='ocrx_word' id='word_1_212' title='bbox 1787 3175 2101 3259; x_wconf 90' lang='lat' dir='ltr'><strong>quidquid</strong></span> <span class='ocrx_word' id='word_1_213' title='bbox 2143 3177 2470 3243; x_wconf 89' lang='lat' dir='ltr'><strong>Dominus</strong></span> <span class='ocrx_word' id='word_1_214' title='bbox 2513 3176 2627 3243; x_wconf 90' lang='lat' dir='ltr'><strong>de·-</strong></span> 
     </span>
     <span class='ocr_line' id='line_1_34' title="bbox 665 3261 2625 3345; baseline -0.001 -16"><span class='ocrx_word' id='word_1_215' title='bbox 665 3263 878 3329; x_wconf 87' lang='lat' dir='ltr'><strong>disset</strong></span> <span class='ocrx_word' id='word_1_216' title='bbox 1004 3262 1132 3328; x_wconf 91' lang='lat' dir='ltr'><strong>tius</strong></span> <span class='ocrx_word' id='word_1_217' title='bbox 1173 3261 1517 3328; x_wconf 90' lang='lat' dir='ltr'><strong>relicturos</strong></span> <span class='ocrx_word' id='word_1_218' title='bbox 1560 3281 1758 3343; x_wconf 88' lang='lat' dir='ltr'><strong>quam</strong></span> <span class='ocrx_word' id='word_1_219' title='bbox 1801 3282 2110 3345; x_wconf 90' lang='lat' dir='ltr'><strong>passuros</strong></span> <span class='ocrx_word' id='word_1_220' title='bbox 2153 3283 2295 3327; x_wconf 91' lang='lat' dir='ltr'><strong>esse</strong></span> <span class='ocrx_word' id='word_1_221' title='bbox 2329 3270 2405 3328; x_wconf 91' lang='lat' dir='ltr'><strong>ut</strong></span> <span class='ocrx_word' id='word_1_222' title='bbox 2424 3282 2625 3330; x_wconf 83' lang='lat' dir='ltr'><strong>evan-</strong></span> 
     </span>
     <span class='ocr_line' id='line_1_35' title="bbox 671 3345 2626 3433; baseline -0.001 -20"><span class='ocrx_word' id='word_1_223' title='bbox 671 3348 842 3433; x_wconf 89' lang='lat' dir='ltr'><strong>gelio</strong></span> <span class='ocrx_word' id='word_1_224' title='bbox 945 3346 1141 3413; x_wconf 86' lang='lat' dir='ltr'><strong>hristi</strong></span> <span class='ocrx_word' id='word_1_225' title='bbox 1184 3354 1251 3412; x_wconf 90' lang='lat' dir='ltr'><strong>et</strong></span> <span class='ocrx_word' id='word_1_226' title='bbox 1294 3345 1613 3412; x_wconf 83' lang='lat' dir='ltr'><strong>ministris</strong></span> <span class='ocrx_word' id='word_1_227' title='bbox 1647 3347 1790 3411; x_wconf 89' lang='lat' dir='ltr'><strong>eius</strong></span> <span class='ocrx_word' id='word_1_228' title='bbox 1823 3354 2012 3412; x_wconf 89' lang='lat' dir='ltr'><strong>tauta</strong></span> <span class='ocrx_word' id='word_1_229' title='bbox 2049 3347 2436 3431; x_wconf 89' lang='lat' dir='ltr'><strong>ignominia,</strong></span> <span class='ocrx_word' id='word_1_230' title='bbox 2488 3354 2626 3413; x_wconf 88' lang='lat' dir='ltr'><strong>tam</strong></span> 
     </span>
     <span class='ocr_line' id='line_1_36' title="bbox 672 3431 2625 3516; baseline -0.001 -17"><span class='ocrx_word' id='word_1_231' title='bbox 672 3440 867 3499; x_wconf 87' lang='lat' dir='ltr'><strong>atrox</strong></span> <span class='ocrx_word' id='word_1_232' title='bbox 918 3432 1315 3498; x_wconf 82' lang='lat' dir='ltr'><strong>contumelia</strong></span> <span class='ocrx_word' id='word_1_233' title='bbox 1366 3433 1572 3497; x_wconf 89' lang='lat' dir='ltr'><strong>fieret.</strong></span> <span class='ocrx_word' id='word_1_234' title='bbox 1676 3431 1926 3497; x_wconf 86' lang='lat' dir='ltr'><strong>Contra</strong></span> <span class='ocrx_word' id='word_1_235' title='bbox 1980 3452 2136 3498; x_wconf 80' lang='lat' dir='ltr'><strong>vero</strong></span> <span class='ocrx_word' id='word_1_236' title='bbox 2184 3454 2339 3516; x_wconf 89' lang='lat' dir='ltr'><strong>pars</strong></span> <span class='ocrx_word' id='word_1_237' title='bbox 2395 3431 2625 3511; x_wconf 85' lang='lat' dir='ltr'><strong>altera,</strong></span> 
     </span>
     <span class='ocr_line' id='line_1_37' title="bbox 669 3516 2626 3602; baseline 0.001 -19"><span class='ocrx_word' id='word_1_238' title='bbox 669 3539 877 3602; x_wconf 88' lang='lat' dir='ltr'><strong>quum</strong></span> <span class='ocrx_word' id='word_1_239' title='bbox 918 3517 1054 3583; x_wconf 90' lang='lat' dir='ltr'><strong>iam</strong></span> <span class='ocrx_word' id='word_1_240' title='bbox 1096 3525 1294 3583; x_wconf 90' lang='lat' dir='ltr'><strong>antea</strong></span> <span class='ocrx_word' id='word_1_241' title='bbox 1334 3537 1406 3581; x_wconf 87' lang='lat' dir='ltr'><strong>se</strong></span> <span class='ocrx_word' id='word_1_242' title='bbox 1448 3516 1752 3582; x_wconf 89' lang='lat' dir='ltr'><strong>omnibus</strong></span> <span class='ocrx_word' id='word_1_243' title='bbox 1793 3516 2005 3583; x_wconf 88' lang='lat' dir='ltr'><strong>modis</strong></span> <span class='ocrx_word' id='word_1_244' title='bbox 2050 3518 2427 3584; x_wconf 86' lang='lat' dir='ltr'><strong>inferiorem</strong></span> <span class='ocrx_word' id='word_1_245' title='bbox 2482 3539 2626 3584; x_wconf 91' lang='lat' dir='ltr'><strong>esse</strong></span> 
     </span>
     <span class='ocr_line' id='line_1_38' title="bbox 669 3600 2626 3689; baseline -0.001 -19"><span class='ocrx_word' id='word_1_246' title='bbox 669 3603 1086 3689; x_wconf 88' lang='lat' dir='ltr'><strong>perspiceret,</strong></span> <span class='ocrx_word' id='word_1_247' title='bbox 1131 3622 1263 3667; x_wconf 93' lang='lat' dir='ltr'><strong>non</strong></span> <span class='ocrx_word' id='word_1_248' title='bbox 1304 3603 1438 3666; x_wconf 88' lang='lat' dir='ltr'><strong>iam</strong></span> <span class='ocrx_word' id='word_1_249' title='bbox 1482 3600 1563 3666; x_wconf 94' lang='lat' dir='ltr'><strong>de</strong></span> <span class='ocrx_word' id='word_1_250' title='bbox 1603 3610 1863 3685; x_wconf 87' lang='lat' dir='ltr'><strong>pastore</strong></span> <span class='ocrx_word' id='word_1_251' title='bbox 1914 3602 2299 3686; x_wconf 83' lang='lat' dir='ltr'><strong>expellendo</strong></span> <span class='ocrx_word' id='word_1_252' title='bbox 2353 3623 2626 3687; x_wconf 90' lang='lat' dir='ltr'><strong>magno-</strong></span> 
     </span>
     <span class='ocr_line' id='line_1_39' title="bbox 668 3684 2625 3774; baseline 0 -20"><span class='ocrx_word' id='word_1_253' title='bbox 668 3710 827 3774; x_wconf 90' lang='lat' dir='ltr'><strong>pere</strong></span> <span class='ocrx_word' id='word_1_254' title='bbox 878 3688 1176 3755; x_wconf 89' lang='lat' dir='ltr'><strong>laborare</strong></span> <span class='ocrx_word' id='word_1_255' title='bbox 1232 3684 1601 3767; x_wconf 87' lang='lat' dir='ltr'><strong>videbatur,</strong></span> <span class='ocrx_word' id='word_1_256' title='bbox 1659 3686 1776 3753; x_wconf 88' lang='lat' dir='ltr'><strong>sed</strong></span> <span class='ocrx_word' id='word_1_257' title='bbox 1829 3689 2227 3771; x_wconf 89' lang='lat' dir='ltr'><strong>querebatur</strong></span> <span class='ocrx_word' id='word_1_258' title='bbox 2282 3686 2362 3754; x_wconf 91' lang='lat' dir='ltr'><strong>de</strong></span> <span class='ocrx_word' id='word_1_259' title='bbox 2405 3690 2625 3755; x_wconf 91' lang='lat' dir='ltr'><strong>nescio</strong></span> 
     </span>
     <span class='ocr_line' id='line_1_40' title="bbox 668 3772 2625 3859; baseline 0 -19"><span class='ocrx_word' id='word_1_260' title='bbox 668 3775 904 3859; x_wconf 89' lang='lat' dir='ltr'><strong>quibus</strong></span> <span class='ocrx_word' id='word_1_261' title='bbox 959 3772 1179 3842; x_wconf 83' lang='lat' dir='ltr'><strong>verbis</strong></span> <span class='ocrx_word' id='word_1_262' title='bbox 1241 3793 1409 3856; x_wconf 93' lang='lat' dir='ltr'><strong>quae</strong></span> <span class='ocrx_word' id='word_1_263' title='bbox 1468 3772 1539 3837; x_wconf 90' lang='lat' dir='ltr'><strong>in</strong></span> <span class='ocrx_word' id='word_1_264' title='bbox 1606 3793 1801 3838; x_wconf 90' lang='lat' dir='ltr'><strong>suum</strong></span> <span class='ocrx_word' id='word_1_265' title='bbox 1859 3773 2139 3840; x_wconf 88' lang='lat' dir='ltr'><strong>dedecus</strong></span> <span class='ocrx_word' id='word_1_266' title='bbox 2182 3773 2401 3857; x_wconf 89' lang='lat' dir='ltr'><strong>palam</strong></span> <span class='ocrx_word' id='word_1_267' title='bbox 2450 3774 2625 3841; x_wconf 90' lang='lat' dir='ltr'><strong>dicta</strong></span> 
     </span>
     <span class='ocr_line' id='line_1_41' title="bbox 669 3856 2626 3943; baseline -0.001 -17"><span class='ocrx_word' id='word_1_268' title='bbox 669 3881 813 3926; x_wconf 84' lang='lat' dir='ltr'><strong>esse</strong></span> <span class='ocrx_word' id='word_1_269' title='bbox 855 3859 1232 3924; x_wconf 87' lang='lat' dir='ltr'><strong>affirmaret.</strong></span> <span class='ocrx_word' id='word_1_270' title='bbox 1331 3857 1569 3940; x_wconf 91' lang='lat' dir='ltr'><strong>Itaque</strong></span> <span class='ocrx_word' id='word_1_271' title='bbox 1615 3856 1739 3923; x_wconf 89' lang='lat' dir='ltr'><strong>hac</strong></span> <span class='ocrx_word' id='word_1_272' title='bbox 1793 3860 2209 3925; x_wconf 84' lang='lat' dir='ltr'><strong>contentione</strong></span> <span class='ocrx_word' id='word_1_273' title='bbox 2252 3859 2337 3925; x_wconf 92' lang='lat' dir='ltr'><strong>ad</strong></span> <span class='ocrx_word' id='word_1_274' title='bbox 2375 3858 2626 3943; x_wconf 90' lang='lat' dir='ltr'><strong>aliquot</strong></span> 
     </span>
     <span class='ocr_line' id='line_1_42' title="bbox 667 3942 2621 4029; baseline -0.001 -18"><span class='ocrx_word' id='word_1_275' title='bbox 667 3945 865 4011; x_wconf 88' lang='lat' dir='ltr'><strong>horas</strong></span> <span class='ocrx_word' id='word_1_276' title='bbox 907 3942 1224 4029; x_wconf 89' lang='lat' dir='ltr'><strong>producta</strong></span> <span class='ocrx_word' id='word_1_277' title='bbox 1274 3942 1478 4029; x_wconf 91' lang='lat' dir='ltr'><strong>legati</strong></span> <span class='ocrx_word' id='word_1_278' title='bbox 1528 3964 1602 4009; x_wconf 89' lang='lat' dir='ltr'><strong>re</strong></span> <span class='ocrx_word' id='word_1_279' title='bbox 1652 3943 1892 4009; x_wconf 87' lang='lat' dir='ltr'><strong>infecta</strong></span> <span class='ocrx_word' id='word_1_280' title='bbox 1944 3944 2211 4010; x_wconf 89' lang='lat' dir='ltr'><strong>domum</strong></span> <span class='ocrx_word' id='word_1_281' title='bbox 2262 3949 2621 4011; x_wconf 87' lang='lat' dir='ltr'><strong>revertunt.</strong></span> 
     </span>
     <span class='ocr_line' id='line_1_43' title="bbox 669 4029 2626 4114; baseline -0.002 -16"><span class='ocrx_word' id='word_1_282' title='bbox 669 4029 807 4098; x_wconf 83' lang='lat' dir='ltr'><strong>Sed</strong></span> <span class='ocrx_word' id='word_1_283' title='bbox 883 4030 1152 4096; x_wconf 88' lang='lat' dir='ltr'><strong>tandem</strong></span> <span class='ocrx_word' id='word_1_284' title='bbox 1241 4029 1363 4094; x_wconf 92' lang='lat' dir='ltr'><strong>sub</strong></span> <span class='ocrx_word' id='word_1_285' title='bbox 1451 4029 1652 4094; x_wconf 90' lang='lat' dir='ltr'><strong>finem</strong></span> <span class='ocrx_word' id='word_1_286' title='bbox 1739 4029 1986 4094; x_wconf 87' lang='lat' dir='ltr'><strong>mensis</strong></span> <span class='ocrx_word' id='word_1_287' title='bbox 2062 4029 2356 4095; x_wconf 89' lang='lat' dir='ltr'><strong>Ianuarii</strong></span> <span class='ocrx_word' id='word_1_288' title='bbox 2430 4031 2626 4114; x_wconf 91' lang='lat' dir='ltr'><strong>pauci</strong></span> 
     </span>
     <span class='ocr_line' id='line_1_44' title="bbox 666 4114 2623 4199; baseline 0 -18"><span class='ocrx_word' id='word_1_289' title='bbox 666 4116 979 4199; x_wconf 89' lang='lat' dir='ltr'><strong>utrinque</strong></span> <span class='ocrx_word' id='word_1_290' title='bbox 1045 4114 1278 4180; x_wconf 89' lang='lat' dir='ltr'><strong>delecti</strong></span> <span class='ocrx_word' id='word_1_291' title='bbox 1331 4114 1514 4180; x_wconf 82' lang='lat' dir='ltr'><strong>fuere</strong></span> <span class='ocrx_word' id='word_1_292' title='bbox 1571 4114 1687 4198; x_wconf 91' lang='lat' dir='ltr'><strong>qui</strong></span> <span class='ocrx_word' id='word_1_293' title='bbox 1738 4115 2030 4179; x_wconf 87' lang='lat' dir='ltr'><strong>Bernam</strong></span> <span class='ocrx_word' id='word_1_294' title='bbox 2082 4116 2271 4180; x_wconf 89' lang='lat' dir='ltr'><strong>missi</strong></span> <span class='ocrx_word' id='word_1_295' title='bbox 2325 4126 2486 4181; x_wconf 90' lang='lat' dir='ltr'><strong>sunt</strong></span> <span class='ocrx_word' id='word_1_296' title='bbox 2541 4114 2623 4181; x_wconf 93' lang='lat' dir='ltr'><strong>de</strong></span> 
     </span>
     <span class='ocr_line' id='line_1_45' title="bbox 667 4197 2624 4282; baseline -0.002 -14"><span class='ocrx_word' id='word_1_297' title='bbox 667 4202 852 4268; x_wconf 86' lang='lat' dir='ltr'><strong>hisce</strong></span> <span class='ocrx_word' id='word_1_298' title='bbox 893 4201 1091 4268; x_wconf 89' lang='lat' dir='ltr'><strong>rebus</strong></span> <span class='ocrx_word' id='word_1_299' title='bbox 1134 4200 1584 4282; x_wconf 87' lang='lat' dir='ltr'><strong>disceptatum.</strong></span> <span class='ocrx_word' id='word_1_300' title='bbox 1657 4197 1941 4265; x_wconf 84' lang='lat' dir='ltr'><strong>Senatus</strong></span> <span class='ocrx_word' id='word_1_301' title='bbox 1973 4201 2333 4267; x_wconf 91' lang='lat' dir='ltr'><strong>Beruensis</strong></span> <span class='ocrx_word' id='word_1_302' title='bbox 2381 4200 2624 4266; x_wconf 87' lang='lat' dir='ltr'><strong>auditis</strong></span> 
     </span>
     <span class='ocr_line' id='line_1_46' title="bbox 667 4284 2622 4370; baseline -0.001 -19"><span class='ocrx_word' id='word_1_303' title='bbox 667 4288 1009 4370; x_wconf 89' lang='lat' dir='ltr'><strong>utriusque</strong></span> <span class='ocrx_word' id='word_1_304' title='bbox 1051 4287 1258 4369; x_wconf 88' lang='lat' dir='ltr'><strong>partis</strong></span> <span class='ocrx_word' id='word_1_305' title='bbox 1299 4284 1691 4364; x_wconf 87' lang='lat' dir='ltr'><strong>rationibus,</strong></span> <span class='ocrx_word' id='word_1_306' title='bbox 1748 4305 1955 4368; x_wconf 89' lang='lat' dir='ltr'><strong>quum</strong></span> <span class='ocrx_word' id='word_1_307' title='bbox 2009 4285 2265 4352; x_wconf 79' lang='lat' dir='ltr'><strong>videret</strong></span> <span class='ocrx_word' id='word_1_308' title='bbox 2314 4286 2430 4351; x_wconf 83' lang='lat' dir='ltr'><strong>vix</strong></span> <span class='ocrx_word' id='word_1_309' title='bbox 2470 4286 2622 4350; x_wconf 88' lang='lat' dir='ltr'><strong>fieri</strong></span> 
     </span>
     <span class='ocr_line' id='line_1_47' title="bbox 667 4370 2623 4455; baseline -0.002 -17"><span class='ocrx_word' id='word_1_310' title='bbox 667 4391 858 4455; x_wconf 88' lang='lat' dir='ltr'><strong>posse</strong></span> <span class='ocrx_word' id='word_1_311' title='bbox 900 4382 977 4437; x_wconf 91' lang='lat' dir='ltr'><strong>ut</strong></span> <span class='ocrx_word' id='word_1_312' title='bbox 1017 4371 1208 4436; x_wconf 90' lang='lat' dir='ltr'><strong>aliter</strong></span> <span class='ocrx_word' id='word_1_313' title='bbox 1251 4370 1664 4435; x_wconf 88' lang='lat' dir='ltr'><strong>dirimeretur</strong></span> <span class='ocrx_word' id='word_1_314' title='bbox 1719 4373 2202 4451; x_wconf 79' lang='lat' dir='ltr'><strong>controversia,</strong></span> <span class='ocrx_word' id='word_1_315' title='bbox 2260 4371 2492 4437; x_wconf 88' lang='lat' dir='ltr'><strong>statuit</strong></span> <span class='ocrx_word' id='word_1_316' title='bbox 2546 4379 2623 4437; x_wconf 92' lang='lat' dir='ltr'><strong>ut</strong></span> 
     </span>
     <span class='ocr_line' id='line_1_48' title="bbox 663 4453 2618 4539; baseline 0 -18"><span class='ocrx_word' id='word_1_317' title='bbox 663 4457 736 4521; x_wconf 92' lang='lat' dir='ltr'><strong>in</strong></span> <span class='ocrx_word' id='word_1_318' title='bbox 780 4457 1081 4535; x_wconf 91' lang='lat' dir='ltr'><strong>comitiis,</strong></span> <span class='ocrx_word' id='word_1_319' title='bbox 1126 4475 1291 4539; x_wconf 90' lang='lat' dir='ltr'><strong>quae</strong></span> <span class='ocrx_word' id='word_1_320' title='bbox 1332 4453 1488 4522; x_wconf 92' lang='lat' dir='ltr'><strong>inde</strong></span> <span class='ocrx_word' id='word_1_321' title='bbox 1531 4455 1615 4521; x_wconf 91' lang='lat' dir='ltr'><strong>ad</strong></span> <span class='ocrx_word' id='word_1_322' title='bbox 1657 4464 1961 4523; x_wconf 81' lang='lat' dir='ltr'><strong>octavum</strong></span> <span class='ocrx_word' id='word_1_323' title='bbox 1997 4456 2172 4523; x_wconf 92' lang='lat' dir='ltr'><strong>diem</strong></span> <span class='ocrx_word' id='word_1_324' title='bbox 2199 4456 2618 4536; x_wconf 86' lang='lat' dir='ltr'><strong>haberentur,</strong></span> 
     </span>
     <span class='ocr_line' id='line_1_49' title="bbox 665 4540 2619 4627; baseline -0.001 -19"><span class='ocrx_word' id='word_1_325' title='bbox 665 4550 1033 4609; x_wconf 88' lang='lat' dir='ltr'><strong>certaretur</strong></span> <span class='ocrx_word' id='word_1_326' title='bbox 1089 4540 1425 4625; x_wconf 86' lang='lat' dir='ltr'><strong>suffragiis</strong></span> <span class='ocrx_word' id='word_1_327' title='bbox 1441 4591 1457 4619; x_wconf 93' lang='lat'><strong>,</strong></span> <span class='ocrx_word' id='word_1_328' title='bbox 1516 4548 1714 4624; x_wconf 88' lang='lat' dir='ltr'><strong>atque</strong></span> <span class='ocrx_word' id='word_1_329' title='bbox 1769 4542 1864 4607; x_wconf 91' lang='lat' dir='ltr'><strong>ita</strong></span> <span class='ocrx_word' id='word_1_330' title='bbox 1904 4562 2059 4627; x_wconf 88' lang='lat' dir='ltr'><strong>pars</strong></span> <span class='ocrx_word' id='word_1_331' title='bbox 2101 4562 2180 4608; x_wconf 90' lang='lat' dir='ltr'><strong>ea</strong></span> <span class='ocrx_word' id='word_1_332' title='bbox 2221 4562 2386 4625; x_wconf 92' lang='lat' dir='ltr'><strong>quae</strong></span> <span class='ocrx_word' id='word_1_333' title='bbox 2428 4562 2619 4625; x_wconf 90' lang='lat' dir='ltr'><strong>prae-</strong></span> 
     </span>
     <span class='ocr_line' id='line_1_50' title="bbox 664 4626 2617 4712; baseline 0 -21"><span class='ocrx_word' id='word_1_334' title='bbox 664 4627 941 4712; x_wconf 89' lang='lat' dir='ltr'><strong>polleret</strong></span> <span class='ocrx_word' id='word_1_335' title='bbox 993 4626 1133 4692; x_wconf 80' lang='lat' dir='ltr'><strong>voti</strong></span> <span class='ocrx_word' id='word_1_336' title='bbox 1191 4645 1453 4709; x_wconf 87' lang='lat' dir='ltr'><strong>compos</strong></span> <span class='ocrx_word' id='word_1_337' title='bbox 1505 4627 1903 4707; x_wconf 86' lang='lat' dir='ltr'><strong>efficeretur,</strong></span> <span class='ocrx_word' id='word_1_338' title='bbox 1962 4628 2092 4694; x_wconf 90' lang='lat' dir='ltr'><strong>nisi</strong></span> <span class='ocrx_word' id='word_1_339' title='bbox 2134 4628 2303 4692; x_wconf 88' lang='lat' dir='ltr'><strong>forte</strong></span> <span class='ocrx_word' id='word_1_340' title='bbox 2349 4628 2617 4692; x_wconf 88' lang='lat' dir='ltr'><strong>interim</strong></span> 
     </span>
     <span class='ocr_line' id='line_1_51' title="bbox 661 4710 2619 4779; baseline -0.001 -1"><span class='ocrx_word' id='word_1_341' title='bbox 661 4713 1004 4778; x_wconf 89' lang='lat' dir='ltr'><strong>meliorem</strong></span> <span class='ocrx_word' id='word_1_342' title='bbox 1046 4710 1423 4778; x_wconf 87' lang='lat' dir='ltr'><strong>sarciendae</strong></span> <span class='ocrx_word' id='word_1_343' title='bbox 1479 4712 1860 4779; x_wconf 90' lang='lat' dir='ltr'><strong>concordiae</strong></span> <span class='ocrx_word' id='word_1_344' title='bbox 1916 4715 2240 4779; x_wconf 88' lang='lat' dir='ltr'><strong>rationem</strong></span> <span class='ocrx_word' id='word_1_345' title='bbox 2294 4713 2619 4778; x_wconf 90' lang='lat' dir='ltr'><strong>Dominus</strong></span> 
     </span>
     <span class='ocr_line' id='line_1_52' title="bbox 666 4796 2618 4883; baseline -0.001 -19"><span class='ocrx_word' id='word_1_346' title='bbox 666 4797 1057 4865; x_wconf 88' lang='lat' dir='ltr'><strong>ostenderet.</strong></span> <span class='ocrx_word' id='word_1_347' title='bbox 1124 4796 1317 4878; x_wconf 79' lang='lat' dir='ltr'><strong>Quod</strong></span> <span class='ocrx_word' id='word_1_348' title='bbox 1340 4797 1666 4881; x_wconf 92' lang='lat' dir='ltr'><strong>posterius</strong></span> <span class='ocrx_word' id='word_1_349' title='bbox 1686 4799 1743 4863; x_wconf 92' lang='lat' dir='ltr'><strong>si</strong></span> <span class='ocrx_word' id='word_1_350' title='bbox 1768 4801 2192 4883; x_wconf 83' lang='lat' dir='ltr'><strong>contingeret,</strong></span> <span class='ocrx_word' id='word_1_351' title='bbox 2234 4796 2618 4864; x_wconf 80' lang='lat' dir='ltr'><strong>mandatum</strong></span> 
     </span>
     <span class='ocr_line' id='line_1_53' title="bbox 665 4883 2617 4951; baseline -0.001 -2"><span class='ocrx_word' id='word_1_352' title='bbox 665 4893 769 4950; x_wconf 88' lang='lat' dir='ltr'><strong>est</strong></span> <span class='ocrx_word' id='word_1_353' title='bbox 822 4883 1377 4949; x_wconf 88' lang='lat' dir='ltr'><strong>Neocomensibus</strong></span> <span class='ocrx_word' id='word_1_354' title='bbox 1434 4892 1511 4948; x_wconf 92' lang='lat' dir='ltr'><strong>ut</strong></span> <span class='ocrx_word' id='word_1_355' title='bbox 1564 4883 1881 4951; x_wconf 90' lang='lat' dir='ltr'><strong>nuncium</strong></span> <span class='ocrx_word' id='word_1_356' title='bbox 1935 4883 2016 4949; x_wconf 93' lang='lat' dir='ltr'><strong>de</strong></span> <span class='ocrx_word' id='word_1_357' title='bbox 2073 4885 2197 4950; x_wconf 91' lang='lat' dir='ltr'><strong>hac</strong></span> <span class='ocrx_word' id='word_1_358' title='bbox 2253 4905 2325 4949; x_wconf 90' lang='lat' dir='ltr'><strong>re</strong></span> <span class='ocrx_word' id='word_1_359' title='bbox 2390 4885 2617 4950; x_wconf 88' lang='lat' dir='ltr'><strong>statim</strong></span> 
     </span>
     <span class='ocr_line' id='line_1_54' title="bbox 663 4968 2618 5050; baseline -0.001 -15"><span class='ocrx_word' id='word_1_360' title='bbox 663 4970 955 5036; x_wconf 92' lang='lat' dir='ltr'><strong>Beruam</strong></span> <span class='ocrx_word' id='word_1_361' title='bbox 995 4969 1365 5034; x_wconf 88' lang='lat' dir='ltr'><strong>mitterent:</strong></span> <span class='ocrx_word' id='word_1_362' title='bbox 1410 4970 1514 5034; x_wconf 91' lang='lat' dir='ltr'><strong>sin</strong></span> <span class='ocrx_word' id='word_1_363' title='bbox 1559 4969 1796 5050; x_wconf 90' lang='lat' dir='ltr'><strong>minus,</strong></span> <span class='ocrx_word' id='word_1_364' title='bbox 1841 4981 2193 5037; x_wconf 81' lang='lat' dir='ltr'><strong>venturam</strong></span> <span class='ocrx_word' id='word_1_365' title='bbox 2233 4968 2387 5034; x_wconf 92' lang='lat' dir='ltr'><strong>inde</strong></span> <span class='ocrx_word' id='word_1_366' title='bbox 2441 4970 2618 5035; x_wconf 91' lang='lat' dir='ltr'><strong>Neo-</strong></span> 
     </span>
    </p>
   </div>
   <div class='ocr_carea' id='block_1_6' title="bbox 667 5111 1030 5118">
    <p class='ocr_par' dir='ltr' id='par_1_6' title="bbox 667 5111 1030 5118">
     <span class='ocr_line' id='line_1_55' title="bbox 667 5111 1030 5118; baseline 0 0"><span class='ocrx_word' id='word_1_367' title='bbox 667 5111 1030 5118; x_wconf 95' lang='lat' dir='ltr'><strong> </strong></span> 
     </span>
    </p>
   </div>
   <div class='ocr_carea' id='block_1_7' title="bbox 659 5189 2619 5395">
    <p class='ocr_par' dir='ltr' id='par_1_7' title="bbox 659 5189 2619 5395">
     <span class='ocr_line' id='line_1_56' title="bbox 871 5189 2619 5258; baseline 0.002 -15"><span class='ocrx_word' id='word_1_368' title='bbox 871 5189 927 5254; x_wconf 82' lang='lat'><strong>7)</strong></span> <span class='ocrx_word' id='word_1_369' title='bbox 961 5208 1030 5244; x_wconf 89' lang='lat' dir='ltr'><strong>au</strong></span> <span class='ocrx_word' id='word_1_370' title='bbox 1099 5191 1326 5244; x_wconf 87' lang='lat' dir='ltr'><strong>nombre</strong></span> <span class='ocrx_word' id='word_1_371' title='bbox 1378 5191 1446 5245; x_wconf 89' lang='lat' dir='ltr'><strong>de</strong></span> <span class='ocrx_word' id='word_1_372' title='bbox 1499 5193 1747 5245; x_wconf 83' lang='lat' dir='ltr'><strong>soixante</strong></span> <span class='ocrx_word' id='word_1_373' title='bbox 1809 5192 2059 5257; x_wconf 77' lang='lat' dir='ltr'><strong>(Perrot,</strong></span> <span class='ocrx_word' id='word_1_374' title='bbox 2132 5194 2226 5247; x_wconf 72' lang='lat' dir='ltr'><strong>Vis</strong></span> <span class='ocrx_word' id='word_1_375' title='bbox 2276 5192 2344 5246; x_wconf 75' lang='lat' dir='ltr'><strong>de</strong></span> <span class='ocrx_word' id='word_1_376' title='bbox 2401 5192 2619 5258; x_wconf 65' lang='lat' dir='ltr'><strong>Fan-el)-</strong></span> 
     </span>
     <span class='ocr_line' id='line_1_57' title="bbox 659 5257 1209 5327; baseline 0 -15"><span class='ocrx_word' id='word_1_377' title='bbox 659 5257 999 5325; x_wconf 72' lang='lat' dir='ltr'><strong>Kirchhofer</strong></span> <span class='ocrx_word' id='word_1_378' title='bbox 1030 5277 1085 5327; x_wconf 79' lang='lat' dir='ltr'><strong>p.</strong></span> <span class='ocrx_word' id='word_1_379' title='bbox 1124 5259 1209 5313; x_wconf 80' lang='lat'><strong>45.</strong></span> 
     </span>
     <span class='ocr_line' id='line_1_58' title="bbox 871 5327 2014 5395; baseline 0.002 -14"><span class='ocrx_word' id='word_1_380' title='bbox 871 5327 932 5395; x_wconf 88' lang='lat'><strong>8)</strong></span> <span class='ocrx_word' id='word_1_381' title='bbox 973 5328 1123 5383; x_wconf 77' lang='lat' dir='ltr'><strong>Rud.</strong></span> <span class='ocrx_word' id='word_1_382' title='bbox 1162 5330 1233 5384; x_wconf 81' lang='lat' dir='ltr'><strong>ab</strong></span> <span class='ocrx_word' id='word_1_383' title='bbox 1271 5327 1482 5384; x_wconf 73' lang='lat' dir='ltr'><strong>Erlaoh</strong></span> <span class='ocrx_word' id='word_1_384' title='bbox 1513 5335 1566 5383; x_wconf 79' lang='lat' dir='ltr'><strong>et</strong></span> <span class='ocrx_word' id='word_1_385' title='bbox 1601 5327 1718 5385; x_wconf 81' lang='lat' dir='ltr'><strong>Iac.</strong></span> <span class='ocrx_word' id='word_1_386' title='bbox 1763 5327 2014 5385; x_wconf 61' lang='lat' dir='ltr'><strong>:ti-ibam.</strong></span> 
     </span>
    </p>
   </div>
   <div class='ocr_carea' id='block_1_8' title="bbox 2189 419 3109 492">
    <p class='ocr_par' dir='ltr' id='par_1_8' title="bbox 2189 419 3109 492">
     <span class='ocr_line' id='line_1_59' title="bbox 2189 419 3109 492; baseline -0.004 0"><span class='ocrx_word' id='word_1_387' title='bbox 2189 419 2723 492; x_wconf 69' lang='lat' dir='ltr'>EPIS&#39;DOLAE</span> <span class='ocrx_word' id='word_1_388' title='bbox 2769 425 3109 490; x_wconf 82' lang='lat'><strong>388—389</strong></span> 
     </span>
    </p>
   </div>
   <div class='ocr_carea' id='block_1_9' title="bbox 2668 635 2688 5394">
    <p class='ocr_par' dir='ltr' id='par_1_9' title="bbox 2668 635 2688 5394">
     <span class='ocr_line' id='line_1_60' title="bbox 2668 635 2688 5394; baseline 0 0"><span class='ocrx_word' id='word_1_389' title='bbox 2668 635 2688 5394; x_wconf 95' lang='lat' dir='ltr'><strong> </strong></span> 
     </span>
    </p>
   </div>
   <div class='ocr_carea' id='block_1_10' title="bbox 4563 424 4681 487">
    <p class='ocr_par' dir='ltr' id='par_1_10' title="bbox 4563 424 4681 487">
     <span class='ocr_line' id='line_1_61' title="bbox 4563 424 4681 487; baseline 0.017 -2"><span class='ocrx_word' id='word_1_390' title='bbox 4563 425 4639 486; x_wconf 77' lang='lat'><strong>37</strong></span> <span class='ocrx_word' id='word_1_391' title='bbox 4644 424 4681 487; x_wconf 82' lang='lat'><strong>6</strong></span> 
     </span>
    </p>
   </div>
   <div class='ocr_carea' id='block_1_11' title="bbox 2727 609 4689 2750">
    <p class='ocr_par' dir='ltr' id='par_1_11' title="bbox 2727 609 4689 2750">
     <span class='ocr_line' id='line_1_62' title="bbox 2728 609 4683 694; baseline 0 -17"><span class='ocrx_word' id='word_1_392' title='bbox 2728 630 2993 678; x_wconf 89' lang='lat' dir='ltr'><strong>comum</strong></span> <span class='ocrx_word' id='word_1_393' title='bbox 3047 610 3440 694; x_wconf 84' lang='lat' dir='ltr'><strong>legationem</strong></span> <span class='ocrx_word' id='word_1_394' title='bbox 3486 630 3653 693; x_wconf 91' lang='lat' dir='ltr'><strong>quae</strong></span> <span class='ocrx_word' id='word_1_395' title='bbox 3708 610 3869 693; x_wconf 90' lang='lat' dir='ltr'><strong>ipsis</strong></span> <span class='ocrx_word' id='word_1_396' title='bbox 3920 609 4201 676; x_wconf 88' lang='lat' dir='ltr'><strong>comitiis</strong></span> <span class='ocrx_word' id='word_1_397' title='bbox 4265 612 4451 693; x_wconf 89' lang='lat' dir='ltr'><strong>quasi</strong></span> <span class='ocrx_word' id='word_1_398' title='bbox 4503 630 4683 694; x_wconf 88' lang='lat' dir='ltr'><strong>spec-</strong></span> 
     </span>
     <span class='ocr_line' id='line_1_63' title="bbox 2731 693 4685 781; baseline 0 -20"><span class='ocrx_word' id='word_1_399' title='bbox 2731 694 2921 761; x_wconf 90' lang='lat' dir='ltr'><strong>tandi</strong></span> <span class='ocrx_word' id='word_1_400' title='bbox 2962 702 3033 760; x_wconf 92' lang='lat' dir='ltr'><strong>et</strong></span> <span class='ocrx_word' id='word_1_401' title='bbox 3073 694 3468 762; x_wconf 89' lang='lat' dir='ltr'><strong>testificandi</strong></span> <span class='ocrx_word' id='word_1_402' title='bbox 3524 716 3722 762; x_wconf 90' lang='lat' dir='ltr'><strong>causa</strong></span> <span class='ocrx_word' id='word_1_403' title='bbox 3770 696 4138 762; x_wconf 89' lang='lat' dir='ltr'><strong>interesset.</strong></span> <span class='ocrx_word' id='word_1_404' title='bbox 4235 693 4429 761; x_wconf 90' lang='lat' dir='ltr'><strong>Intra</strong></span> <span class='ocrx_word' id='word_1_405' title='bbox 4482 696 4685 781; x_wconf 84' lang='lat' dir='ltr'><strong>igitur</strong></span> 
     </span>
     <span class='ocr_line' id='line_1_64' title="bbox 2731 780 4685 866; baseline -0.001 -19"><span class='ocrx_word' id='word_1_406' title='bbox 2731 803 2842 848; x_wconf 92' lang='lat' dir='ltr'><strong>eos</strong></span> <span class='ocrx_word' id='word_1_407' title='bbox 2883 801 3129 864; x_wconf 91' lang='lat' dir='ltr'><strong>paucos</strong></span> <span class='ocrx_word' id='word_1_408' title='bbox 3172 780 3331 860; x_wconf 89' lang='lat' dir='ltr'><strong>dies,</strong></span> <span class='ocrx_word' id='word_1_409' title='bbox 3375 802 3578 864; x_wconf 89' lang='lat' dir='ltr'><strong>quum</strong></span> <span class='ocrx_word' id='word_1_410' title='bbox 3621 802 3707 846; x_wconf 86' lang='lat' dir='ltr'><strong>ex</strong></span> <span class='ocrx_word' id='word_1_411' title='bbox 3747 788 4025 864; x_wconf 86' lang='lat' dir='ltr'><strong>utraque</strong></span> <span class='ocrx_word' id='word_1_412' title='bbox 4058 787 4246 866; x_wconf 87' lang='lat' dir='ltr'><strong>parte</strong></span> <span class='ocrx_word' id='word_1_413' title='bbox 4280 781 4433 848; x_wconf 92' lang='lat' dir='ltr'><strong>lecti</strong></span> <span class='ocrx_word' id='word_1_414' title='bbox 4468 790 4685 847; x_wconf 86' lang='lat' dir='ltr'><strong>essent</strong></span> 
     </span>
     <span class='ocr_line' id='line_1_65' title="bbox 2733 865 4687 950; baseline 0 -17"><span class='ocrx_word' id='word_1_415' title='bbox 2733 867 3015 933; x_wconf 91' lang='lat' dir='ltr'><strong>duodeni</strong></span> <span class='ocrx_word' id='word_1_416' title='bbox 3069 866 3306 950; x_wconf 88' lang='lat' dir='ltr'><strong>quibus</strong></span> <span class='ocrx_word' id='word_1_417' title='bbox 3371 887 3631 932; x_wconf 89' lang='lat' dir='ltr'><strong>summa</strong></span> <span class='ocrx_word' id='word_1_418' title='bbox 3692 868 3791 931; x_wconf 89' lang='lat' dir='ltr'><strong>rei</strong></span> <span class='ocrx_word' id='word_1_419' title='bbox 3854 865 4246 933; x_wconf 88' lang='lat' dir='ltr'><strong>demandata</strong></span> <span class='ocrx_word' id='word_1_420' title='bbox 4308 867 4556 947; x_wconf 83' lang='lat' dir='ltr'><strong>fuerat,</strong></span> <span class='ocrx_word' id='word_1_421' title='bbox 4621 873 4687 933; x_wconf 87' lang='lat' dir='ltr'><strong>et</strong></span> 
     </span>
     <span class='ocr_line' id='line_1_66' title="bbox 2731 951 4686 1037; baseline 0 -19"><span class='ocrx_word' id='word_1_422' title='bbox 2731 954 2913 1037; x_wconf 88' lang='lat' dir='ltr'><strong>pacis</strong></span> <span class='ocrx_word' id='word_1_423' title='bbox 2972 951 3377 1018; x_wconf 90' lang='lat' dir='ltr'><strong>conditiones</strong></span> <span class='ocrx_word' id='word_1_424' title='bbox 3441 952 3666 1019; x_wconf 83' lang='lat' dir='ltr'><strong>variae</strong></span> <span class='ocrx_word' id='word_1_425' title='bbox 3730 951 3889 1019; x_wconf 90' lang='lat' dir='ltr'><strong>hinc</strong></span> <span class='ocrx_word' id='word_1_426' title='bbox 3953 961 4149 1035; x_wconf 89' lang='lat' dir='ltr'><strong>atque</strong></span> <span class='ocrx_word' id='word_1_427' title='bbox 4220 952 4404 1018; x_wconf 90' lang='lat' dir='ltr'><strong>illinc</strong></span> <span class='ocrx_word' id='word_1_428' title='bbox 4469 960 4686 1020; x_wconf 89' lang='lat' dir='ltr'><strong>essent</strong></span> 
     </span>
     <span class='ocr_line' id='line_1_67' title="bbox 2731 1038 4687 1122; baseline 0.001 -19"><span class='ocrx_word' id='word_1_429' title='bbox 2731 1039 3119 1122; x_wconf 88' lang='lat' dir='ltr'><strong>propositae,</strong></span> <span class='ocrx_word' id='word_1_430' title='bbox 3162 1039 3295 1102; x_wconf 88' lang='lat' dir='ltr'><strong>iam</strong></span> <span class='ocrx_word' id='word_1_431' title='bbox 3328 1039 3506 1104; x_wconf 90' lang='lat' dir='ltr'><strong>inter</strong></span> <span class='ocrx_word' id='word_1_432' title='bbox 3537 1046 3849 1120; x_wconf 87' lang='lat' dir='ltr'><strong>utrosque</strong></span> <span class='ocrx_word' id='word_1_433' title='bbox 3871 1046 4272 1105; x_wconf 84' lang='lat' dir='ltr'><strong>convenerat</strong></span> <span class='ocrx_word' id='word_1_434' title='bbox 4293 1045 4370 1103; x_wconf 91' lang='lat' dir='ltr'><strong>ut</strong></span> <span class='ocrx_word' id='word_1_435' title='bbox 4392 1038 4687 1105; x_wconf 71' lang='lat' dir='ltr'><strong>Farelzoaes</strong></span> 
     </span>
     <span class='ocr_line' id='line_1_68' title="bbox 2731 1124 4686 1207; baseline 0.001 -19"><span class='ocrx_word' id='word_1_436' title='bbox 2731 1132 3047 1207; x_wconf 87' lang='lat' dir='ltr'><strong>perpetuo</strong></span> <span class='ocrx_word' id='word_1_437' title='bbox 3089 1131 3477 1204; x_wconf 90' lang='lat' dir='ltr'><strong>remaneret,</strong></span> <span class='ocrx_word' id='word_1_438' title='bbox 3520 1144 3799 1206; x_wconf 91' lang='lat' dir='ltr'><strong>eumque</strong></span> <span class='ocrx_word' id='word_1_439' title='bbox 3840 1144 4067 1189; x_wconf 89' lang='lat' dir='ltr'><strong>omues</strong></span> <span class='ocrx_word' id='word_1_440' title='bbox 4109 1125 4181 1188; x_wconf 91' lang='lat' dir='ltr'><strong>in</strong></span> <span class='ocrx_word' id='word_1_441' title='bbox 4216 1144 4446 1189; x_wconf 86' lang='lat' dir='ltr'><strong>verum</strong></span> <span class='ocrx_word' id='word_1_442' title='bbox 4483 1145 4560 1191; x_wconf 91' lang='lat' dir='ltr'><strong>ac</strong></span> <span class='ocrx_word' id='word_1_443' title='bbox 4593 1124 4686 1189; x_wconf 91' lang='lat' dir='ltr'><strong>le-</strong></span> 
     </span>
     <span class='ocr_line' id='line_1_69' title="bbox 2781 1208 4688 1294; baseline 0.001 -21"><span class='ocrx_word' id='word_1_444' title='bbox 2781 1210 3040 1274; x_wconf 84' lang='lat' dir='ltr'><strong>‘timum</strong></span> <span class='ocrx_word' id='word_1_445' title='bbox 3105 1217 3433 1292; x_wconf 90' lang='lat' dir='ltr'><strong>pastorem</strong></span> <span class='ocrx_word' id='word_1_446' title='bbox 3497 1217 3945 1294; x_wconf 87' lang='lat' dir='ltr'><strong>agnoscerent.</strong></span> <span class='ocrx_word' id='word_1_447' title='bbox 4044 1208 4181 1275; x_wconf 79' lang='lat' dir='ltr'><strong>Sed</strong></span> <span class='ocrx_word' id='word_1_448' title='bbox 4256 1229 4468 1275; x_wconf 89' lang='lat' dir='ltr'><strong>unum</strong></span> <span class='ocrx_word' id='word_1_449' title='bbox 4518 1208 4688 1275; x_wconf 91' lang='lat' dir='ltr'><strong>illud</strong></span> 
     </span>
     <span class='ocr_line' id='line_1_70' title="bbox 2732 1231 4688 1379; baseline 0.001 -19"><span class='ocrx_word' id='word_1_450' title='bbox 2732 1231 3014 1379; x_wconf 56' lang='lat' dir='ltr'><strong>{lenique</strong></span> <span class='ocrx_word' id='word_1_451' title='bbox 3056 1294 3311 1360; x_wconf 89' lang='lat' dir='ltr'><strong>obstitit</strong></span> <span class='ocrx_word' id='word_1_452' title='bbox 3395 1292 3525 1359; x_wconf 91' lang='lat' dir='ltr'><strong>uod</strong></span> <span class='ocrx_word' id='word_1_453' title='bbox 3563 1294 3974 1378; x_wconf 86' lang='lat' dir='ltr'><strong>postularent</strong></span> <span class='ocrx_word' id='word_1_454' title='bbox 4012 1294 4259 1378; x_wconf 91' lang='lat' dir='ltr'><strong>aliquot</strong></span> <span class='ocrx_word' id='word_1_455' title='bbox 4291 1317 4376 1360; x_wconf 83' lang='lat' dir='ltr'><strong>ex</strong></span> <span class='ocrx_word' id='word_1_456' title='bbox 4409 1294 4688 1362; x_wconf 81' lang='lat' dir='ltr'><strong>adversa</strong></span> 
     </span>
     <span class='ocr_line' id='line_1_71' title="bbox 2730 1380 4683 1466; baseline 0.002 -22"><span class='ocrx_word' id='word_1_457' title='bbox 2730 1389 2918 1465; x_wconf 87' lang='lat' dir='ltr'><strong>parte</strong></span> <span class='ocrx_word' id='word_1_458' title='bbox 2960 1391 3038 1445; x_wconf 89' lang='lat' dir='ltr'><strong>ut</strong></span> <span class='ocrx_word' id='word_1_459' title='bbox 3079 1380 3376 1446; x_wconf 91' lang='lat' dir='ltr'><strong>concioni</strong></span> <span class='ocrx_word' id='word_1_460' title='bbox 3420 1400 3500 1445; x_wconf 91' lang='lat' dir='ltr'><strong>us</strong></span> <span class='ocrx_word' id='word_1_461' title='bbox 3543 1380 3687 1445; x_wconf 89' lang='lat' dir='ltr'><strong>eius</strong></span> <span class='ocrx_word' id='word_1_462' title='bbox 3729 1380 4048 1446; x_wconf 85' lang='lat' dir='ltr'><strong>interesse</strong></span> <span class='ocrx_word' id='word_1_463' title='bbox 4089 1401 4224 1446; x_wconf 92' lang='lat' dir='ltr'><strong>non</strong></span> <span class='ocrx_word' id='word_1_464' title='bbox 4277 1388 4683 1466; x_wconf 88' lang='lat' dir='ltr'><strong>cogerentur.</strong></span> 
     </span>
     <span class='ocr_line' id='line_1_72' title="bbox 2732 1463 4688 1550; baseline 0.002 -19"><span class='ocrx_word' id='word_1_465' title='bbox 2732 1466 3156 1531; x_wconf 85' lang='lat' dir='ltr'><strong>Tenebantur</strong></span> <span class='ocrx_word' id='word_1_466' title='bbox 3197 1466 3377 1531; x_wconf 91' lang='lat' dir='ltr'><strong>enim</strong></span> <span class='ocrx_word' id='word_1_467' title='bbox 3419 1465 3733 1550; x_wconf 89' lang='lat' dir='ltr'><strong>religione</strong></span> <span class='ocrx_word' id='word_1_468' title='bbox 3776 1464 3859 1531; x_wconf 92' lang='lat' dir='ltr'><strong>ob</strong></span> <span class='ocrx_word' id='word_1_469' title='bbox 3900 1463 4226 1548; x_wconf 89' lang='lat' dir='ltr'><strong>quoddam</strong></span> <span class='ocrx_word' id='word_1_470' title='bbox 4261 1467 4688 1534; x_wconf 87' lang='lat' dir='ltr'><strong>temerarium</strong></span> 
     </span>
     <span class='ocr_line' id='line_1_73' title="bbox 2731 1550 4686 1705; baseline 0.002 -4"><span class='ocrx_word' id='word_1_471' title='bbox 2731 1551 3214 1703; x_wconf 43' lang='lat' dir='ltr'><strong>attium&amp;</strong></span> <span class='ocrx_word' id='word_1_472' title='bbox 3250 1551 3740 1702; x_wconf 54' lang='lat'><strong>{32203‘333&#39;30’</strong></span> <span class='ocrx_word' id='word_1_473' title='bbox 3760 1550 4686 1705; x_wconf 56' lang='grc' dir='ltr'><strong>οὲἓιῖ-ῑὲἓῗηὶἳᾶθέἒωῗέῗὲ</strong></span> 
     </span>
     <span class='ocr_line' id='line_1_74' title="bbox 2730 1720 4689 1806; baseline 0.002 -19"><span class='ocrx_word' id='word_1_474' title='bbox 2730 1720 3165 1788; x_wconf 90' lang='lat' dir='ltr'><strong>conditionem</strong></span> <span class='ocrx_word' id='word_1_475' title='bbox 3208 1721 3552 1787; x_wconf 88' lang='lat' dir='ltr'><strong>admittere</strong></span> <span class='ocrx_word' id='word_1_476' title='bbox 3594 1723 3804 1787; x_wconf 89' lang='lat' dir='ltr'><strong>nostri</strong></span> <span class='ocrx_word' id='word_1_477' title='bbox 3832 1722 4025 1806; x_wconf 91' lang='lat' dir='ltr'><strong>plane</strong></span> <span class='ocrx_word' id='word_1_478' title='bbox 4048 1734 4450 1788; x_wconf 89' lang='lat' dir='ltr'><strong>recusarunt.</strong></span> <span class='ocrx_word' id='word_1_479' title='bbox 4519 1725 4689 1790; x_wconf 85' lang='lat' dir='ltr'><strong>Erat</strong></span> 
     </span>
     <span class='ocr_line' id='line_1_75' title="bbox 2731 1807 4684 1893; baseline 0.002 -21"><span class='ocrx_word' id='word_1_480' title='bbox 2731 1807 2907 1872; x_wconf 88' lang='lat' dir='ltr'><strong>enim</strong></span> <span class='ocrx_word' id='word_1_481' title='bbox 2951 1815 3177 1874; x_wconf 90' lang='lat' dir='ltr'><strong>contra</strong></span> <span class='ocrx_word' id='word_1_482' title='bbox 3214 1807 3417 1873; x_wconf 90' lang='lat' dir='ltr'><strong>bonos</strong></span> <span class='ocrx_word' id='word_1_483' title='bbox 3464 1827 3680 1874; x_wconf 88' lang='lat' dir='ltr'><strong>mores</strong></span> <span class='ocrx_word' id='word_1_484' title='bbox 3715 1815 3783 1872; x_wconf 93' lang='lat' dir='ltr'><strong>et</strong></span> <span class='ocrx_word' id='word_1_485' title='bbox 3816 1809 4243 1874; x_wconf 89' lang='lat' dir='ltr'><strong>christianam</strong></span> <span class='ocrx_word' id='word_1_486' title='bbox 4278 1809 4684 1893; x_wconf 87' lang='lat' dir='ltr'><strong>religionem,</strong></span> 
     </span>
     <span class='ocr_line' id='line_1_76' title="bbox 2731 1892 4597 1976; baseline 0.002 -18"><span class='ocrx_word' id='word_1_487' title='bbox 2731 1894 3021 1975; x_wconf 88' lang='lat' dir='ltr'><strong>adeoque</strong></span> <span class='ocrx_word' id='word_1_488' title='bbox 3042 1894 3272 1958; x_wconf 79' lang='lat' dir='ltr'><strong>‘futura</strong></span> <span class='ocrx_word' id='word_1_489' title='bbox 3312 1892 3659 1960; x_wconf 81' lang='lat' dir='ltr'><strong>videbatur</strong></span> <span class='ocrx_word' id='word_1_490' title='bbox 3691 1895 3875 1976; x_wconf 90' lang='lat' dir='ltr'><strong>quasi</strong></span> <span class='ocrx_word' id='word_1_491' title='bbox 3919 1895 4338 1960; x_wconf 90' lang='lat' dir='ltr'><strong>seminarium</strong></span> <span class='ocrx_word' id='word_1_492' title='bbox 4390 1904 4460 1960; x_wconf 93' lang='lat' dir='ltr'><strong>et</strong></span> <span class='ocrx_word' id='word_1_493' title='bbox 4499 1896 4597 1961; x_wconf 91' lang='lat' dir='ltr'><strong>ori</strong></span> 
     </span>
     <span class='ocr_line' id='line_1_77' title="bbox 2730 1977 4683 2063; baseline 0.002 -20"><span class='ocrx_word' id='word_1_494' title='bbox 2730 1979 3050 2060; x_wconf 89' lang='lat' dir='ltr'><strong>quaedam</strong></span> <span class='ocrx_word' id='word_1_495' title='bbox 3125 1977 3210 2043; x_wconf 90' lang='lat' dir='ltr'><strong>ad</strong></span> <span class='ocrx_word' id='word_1_496' title='bbox 3292 1998 3467 2044; x_wconf 86' lang='lat' dir='ltr'><strong>nova</strong></span> <span class='ocrx_word' id='word_1_497' title='bbox 3549 1978 3907 2044; x_wconf 88' lang='lat' dir='ltr'><strong>schismata</strong></span> <span class='ocrx_word' id='word_1_498' title='bbox 3982 2000 4238 2063; x_wconf 92' lang='lat' dir='ltr'><strong>semper</strong></span> <span class='ocrx_word' id='word_1_499' title='bbox 4316 1982 4580 2047; x_wconf 85' lang='lat' dir='ltr'><strong>excitan</strong></span> <span class='ocrx_word' id='word_1_500' title='bbox 4668 2032 4683 2047; x_wconf 98' lang='lat'><strong>.</strong></span> 
     </span>
     <span class='ocr_line' id='line_1_78' title="bbox 2731 2063 4686 2147; baseline 0.002 -18"><span class='ocrx_word' id='word_1_501' title='bbox 2731 2063 3027 2129; x_wconf 74' lang='lat' dir='ltr'><strong>Tandem</strong></span> <span class='ocrx_word' id='word_1_502' title='bbox 3069 2064 3291 2147; x_wconf 89' lang='lat' dir='ltr'><strong>igitur,</strong></span> <span class='ocrx_word' id='word_1_503' title='bbox 3335 2063 3884 2147; x_wconf 89' lang='lat' dir='ltr'><strong>quemadmodum</strong></span> <span class='ocrx_word' id='word_1_504' title='bbox 3941 2085 3983 2130; x_wconf 88' lang='lat' dir='ltr'><strong>a</strong></span> <span class='ocrx_word' id='word_1_505' title='bbox 4039 2066 4488 2133; x_wconf 86' lang='lat' dir='ltr'><strong>Beruensibus</strong></span> <span class='ocrx_word' id='word_1_506' title='bbox 4530 2089 4686 2133; x_wconf 90' lang='lat' dir='ltr'><strong>con-</strong></span> 
     </span>
     <span class='ocr_line' id='line_1_79' title="bbox 2730 2150 4685 2240; baseline 0.002 -26"><span class='ocrx_word' id='word_1_507' title='bbox 2730 2150 3034 2216; x_wconf 91' lang='lat' dir='ltr'><strong>stitutum</strong></span> <span class='ocrx_word' id='word_1_508' title='bbox 3080 2150 3314 2230; x_wconf 85' lang='lat' dir='ltr'><strong>fuerat,</strong></span> <span class='ocrx_word' id='word_1_509' title='bbox 3356 2150 3440 2214; x_wconf 90' lang='lat' dir='ltr'><strong>ad</strong></span> <span class='ocrx_word' id='word_1_510' title='bbox 3483 2150 3707 2233; x_wconf 91' lang='lat' dir='ltr'><strong>populi</strong></span> <span class='ocrx_word' id='word_1_511' title='bbox 3744 2150 4060 2236; x_wconf 86' lang='lat' dir='ltr'><strong>suffragia</strong></span> <span class='ocrx_word' id='word_1_512' title='bbox 4093 2150 4450 2217; x_wconf 85' lang='lat' dir='ltr'><strong>deventum</strong></span> <span class='ocrx_word' id='word_1_513' title='bbox 4484 2160 4604 2218; x_wconf 89' lang='lat' dir='ltr'><strong>est.</strong></span> <span class='ocrx_word' id='word_1_514' title='bbox 4628 2151 4685 2240; x_wconf 78' lang='lat'><strong>⁹)</strong></span> 
     </span>
     <span class='ocr_line' id='line_1_80' title="bbox 2729 2233 4684 2320; baseline 0.002 -20"><span class='ocrx_word' id='word_1_515' title='bbox 2729 2236 2960 2301; x_wconf 87' lang='lat' dir='ltr'><strong>Nostri</strong></span> <span class='ocrx_word' id='word_1_516' title='bbox 3025 2235 3160 2300; x_wconf 86' lang='lat' dir='ltr'><strong>fere</strong></span> <span class='ocrx_word' id='word_1_517' title='bbox 3227 2233 3496 2300; x_wconf 90' lang='lat' dir='ltr'><strong>dimidia</strong></span> <span class='ocrx_word' id='word_1_518' title='bbox 3559 2257 3643 2301; x_wconf 84' lang='lat' dir='ltr'><strong>ex</strong></span> <span class='ocrx_word' id='word_1_519' title='bbox 3708 2244 3894 2319; x_wconf 91' lang='lat' dir='ltr'><strong>parte</strong></span> <span class='ocrx_word' id='word_1_520' title='bbox 3957 2239 4324 2320; x_wconf 89' lang='lat' dir='ltr'><strong>superiores</strong></span> <span class='ocrx_word' id='word_1_521' title='bbox 4396 2237 4684 2304; x_wconf 86' lang='lat' dir='ltr'><strong>fuerunt.</strong></span> 
     </span>
     <span class='ocr_line' id='line_1_81' title="bbox 2732 2319 4687 2406; baseline 0.001 -19"><span class='ocrx_word' id='word_1_522' title='bbox 2732 2319 3047 2387; x_wconf 77' lang='lat' dir='ltr'><strong>Confecta</strong></span> <span class='ocrx_word' id='word_1_523' title='bbox 3069 2341 3177 2386; x_wconf 88' lang='lat' dir='ltr'><strong>res</strong></span> <span class='ocrx_word' id='word_1_524' title='bbox 3197 2329 3298 2387; x_wconf 92' lang='lat' dir='ltr'><strong>est</strong></span> <span class='ocrx_word' id='word_1_525' title='bbox 3318 2320 3521 2404; x_wconf 89' lang='lat' dir='ltr'><strong>(quod</strong></span> <span class='ocrx_word' id='word_1_526' title='bbox 3541 2321 3661 2387; x_wconf 91' lang='lat' dir='ltr'><strong>soli</strong></span> <span class='ocrx_word' id='word_1_527' title='bbox 3684 2322 3968 2388; x_wconf 92' lang='lat' dir='ltr'><strong>Domino</strong></span> <span class='ocrx_word' id='word_1_528' title='bbox 4003 2333 4341 2406; x_wconf 87' lang='lat' dir='ltr'><strong>acceptum</strong></span> <span class='ocrx_word' id='word_1_529' title='bbox 4376 2323 4549 2389; x_wconf 86' lang='lat' dir='ltr'><strong>ferre</strong></span> <span class='ocrx_word' id='word_1_530' title='bbox 4570 2324 4687 2389; x_wconf 91' lang='lat' dir='ltr'><strong>de-</strong></span> 
     </span>
     <span class='ocr_line' id='line_1_82' title="bbox 2728 2404 4686 2492; baseline 0.002 -20"><span class='ocrx_word' id='word_1_531' title='bbox 2728 2407 2988 2485; x_wconf 87' lang='lat' dir='ltr'><strong>bemus)</strong></span> <span class='ocrx_word' id='word_1_532' title='bbox 3023 2404 3187 2471; x_wconf 89' lang='lat' dir='ltr'><strong>adeo</strong></span> <span class='ocrx_word' id='word_1_533' title='bbox 3208 2405 3416 2485; x_wconf 85' lang='lat' dir='ltr'><strong>facile,</strong></span> <span class='ocrx_word' id='word_1_534' title='bbox 3452 2405 3613 2471; x_wconf 89' lang='lat' dir='ltr'><strong>adeo</strong></span> <span class='ocrx_word' id='word_1_535' title='bbox 3636 2409 3905 2490; x_wconf 91' lang='lat' dir='ltr'><strong>pacifice</strong></span> <span class='ocrx_word' id='word_1_536' title='bbox 3928 2408 4155 2472; x_wconf 91' lang='lat' dir='ltr'><strong>utiam</strong></span> <span class='ocrx_word' id='word_1_537' title='bbox 4178 2429 4310 2474; x_wconf 93' lang='lat' dir='ltr'><strong>nou</strong></span> <span class='ocrx_word' id='word_1_538' title='bbox 4336 2418 4686 2492; x_wconf 85' lang='lat' dir='ltr'><strong>appareret</strong></span> 
     </span>
     <span class='ocr_line' id='line_1_83' title="bbox 2729 2490 4685 2575; baseline 0.003 -18"><span class='ocrx_word' id='word_1_539' title='bbox 2729 2492 2939 2557; x_wconf 90' lang='lat' dir='ltr'><strong>ullum</strong></span> <span class='ocrx_word' id='word_1_540' title='bbox 2996 2512 3288 2575; x_wconf 86' lang='lat' dir='ltr'><strong>unquam</strong></span> <span class='ocrx_word' id='word_1_541' title='bbox 3345 2490 3687 2557; x_wconf 88' lang='lat' dir='ltr'><strong>dissidium</strong></span> <span class='ocrx_word' id='word_1_542' title='bbox 3745 2493 4199 2560; x_wconf 84' lang='lat' dir='ltr'><strong>intervenisse.</strong></span> <span class='ocrx_word' id='word_1_543' title='bbox 4290 2494 4476 2561; x_wconf 87' lang='lat' dir='ltr'><strong>Haec</strong></span> <span class='ocrx_word' id='word_1_544' title='bbox 4517 2496 4685 2574; x_wconf 90' lang='lat' dir='ltr'><strong>ideo,</strong></span> 
     </span>
     <span class='ocr_line' id='line_1_84' title="bbox 2727 2576 4689 2664; baseline 0.001 -21"><span class='ocrx_word' id='word_1_545' title='bbox 2727 2577 2967 2643; x_wconf 80' lang='lat' dir='ltr'><strong>fratres</strong></span> <span class='ocrx_word' id='word_1_546' title='bbox 3009 2577 3259 2661; x_wconf 91' lang='lat' dir='ltr'><strong>optimi,</strong></span> <span class='ocrx_word' id='word_1_547' title='bbox 3303 2576 3605 2660; x_wconf 88' lang='lat' dir='ltr'><strong>pluribus</strong></span> <span class='ocrx_word' id='word_1_548' title='bbox 3647 2579 3867 2646; x_wconf 81' lang='lat' dir='ltr'><strong>verbis</strong></span> <span class='ocrx_word' id='word_1_549' title='bbox 3909 2579 4350 2662; x_wconf 84' lang='lat' dir='ltr'><strong>exposuimus,</strong></span> <span class='ocrx_word' id='word_1_550' title='bbox 4396 2601 4482 2645; x_wconf 92' lang='lat' dir='ltr'><strong>ne</strong></span> <span class='ocrx_word' id='word_1_551' title='bbox 4527 2579 4689 2664; x_wconf 89' lang='lat' dir='ltr'><strong>quid</strong></span> 
     </span>
     <span class='ocr_line' id='line_1_85' title="bbox 2728 2663 4685 2750; baseline 0.003 -23"><span class='ocrx_word' id='word_1_552' title='bbox 2728 2663 3063 2728; x_wconf 90' lang='lat' dir='ltr'><strong>molestiae</strong></span> <span class='ocrx_word' id='word_1_553' title='bbox 3127 2663 3315 2730; x_wconf 83' lang='lat' dir='ltr'><strong>vobis</strong></span> <span class='ocrx_word' id='word_1_554' title='bbox 3388 2663 3655 2728; x_wconf 86' lang='lat' dir='ltr'><strong>afferret</strong></span> <span class='ocrx_word' id='word_1_555' title='bbox 3729 2665 3870 2730; x_wconf 90' lang='lat' dir='ltr'><strong>eius</strong></span> <span class='ocrx_word' id='word_1_556' title='bbox 3946 2665 4261 2730; x_wconf 90' lang='lat' dir='ltr'><strong>historiae</strong></span> <span class='ocrx_word' id='word_1_557' title='bbox 4338 2667 4685 2750; x_wconf 86' lang='lat' dir='ltr'><strong>ignoratio.</strong></span> 
     </span>
    </p>
   </div>
   <div class='ocr_carea' id='block_1_12' title="bbox 2728 2882 4687 3054">
    <p class='ocr_par' dir='ltr' id='par_1_12' title="bbox 2728 2882 4687 3054">
     <span class='ocr_line' id='line_1_86' title="bbox 2837 2882 4687 2967; baseline 0.005 -21"><span class='ocrx_word' id='word_1_558' title='bbox 2837 2929 2846 2946; x_wconf 91' lang='lat'><strong>.</strong></span> <span class='ocrx_word' id='word_1_559' title='bbox 2902 2883 3203 2967; x_wconf 81' lang='lat' dir='ltr'><strong>Scriptae</strong></span> <span class='ocrx_word' id='word_1_560' title='bbox 3251 2882 3517 2967; x_wconf 89' lang='lat' dir='ltr'><strong>quidem</strong></span> <span class='ocrx_word' id='word_1_561' title='bbox 3569 2883 3781 2967; x_wconf 91' lang='lat' dir='ltr'><strong>pridie</strong></span> <span class='ocrx_word' id='word_1_562' title='bbox 3835 2883 3977 2951; x_wconf 87' lang='lat' dir='ltr'><strong>Oal.</strong></span> <span class='ocrx_word' id='word_1_563' title='bbox 4032 2886 4232 2952; x_wconf 87' lang='lat' dir='ltr'><strong>Mart.</strong></span> <span class='ocrx_word' id='word_1_564' title='bbox 4290 2886 4481 2954; x_wconf 88' lang='lat' dir='ltr'><strong>datae</strong></span> <span class='ocrx_word' id='word_1_565' title='bbox 4523 2909 4687 2956; x_wconf 85' lang='lat' dir='ltr'><strong>vero</strong></span> 
     </span>
     <span class='ocr_line' id='line_1_87' title="bbox 2728 2969 3811 3054; baseline -0.001 -18"><span class='ocrx_word' id='word_1_566' title='bbox 2728 2969 2834 3036; x_wconf 81' lang='lat' dir='ltr'><strong>VI</strong></span> <span class='ocrx_word' id='word_1_567' title='bbox 2877 2969 3016 3037; x_wconf 74' lang='lat' dir='ltr'><strong>cal.</strong></span> <span class='ocrx_word' id='word_1_568' title='bbox 3062 2971 3223 3054; x_wconf 88' lang='lat' dir='ltr'><strong>Apr.</strong></span> <span class='ocrx_word' id='word_1_569' title='bbox 3268 2969 3582 3037; x_wconf 89' lang='lat' dir='ltr'><strong>Neocomi</strong></span> <span class='ocrx_word' id='word_1_570' title='bbox 3630 2974 3811 3035; x_wconf 84' lang='lat'><strong>1542.</strong></span> 
     </span>
    </p>
   </div>
   <div class='ocr_carea' id='block_1_13' title="bbox 3443 3174 4689 3670">
    <p class='ocr_par' dir='ltr' id='par_1_13' title="bbox 3443 3174 4689 3670">
     <span class='ocr_line' id='line_1_88' title="bbox 3547 3174 4689 3245; baseline 0.005 -6"><span class='ocrx_word' id='word_1_571' title='bbox 3547 3174 3775 3240; x_wconf 83' lang='lat' dir='ltr'><strong>Vestri</strong></span> <span class='ocrx_word' id='word_1_572' title='bbox 3815 3175 4099 3242; x_wconf 89' lang='lat' dir='ltr'><strong>nominis</strong></span> <span class='ocrx_word' id='word_1_573' title='bbox 4141 3177 4581 3243; x_wconf 86' lang='lat' dir='ltr'><strong>amantissimi</strong></span> <span class='ocrx_word' id='word_1_574' title='bbox 4616 3185 4689 3245; x_wconf 81' lang='lat' dir='ltr'><strong>et</strong></span> 
     </span>
     <span class='ocr_line' id='line_1_89' title="bbox 3450 3258 4686 3346; baseline 0.002 -20"><span class='ocrx_word' id='word_1_575' title='bbox 3450 3258 3536 3326; x_wconf 89' lang='lat' dir='ltr'><strong>ad</strong></span> <span class='ocrx_word' id='word_1_576' title='bbox 3598 3280 3791 3326; x_wconf 88' lang='lat' dir='ltr'><strong>omne</strong></span> <span class='ocrx_word' id='word_1_577' title='bbox 3843 3261 3913 3324; x_wconf 92' lang='lat' dir='ltr'><strong>iu</strong></span> <span class='ocrx_word' id='word_1_578' title='bbox 3979 3283 4094 3328; x_wconf 81' lang='lat' dir='ltr'><strong>vos</strong></span> <span class='ocrx_word' id='word_1_579' title='bbox 4145 3262 4433 3329; x_wconf 85' lang='lat' dir='ltr'><strong>officium</strong></span> <span class='ocrx_word' id='word_1_580' title='bbox 4489 3283 4686 3346; x_wconf 49' lang='lat' dir='ltr'><strong>para*-</strong></span> 
     </span>
     <span class='ocr_line' id='line_1_90' title="bbox 3445 3346 4687 3416; baseline 0.005 -6"><span class='ocrx_word' id='word_1_581' title='bbox 3445 3346 3686 3411; x_wconf 87' lang='lat' dir='ltr'><strong>tissimi</strong></span> <span class='ocrx_word' id='word_1_582' title='bbox 3740 3347 3977 3412; x_wconf 84' lang='lat' dir='ltr'><strong>fratres</strong></span> <span class='ocrx_word' id='word_1_583' title='bbox 4032 3348 4236 3415; x_wconf 81' lang='lat' dir='ltr'><strong>vestri</strong></span> <span class='ocrx_word' id='word_1_584' title='bbox 4277 3347 4348 3413; x_wconf 91' lang='lat' dir='ltr'><strong>in</strong></span> <span class='ocrx_word' id='word_1_585' title='bbox 4393 3349 4687 3416; x_wconf 89' lang='lat' dir='ltr'><strong>Domino</strong></span> 
     </span>
     <span class='ocr_line' id='line_1_91' title="bbox 3445 3433 4687 3518; baseline 0.005 -23"><span class='ocrx_word' id='word_1_586' title='bbox 3445 3451 3522 3496; x_wconf 91' lang='lat' dir='ltr'><strong>ac</strong></span> <span class='ocrx_word' id='word_1_587' title='bbox 3565 3452 3781 3518; x_wconf 80' lang='lat' dir='ltr'><strong>symm</strong></span> <span class='ocrx_word' id='word_1_588' title='bbox 3827 3439 3968 3497; x_wconf 89' lang='lat' dir='ltr'><strong>stae</strong></span> <span class='ocrx_word' id='word_1_589' title='bbox 4000 3433 4309 3500; x_wconf 89' lang='lat' dir='ltr'><strong>Decauus</strong></span> <span class='ocrx_word' id='word_1_590' title='bbox 4341 3453 4417 3500; x_wconf 90' lang='lat' dir='ltr'><strong>ac</strong></span> <span class='ocrx_word' id='word_1_591' title='bbox 4438 3435 4687 3501; x_wconf 77' lang='lat' dir='ltr'><strong>caeteri</strong></span> 
     </span>
     <span class='ocr_line' id='line_1_92' title="bbox 3445 3454 4687 3587; baseline 0.003 -4"><span class='ocrx_word' id='word_1_592' title='bbox 3445 3517 3671 3583; x_wconf 90' lang='lat' dir='ltr'><strong>classis</strong></span> <span class='ocrx_word' id='word_1_593' title='bbox 3732 3454 4194 3586; x_wconf 53' lang='lat' dir='ltr'><strong>»feooomensis</strong></span> <span class='ocrx_word' id='word_1_594' title='bbox 4258 3519 4544 3587; x_wconf 89' lang='lat' dir='ltr'><strong>ministri</strong></span> <span class='ocrx_word' id='word_1_595' title='bbox 4608 3522 4687 3587; x_wconf 89' lang='lat' dir='ltr'><strong>in</strong></span> 
     </span>
     <span class='ocr_line' id='line_1_93' title="bbox 3443 3601 3975 3670; baseline -0.002 0"><span class='ocrx_word' id='word_1_596' title='bbox 3443 3602 3643 3670; x_wconf 82' lang='lat' dir='ltr'><strong>verbo</strong></span> <span class='ocrx_word' id='word_1_597' title='bbox 3684 3601 3975 3669; x_wconf 88' lang='lat' dir='ltr'><strong>Domini.</strong></span> 
     </span>
    </p>
   </div>
   <div class='ocr_carea' id='block_1_14' title="bbox 3497 3878 3906 3890">
    <p class='ocr_par' dir='ltr' id='par_1_14' title="bbox 3497 3878 3906 3890">
     <span class='ocr_line' id='line_1_94' title="bbox 3497 3878 3906 3890; baseline 0.005 -2"><span class='ocrx_word' id='word_1_598' title='bbox 3497 3878 3906 3890; x_wconf 48' lang='grc' dir='ltr'><strong>*ᾐ-</strong></span> 
     </span>
    </p>
   </div>
   <div class='ocr_carea' id='block_1_15' title="bbox 3624 4094 3780 4167">
    <p class='ocr_par' dir='ltr' id='par_1_15' title="bbox 3624 4094 3780 4167">
     <span class='ocr_line' id='line_1_95' title="bbox 3624 4094 3780 4167; baseline 0.013 -2"><span class='ocrx_word' id='word_1_599' title='bbox 3624 4094 3780 4167; x_wconf 73' lang='grc'><strong>389.</strong></span> 
     </span>
    </p>
   </div>
   <div class='ocr_carea' id='block_1_16' title="bbox 2721 4229 4681 4662">
    <p class='ocr_par' dir='ltr' id='par_1_16' title="bbox 2721 4229 4681 4662">
     <span class='ocr_line' id='line_1_96' title="bbox 3212 4229 4181 4300; baseline 0.002 -3"><span class='ocrx_word' id='word_1_600' title='bbox 3212 4229 3684 4300; x_wconf 82' lang='lat' dir='ltr'><strong>OALVINUS</strong></span> <span class='ocrx_word' id='word_1_601' title='bbox 3727 4231 4181 4300; x_wconf 81' lang='lat' dir='ltr'><strong>MYOONIO.</strong></span> 
     </span>
     <span class='ocr_line' id='line_1_97' title="bbox 2898 4402 4681 4472; baseline 0.002 -5"><span class='ocrx_word' id='word_1_602' title='bbox 2898 4402 3067 4467; x_wconf 74' lang='lat' dir='ltr'><strong>Fata</strong></span> <span class='ocrx_word' id='word_1_603' title='bbox 3107 4407 3164 4468; x_wconf 78' lang='lat' dir='ltr'><strong>et</strong></span> <span class='ocrx_word' id='word_1_604' title='bbox 3242 4408 3376 4468; x_wconf 76' lang='lat' dir='ltr'><strong>esta</strong></span> <span class='ocrx_word' id='word_1_605' title='bbox 3415 4422 3537 4468; x_wconf 77' lang='lat' dir='ltr'><strong>sua</strong></span> <span class='ocrx_word' id='word_1_606' title='bbox 3586 4403 3973 4470; x_wconf 71' lang='lat' dir='ltr'><strong>Genevensia</strong></span> <span class='ocrx_word' id='word_1_607' title='bbox 4013 4409 4270 4471; x_wconf 65' lang='lat' dir='ltr'><strong>enarrat</strong></span> <span class='ocrx_word' id='word_1_608' title='bbox 4310 4406 4456 4472; x_wconf 72' lang='lat' dir='ltr'><strong>inde</strong></span> <span class='ocrx_word' id='word_1_609' title='bbox 4497 4426 4541 4471; x_wconf 85' lang='lat' dir='ltr'><strong>a</strong></span> <span class='ocrx_word' id='word_1_610' title='bbox 4578 4425 4681 4471; x_wconf 78' lang='lat' dir='ltr'><strong>re-</strong></span> 
     </span>
     <span class='ocr_line' id='line_1_98' title="bbox 2723 4487 4681 4570; baseline 0.002 -16"><span class='ocrx_word' id='word_1_611' title='bbox 2723 4488 2878 4554; x_wconf 71' lang='lat' dir='ltr'><strong>dita.</strong></span> <span class='ocrx_word' id='word_1_612' title='bbox 2980 4487 3085 4555; x_wconf 82' lang='lat' dir='ltr'><strong>De</strong></span> <span class='ocrx_word' id='word_1_613' title='bbox 3140 4507 3204 4553; x_wconf 84' lang='lat' dir='ltr'><strong>co</strong></span> <span class='ocrx_word' id='word_1_614' title='bbox 3324 4489 3385 4554; x_wconf 80' lang='lat' dir='ltr'><strong>is</strong></span> <span class='ocrx_word' id='word_1_615' title='bbox 3437 4491 3746 4570; x_wconf 76' lang='lat' dir='ltr'><strong>queritur,</strong></span> <span class='ocrx_word' id='word_1_616' title='bbox 3808 4490 4062 4555; x_wconf 76' lang='lat' dir='ltr'><strong>Viretus</strong></span> <span class='ocrx_word' id='word_1_617' title='bbox 4115 4496 4185 4556; x_wconf 72' lang='lat' dir='ltr'><strong>ut</strong></span> <span class='ocrx_word' id='word_1_618' title='bbox 4234 4490 4359 4557; x_wconf 79' lang='lat' dir='ltr'><strong>sibi</strong></span> <span class='ocrx_word' id='word_1_619' title='bbox 4400 4496 4681 4558; x_wconf 79' lang='lat' dir='ltr'><strong>servetur</strong></span> 
     </span>
     <span class='ocr_line' id='line_1_99' title="bbox 2721 4510 4410 4662; baseline 0.003 -24"><span class='ocrx_word' id='word_1_620' title='bbox 2721 4574 2902 4640; x_wconf 76' lang='lat' dir='ltr'><strong>unice</strong></span> <span class='ocrx_word' id='word_1_621' title='bbox 2943 4574 3132 4655; x_wconf 75' lang='lat' dir='ltr'><strong>cupit.</strong></span> <span class='ocrx_word' id='word_1_622' title='bbox 3221 4510 3508 4659; x_wconf 54' lang='lat' dir='ltr'><strong>Aqberyii</strong></span> <span class='ocrx_word' id='word_1_623' title='bbox 3548 4574 3875 4640; x_wconf 75' lang='lat' dir='ltr'><strong>historiam</strong></span> <span class='ocrx_word' id='word_1_624' title='bbox 3910 4575 4055 4658; x_wconf 77' lang='lat' dir='ltr'><strong>fuse</strong></span> <span class='ocrx_word' id='word_1_625' title='bbox 4094 4577 4410 4662; x_wconf 77' lang='lat' dir='ltr'><strong>recolliqit.</strong></span> 
     </span>
    </p>
   </div>
   <div class='ocr_carea' id='block_1_17' title="bbox 2722 4741 4675 4953">
    <p class='ocr_par' dir='ltr' id='par_1_17' title="bbox 2722 4741 4675 4953">
     <span class='ocr_line' id='line_1_100' title="bbox 2723 4741 4673 4866; baseline 0.002 -69"><span class='ocrx_word' id='word_1_626' title='bbox 2723 4744 2915 4810; x_wconf 83' lang='lat' dir='ltr'><strong>(Manu</strong></span> <span class='ocrx_word' id='word_1_627' title='bbox 2960 4745 3122 4866; x_wconf 51' lang='lat' dir='ltr'><strong>scri&amp;</strong></span> <span class='ocrx_word' id='word_1_628' title='bbox 3208 4761 3316 4799; x_wconf 94' lang='lat' dir='ltr'><strong>non</strong></span> <span class='ocrx_word' id='word_1_629' title='bbox 3362 4751 3558 4799; x_wconf 85' lang='lat' dir='ltr'><strong>exstat.</strong></span> <span class='ocrx_word' id='word_1_630' title='bbox 3640 4745 3716 4799; x_wconf 85' lang='lat' dir='ltr'><strong>Le</strong></span> <span class='ocrx_word' id='word_1_631' title='bbox 3759 4745 3866 4799; x_wconf 88' lang='lat' dir='ltr'><strong>&#39;tur</strong></span> <span class='ocrx_word' id='word_1_632' title='bbox 3918 4747 3975 4801; x_wconf 94' lang='lat' dir='ltr'><strong>iu</strong></span> <span class='ocrx_word' id='word_1_633' title='bbox 4024 4748 4106 4801; x_wconf 91' lang='lat' dir='ltr'><strong>ed.</strong></span> <span class='ocrx_word' id='word_1_634' title='bbox 4155 4746 4459 4801; x_wconf 82' lang='lat' dir='ltr'><strong>Genevensi</strong></span> <span class='ocrx_word' id='word_1_635' title='bbox 4493 4763 4545 4816; x_wconf 93' lang='lat' dir='ltr'><strong>p.</strong></span> <span class='ocrx_word' id='word_1_636' title='bbox 4582 4741 4673 4813; x_wconf 74' lang='lat'><strong>45,</strong></span> 
     </span>
     <span class='ocr_line' id='line_1_101' title="bbox 2722 4813 4673 4885; baseline 0.002 -19"><span class='ocrx_word' id='word_1_637' title='bbox 2722 4814 2882 4866; x_wconf 85' lang='lat' dir='ltr'><strong>Laus.</strong></span> <span class='ocrx_word' id='word_1_638' title='bbox 2928 4831 2980 4883; x_wconf 83' lang='lat' dir='ltr'><strong>p.</strong></span> <span class='ocrx_word' id='word_1_639' title='bbox 3022 4814 3047 4865; x_wconf 90' lang='lat' dir='ltr'><strong>l</strong></span> <span class='ocrx_word' id='word_1_640' title='bbox 3133 4853 3146 4879; x_wconf 91' lang='lat'><strong>,</strong></span> <span class='ocrx_word' id='word_1_641' title='bbox 3194 4814 3406 4868; x_wconf 79' lang='lat' dir='ltr'><strong>Hanov.</strong></span> <span class='ocrx_word' id='word_1_642' title='bbox 3454 4831 3507 4882; x_wconf 87' lang='lat' dir='ltr'><strong>p.</strong></span> <span class='ocrx_word' id='word_1_643' title='bbox 3548 4813 3671 4880; x_wconf 83' lang='lat'><strong>115,</strong></span> <span class='ocrx_word' id='word_1_644' title='bbox 3766 4815 3947 4869; x_wconf 90' lang='lat' dir='ltr'><strong>houet.</strong></span> <span class='ocrx_word' id='word_1_645' title='bbox 4003 4833 4058 4885; x_wconf 87' lang='lat' dir='ltr'><strong>p.</strong></span> <span class='ocrx_word' id='word_1_646' title='bbox 4112 4814 4209 4882; x_wconf 75' lang='lat'><strong>58,</strong></span> <span class='ocrx_word' id='word_1_647' title='bbox 4257 4819 4430 4870; x_wconf 81' lang='lat' dir='ltr'><strong>Amet.</strong></span> <span class='ocrx_word' id='word_1_648' title='bbox 4478 4833 4533 4885; x_wconf 90' lang='lat' dir='ltr'><strong>p.</strong></span> <span class='ocrx_word' id='word_1_649' title='bbox 4582 4816 4673 4882; x_wconf 75' lang='lat'><strong>26,</strong></span> 
     </span>
     <span class='ocr_line' id='line_1_102' title="bbox 2722 4881 4675 4953; baseline 0.002 -16"><span class='ocrx_word' id='word_1_650' title='bbox 2722 4882 2927 4937; x_wconf 79' lang='lat' dir='ltr'><strong>Gallice</strong></span> <span class='ocrx_word' id='word_1_651' title='bbox 2972 4882 3031 4935; x_wconf 92' lang='lat' dir='ltr'><strong>in</strong></span> <span class='ocrx_word' id='word_1_652' title='bbox 3077 4882 3206 4936; x_wconf 87' lang='lat' dir='ltr'><strong>edit.</strong></span> <span class='ocrx_word' id='word_1_653' title='bbox 3252 4883 3429 4937; x_wconf 89' lang='lat' dir='ltr'><strong>Berol.</strong></span> <span class='ocrx_word' id='word_1_654' title='bbox 3467 4900 3519 4952; x_wconf 87' lang='lat' dir='ltr'><strong>p.</strong></span> <span class='ocrx_word' id='word_1_655' title='bbox 3556 4881 3640 4949; x_wconf 80' lang='lat'><strong>51,</strong></span> <span class='ocrx_word' id='word_1_656' title='bbox 3678 4884 3906 4953; x_wconf 82' lang='lat' dir='ltr'><strong>Anglice</strong></span> <span class='ocrx_word' id='word_1_657' title='bbox 3940 4885 4000 4938; x_wconf 83' lang='lat' dir='ltr'><strong>in</strong></span> <span class='ocrx_word' id='word_1_658' title='bbox 4044 4885 4174 4939; x_wconf 86' lang='lat' dir='ltr'><strong>edit.</strong></span> <span class='ocrx_word' id='word_1_659' title='bbox 4208 4885 4405 4939; x_wconf 80' lang='lat' dir='ltr'><strong>Edinb.</strong></span> <span class='ocrx_word' id='word_1_660' title='bbox 4442 4885 4486 4939; x_wconf 88' lang='lat' dir='ltr'>L</span> <span class='ocrx_word' id='word_1_661' title='bbox 4523 4883 4675 4953; x_wconf 76' lang='lat'><strong>288.)</strong></span> 
     </span>
    </p>
   </div>
   <div class='ocr_carea' id='block_1_18' title="bbox 2890 5036 4675 5123">
    <p class='ocr_par' dir='ltr' id='par_1_18' title="bbox 2890 5036 4675 5123">
     <span class='ocr_line' id='line_1_103' title="bbox 2890 5036 4675 5123; baseline 0.001 -20"><span class='ocrx_word' id='word_1_662' title='bbox 2890 5036 3114 5118; x_wconf 78' lang='lat' dir='ltr'><strong>Quum</strong></span> <span class='ocrx_word' id='word_1_663' title='bbox 3155 5036 3284 5103; x_wconf 92' lang='lat' dir='ltr'><strong>huc</strong></span> <span class='ocrx_word' id='word_1_664' title='bbox 3325 5038 3611 5121; x_wconf 87' lang='lat' dir='ltr'><strong>primum</strong></span> <span class='ocrx_word' id='word_1_665' title='bbox 3653 5039 4079 5122; x_wconf 88' lang='lat' dir='ltr'><strong>appulissem,</strong></span> <span class='ocrx_word' id='word_1_666' title='bbox 4135 5061 4268 5105; x_wconf 92' lang='lat' dir='ltr'><strong>non</strong></span> <span class='ocrx_word' id='word_1_667' title='bbox 4316 5040 4529 5123; x_wconf 90' lang='lat' dir='ltr'><strong>potui,</strong></span> <span class='ocrx_word' id='word_1_668' title='bbox 4589 5045 4675 5104; x_wconf 89' lang='lat' dir='ltr'><strong>ut</strong></span> 
     </span>
    </p>
   </div>
   <div class='ocr_carea' id='block_1_19' title="bbox 2719 5212 3127 5222">
    <p class='ocr_par' dir='ltr' id='par_1_19' title="bbox 2719 5212 3127 5222">
     <span class='ocr_line' id='line_1_104' title="bbox 2719 5212 3127 5222; baseline 0 945"><span class='ocrx_word' id='word_1_669' title='bbox 2719 5212 3127 5222; x_wconf 95' lang='lat' dir='ltr'><strong> </strong></span> 
     </span>
    </p>
   </div>
   <div class='ocr_carea' id='block_1_20' title="bbox 2882 5327 3735 5418">
    <p class='ocr_par' dir='ltr' id='par_1_20' title="bbox 2882 5327 3735 5418">
     <span class='ocr_line' id='line_1_105' title="bbox 2882 5327 3735 5418; baseline -0.001 -37"><span class='ocrx_word' id='word_1_670' title='bbox 2882 5415 2887 5418; x_wconf 80' lang='lat'><strong>.</strong></span> <span class='ocrx_word' id='word_1_671' title='bbox 2923 5329 2984 5396; x_wconf 87' lang='grc'><strong>9)</strong></span> <span class='ocrx_word' id='word_1_672' title='bbox 3020 5331 3170 5383; x_wconf 71' lang='lat' dir='ltr'><strong>circa</strong></span> <span class='ocrx_word' id='word_1_673' title='bbox 3201 5327 3385 5396; x_wconf 70' lang='lat' dir='ltr'><strong>pridie</strong></span> <span class='ocrx_word' id='word_1_674' title='bbox 3423 5327 3535 5383; x_wconf 78' lang='lat' dir='ltr'><strong>Cal.</strong></span> <span class='ocrx_word' id='word_1_675' title='bbox 3573 5328 3735 5384; x_wconf 77' lang='lat' dir='ltr'><strong>Febr.</strong></span> 
     </span>
    </p>
   </div>
   <div class='ocr_carea' id='block_1_21' title="bbox 5006 5 5021 2970">
    <p class='ocr_par' dir='ltr' id='par_1_21' title="bbox 5006 5 5021 2970">
     <span class='ocr_line' id='line_1_106' title="bbox 5006 5 5021 2970; baseline 0 0"><span class='ocrx_word' id='word_1_676' title='bbox 5006 5 5021 2970; x_wconf 95' lang='lat' dir='ltr'><strong> </strong></span> 
     </span>
    </p>
   </div>
  </div>
 </body>
</html>
