<?xml version="1.0" encoding="UTF-8"?>
<!DOCTYPE html PUBLIC "-//W3C//DTD XHTML 1.0 Transitional//EN"
    "http://www.w3.org/TR/xhtml1/DTD/xhtml1-transitional.dtd">
<html xmlns="http://www.w3.org/1999/xhtml" xml:lang="en" lang="en">
 <head>
  <title>
</title>
<meta http-equiv="Content-Type" content="text/html;charset=utf-8" />
  <meta name='ocr-system' content='tesseract 3.04.00' />
  <meta name='ocr-capabilities' content='ocr_page ocr_carea ocr_par ocr_line ocrx_word'/>
</head>
<body>
  <div class='ocr_page' id='page_1' title='image "./ioanniscalvinio13unkngoog_0250.png"; bbox 0 0 5050 6167; ppageno 0'>
   <div class='ocr_carea' id='block_1_1' title="bbox 5 5 97 3057">
    <p class='ocr_par' dir='ltr' id='par_1_1' title="bbox 5 5 97 3057">
     <span class='ocr_line' id='line_1_1' title="bbox 5 5 97 3057; baseline 0 0"><span class='ocrx_word' id='word_1_1' title='bbox 5 5 97 3057; x_wconf 95' lang='lat' dir='ltr'> </span> 
     </span>
    </p>
   </div>
   <div class='ocr_carea' id='block_1_2' title="bbox 679 419 4680 497">
    <p class='ocr_par' dir='ltr' id='par_1_2' title="bbox 679 419 4680 497">
     <span class='ocr_line' id='line_1_2' title="bbox 679 419 4680 497; baseline 0.003 -13"><span class='ocrx_word' id='word_1_2' title='bbox 679 421 809 484; x_wconf 84' lang='lat'>471</span> <span class='ocrx_word' id='word_1_3' title='bbox 2233 419 2761 488; x_wconf 78' lang='lat' dir='ltr'><strong>EPISTOLAE</strong></span> <span class='ocrx_word' id='word_1_4' title='bbox 2808 423 3147 488; x_wconf 82' lang='lat'>437—439</span> <span class='ocrx_word' id='word_1_5' title='bbox 4564 436 4680 497; x_wconf 79' lang='lat'>472</span> 
     </span>
    </p>
   </div>
   <div class='ocr_carea' id='block_1_3' title="bbox 642 608 2640 4708">
    <p class='ocr_par' dir='ltr' id='par_1_3' title="bbox 642 608 2640 4708">
     <span class='ocr_line' id='line_1_3' title="bbox 687 608 2639 692; baseline 0.002 -22"><span class='ocrx_word' id='word_1_6' title='bbox 687 625 960 672; x_wconf 91' lang='lat' dir='ltr'>munem</span> <span class='ocrx_word' id='word_1_7' title='bbox 1013 629 1298 687; x_wconf 90' lang='lat' dir='ltr'>causam,</span> <span class='ocrx_word' id='word_1_8' title='bbox 1351 608 1886 692; x_wconf 87' lang='lat' dir='ltr'>implevissetque</span> <span class='ocrx_word' id='word_1_9' title='bbox 1943 608 2281 674; x_wconf 86' lang='lat' dir='ltr'>ecclesiam</span> <span class='ocrx_word' id='word_1_10' title='bbox 2325 609 2639 691; x_wconf 90' lang='lat' dir='ltr'>suspicio-</span> 
     </span>
     <span class='ocr_line' id='line_1_4' title="bbox 687 690 2640 760; baseline 0.001 -4"><span class='ocrx_word' id='word_1_11' title='bbox 687 690 903 758; x_wconf 89' lang='lat' dir='ltr'>nibus.</span> <span class='ocrx_word' id='word_1_12' title='bbox 970 693 1244 759; x_wconf 90' lang='lat' dir='ltr'>Utinam</span> <span class='ocrx_word' id='word_1_13' title='bbox 1278 713 1438 759; x_wconf 88' lang='lat' dir='ltr'>vero</span> <span class='ocrx_word' id='word_1_14' title='bbox 1479 702 1541 758; x_wconf 92' lang='lat' dir='ltr'>te</span> <span class='ocrx_word' id='word_1_15' title='bbox 1584 693 1826 760; x_wconf 91' lang='lat' dir='ltr'>habere</span> <span class='ocrx_word' id='word_1_16' title='bbox 1861 696 2155 759; x_wconf 89' lang='lat' dir='ltr'>omnium</span> <span class='ocrx_word' id='word_1_17' title='bbox 2191 703 2640 759; x_wconf 85' lang='lat' dir='ltr'>anteactarum</span> 
     </span>
     <span class='ocr_line' id='line_1_5' title="bbox 687 778 2637 862; baseline 0.001 -19"><span class='ocrx_word' id='word_1_18' title='bbox 687 779 1075 843; x_wconf 73' lang='lat' dir='ltr'><strong>concionum</strong></span> <span class='ocrx_word' id='word_1_19' title='bbox 1117 787 1185 844; x_wconf 89' lang='lat' dir='ltr'>et</span> <span class='ocrx_word' id='word_1_20' title='bbox 1219 779 1552 844; x_wconf 89' lang='lat' dir='ltr'>actionum</span> <span class='ocrx_word' id='word_1_21' title='bbox 1587 799 1923 862; x_wconf 80' lang='lat' dir='ltr'>possemus</span> <span class='ocrx_word' id='word_1_22' title='bbox 1961 778 2199 844; x_wconf 89' lang='lat' dir='ltr'>habere</span> <span class='ocrx_word' id='word_1_23' title='bbox 2225 780 2283 860; x_wconf 80' lang='lat'>⁶)</span> <span class='ocrx_word' id='word_1_24' title='bbox 2326 779 2637 846; x_wconf 82' lang='lat' dir='ltr'>iudicem:</span> 
     </span>
     <span class='ocr_line' id='line_1_6' title="bbox 687 864 2639 949; baseline 0.002 -22"><span class='ocrx_word' id='word_1_25' title='bbox 687 882 918 929; x_wconf 89' lang='lat' dir='ltr'>cernas</span> <span class='ocrx_word' id='word_1_26' title='bbox 954 883 1074 929; x_wconf 90' lang='lat' dir='ltr'>nos</span> <span class='ocrx_word' id='word_1_27' title='bbox 1107 864 1565 949; x_wconf 84' lang='lat' dir='ltr'>indignissime</span> <span class='ocrx_word' id='word_1_28' title='bbox 1601 864 1707 931; x_wconf 92' lang='lat' dir='ltr'>vel</span> <span class='ocrx_word' id='word_1_29' title='bbox 1744 866 2081 949; x_wconf 88' lang='lat' dir='ltr'>ignoratae</span> <span class='ocrx_word' id='word_1_30' title='bbox 2118 864 2496 947; x_wconf 89' lang='lat' dir='ltr'>disciplinae</span> <span class='ocrx_word' id='word_1_31' title='bbox 2532 865 2639 932; x_wconf 92' lang='lat' dir='ltr'>vel</span> 
     </span>
     <span class='ocr_line' id='line_1_7' title="bbox 687 948 2637 1033; baseline 0.003 -21"><span class='ocrx_word' id='word_1_32' title='bbox 687 948 1066 1015; x_wconf 88' lang='lat' dir='ltr'>offensionis</span> <span class='ocrx_word' id='word_1_33' title='bbox 1108 951 1448 1016; x_wconf 89' lang='lat' dir='ltr'>affectatae</span> <span class='ocrx_word' id='word_1_34' title='bbox 1491 971 1609 1033; x_wconf 89' lang='lat' dir='ltr'>per</span> <span class='ocrx_word' id='word_1_35' title='bbox 1642 971 1756 1015; x_wconf 91' lang='lat' dir='ltr'>ora</span> <span class='ocrx_word' id='word_1_36' title='bbox 1798 951 1996 1015; x_wconf 91' lang='lat' dir='ltr'>etiam</span> <span class='ocrx_word' id='word_1_37' title='bbox 2039 950 2320 1015; x_wconf 79' lang='lat' dir='ltr'><strong>fratrum</strong></span> <span class='ocrx_word' id='word_1_38' title='bbox 2363 950 2637 1017; x_wconf 81' lang='lat' dir='ltr'>traduci.</span> 
     </span>
     <span class='ocr_line' id='line_1_8' title="bbox 687 1030 2639 1121; baseline 0.001 -23"><span class='ocrx_word' id='word_1_39' title='bbox 687 1030 867 1114; x_wconf 78' lang='lat' dir='ltr'>Quid</span> <span class='ocrx_word' id='word_1_40' title='bbox 908 1034 1083 1117; x_wconf 91' lang='lat' dir='ltr'>quod</span> <span class='ocrx_word' id='word_1_41' title='bbox 1129 1056 1353 1100; x_wconf 89' lang='lat' dir='ltr'>eorum</span> <span class='ocrx_word' id='word_1_42' title='bbox 1413 1036 1607 1101; x_wconf 90' lang='lat' dir='ltr'>etiam</span> <span class='ocrx_word' id='word_1_43' title='bbox 1646 1036 2124 1115; x_wconf 89' lang='lat' dir='ltr'>insimulamur,</span> <span class='ocrx_word' id='word_1_44' title='bbox 2184 1057 2348 1119; x_wconf 90' lang='lat' dir='ltr'>quae</span> <span class='ocrx_word' id='word_1_45' title='bbox 2390 1057 2476 1100; x_wconf 86' lang='lat' dir='ltr'>ne</span> <span class='ocrx_word' id='word_1_46' title='bbox 2519 1058 2639 1121; x_wconf 92' lang='lat' dir='ltr'>per</span> 
     </span>
     <span class='ocr_line' id='line_1_9' title="bbox 685 1120 2639 1206; baseline 0.002 -23"><span class='ocrx_word' id='word_1_47' title='bbox 685 1120 1013 1184; x_wconf 83' lang='lat' dir='ltr'>somnium</span> <span class='ocrx_word' id='word_1_48' title='bbox 1089 1120 1352 1204; x_wconf 92' lang='lat' dir='ltr'>quidem</span> <span class='ocrx_word' id='word_1_49' title='bbox 1423 1143 1716 1204; x_wconf 88' lang='lat' dir='ltr'>unquam</span> <span class='ocrx_word' id='word_1_50' title='bbox 1781 1122 2247 1206; x_wconf 81' lang='lat' dir='ltr'>cogitavimus,</span> <span class='ocrx_word' id='word_1_51' title='bbox 2326 1130 2400 1187; x_wconf 90' lang='lat' dir='ltr'>ut</span> <span class='ocrx_word' id='word_1_52' title='bbox 2521 1132 2639 1187; x_wconf 88' lang='lat' dir='ltr'>uta</span> 
     </span>
     <span class='ocr_line' id='line_1_10' title="bbox 683 1203 2636 1291; baseline 0.001 -22"><span class='ocrx_word' id='word_1_53' title='bbox 683 1203 1127 1287; x_wconf 75' lang='lat' dir='ltr'>symbolorum</span> <span class='ocrx_word' id='word_1_54' title='bbox 1176 1205 1629 1272; x_wconf 86' lang='lat' dir='ltr'>adservatione</span> <span class='ocrx_word' id='word_1_55' title='bbox 1671 1206 2209 1291; x_wconf 79' lang='lat' dir='ltr'>imaginibusque,</span> <span class='ocrx_word' id='word_1_56' title='bbox 2266 1207 2453 1290; x_wconf 87' lang='lat' dir='ltr'>impu</span> <span class='ocrx_word' id='word_1_57' title='bbox 2499 1209 2636 1272; x_wconf 91' lang='lat' dir='ltr'>enti</span> 
     </span>
     <span class='ocr_line' id='line_1_11' title="bbox 683 1289 2636 1376; baseline 0.002 -22"><span class='ocrx_word' id='word_1_58' title='bbox 683 1299 752 1354; x_wconf 88' lang='lat' dir='ltr'>et</span> <span class='ocrx_word' id='word_1_59' title='bbox 794 1289 1091 1357; x_wconf 82' lang='lat' dir='ltr'>hostibus</span> <span class='ocrx_word' id='word_1_60' title='bbox 1130 1292 1323 1356; x_wconf 89' lang='lat' dir='ltr'>etiam</span> <span class='ocrx_word' id='word_1_61' title='bbox 1379 1294 1621 1357; x_wconf 89' lang='lat' dir='ltr'>nostris</span> <span class='ocrx_word' id='word_1_62' title='bbox 1663 1292 2111 1376; x_wconf 81' lang='lat' dir='ltr'>cognitissima</span> <span class='ocrx_word' id='word_1_63' title='bbox 2152 1294 2463 1358; x_wconf 88' lang='lat' dir='ltr'>vanitate.</span> <span class='ocrx_word' id='word_1_64' title='bbox 2553 1292 2636 1357; x_wconf 92' lang='lat' dir='ltr'>In</span> 
     </span>
     <span class='ocr_line' id='line_1_12' title="bbox 681 1374 2635 1463; baseline 0.003 -26"><span class='ocrx_word' id='word_1_65' title='bbox 681 1374 828 1458; x_wconf 91' lang='lat' dir='ltr'>ipsa</span> <span class='ocrx_word' id='word_1_66' title='bbox 871 1395 1029 1441; x_wconf 89' lang='lat' dir='ltr'>sane</span> <span class='ocrx_word' id='word_1_67' title='bbox 1071 1378 1572 1443; x_wconf 83' lang='lat' dir='ltr'>concertationis</span> <span class='ocrx_word' id='word_1_68' title='bbox 1615 1376 1777 1461; x_wconf 79' lang='grc' dir='ltr'>α’κμῇ</span> <span class='ocrx_word' id='word_1_69' title='bbox 1816 1380 2018 1444; x_wconf 90' lang='lat' dir='ltr'>fateor</span> <span class='ocrx_word' id='word_1_70' title='bbox 2054 1377 2426 1463; x_wconf 90' lang='lat' dir='ltr'>plusculum</span> <span class='ocrx_word' id='word_1_71' title='bbox 2470 1399 2635 1444; x_wconf 86' lang='lat' dir='ltr'>non-</span> 
     </span>
     <span class='ocr_line' id='line_1_13' title="bbox 682 1462 2633 1544; baseline 0.002 -20"><span class='ocrx_word' id='word_1_72' title='bbox 682 1481 1022 1543; x_wconf 77' lang='lat' dir='ltr'>nunquam</span> <span class='ocrx_word' id='word_1_73' title='bbox 1085 1462 1421 1527; x_wconf 85' lang='lat' dir='ltr'>affectibus</span> <span class='ocrx_word' id='word_1_74' title='bbox 1482 1462 1812 1529; x_wconf 90' lang='lat' dir='ltr'>indultum</span> <span class='ocrx_word' id='word_1_75' title='bbox 1876 1484 2019 1529; x_wconf 86' lang='lat' dir='ltr'>esse</span> <span class='ocrx_word' id='word_1_76' title='bbox 2073 1464 2272 1529; x_wconf 89' lang='lat' dir='ltr'>etiam</span> <span class='ocrx_word' id='word_1_77' title='bbox 2324 1483 2363 1527; x_wconf 92' lang='lat' dir='ltr'>a</span> <span class='ocrx_word' id='word_1_78' title='bbox 2426 1464 2633 1544; x_wconf 92' lang='lat' dir='ltr'>nobis,</span> 
     </span>
     <span class='ocr_line' id='line_1_14' title="bbox 682 1544 2632 1632; baseline 0.002 -22"><span class='ocrx_word' id='word_1_79' title='bbox 682 1546 970 1610; x_wconf 82' lang='lat' dir='ltr'>maxime</span> <span class='ocrx_word' id='word_1_80' title='bbox 1009 1544 1322 1626; x_wconf 65' lang='lat' dir='ltr'>Gentem,</span> <span class='ocrx_word' id='word_1_81' title='bbox 1366 1549 1478 1631; x_wconf 90' lang='lat' dir='ltr'>qui</span> <span class='ocrx_word' id='word_1_82' title='bbox 1522 1559 1760 1614; x_wconf 89' lang='lat' dir='ltr'>natura</span> <span class='ocrx_word' id='word_1_83' title='bbox 1793 1570 1999 1632; x_wconf 91' lang='lat' dir='ltr'>quum</span> <span class='ocrx_word' id='word_1_84' title='bbox 2040 1549 2128 1614; x_wconf 89' lang='lat' dir='ltr'>sit</span> <span class='ocrx_word' id='word_1_85' title='bbox 2163 1550 2632 1629; x_wconf 77' lang='lat' dir='ltr'>vehementior,</span> 
     </span>
     <span class='ocr_line' id='line_1_15' title="bbox 679 1631 2632 1718; baseline 0.002 -23"><span class='ocrx_word' id='word_1_86' title='bbox 679 1631 880 1695; x_wconf 89' lang='lat' dir='ltr'>etiam</span> <span class='ocrx_word' id='word_1_87' title='bbox 923 1633 1258 1698; x_wconf 74' lang='lat' dir='ltr'>atrocitate</span> <span class='ocrx_word' id='word_1_88' title='bbox 1299 1634 1397 1699; x_wconf 89' lang='lat' dir='ltr'>rei</span> <span class='ocrx_word' id='word_1_89' title='bbox 1429 1642 1931 1718; x_wconf 87' lang='lat' dir='ltr'>portentosaque</span> <span class='ocrx_word' id='word_1_90' title='bbox 1966 1635 2231 1700; x_wconf 82' lang='lat' dir='ltr'>vafritie</span> <span class='ocrx_word' id='word_1_91' title='bbox 2265 1633 2350 1699; x_wconf 91' lang='lat' dir='ltr'>ad</span> <span class='ocrx_word' id='word_1_92' title='bbox 2383 1635 2632 1700; x_wconf 90' lang='lat' dir='ltr'>calum-</span> 
     </span>
     <span class='ocr_line' id='line_1_16' title="bbox 681 1716 2632 1802; baseline 0.003 -22"><span class='ocrx_word' id='word_1_93' title='bbox 681 1716 862 1780; x_wconf 87' lang='lat' dir='ltr'>niam</span> <span class='ocrx_word' id='word_1_94' title='bbox 906 1719 1126 1783; x_wconf 89' lang='lat' dir='ltr'>omnia</span> <span class='ocrx_word' id='word_1_95' title='bbox 1168 1718 1592 1802; x_wconf 87' lang='lat' dir='ltr'>detorquendi</span> <span class='ocrx_word' id='word_1_96' title='bbox 1618 1729 1950 1802; x_wconf 88' lang='lat' dir='ltr'>permotus</span> <span class='ocrx_word' id='word_1_97' title='bbox 1993 1720 2348 1785; x_wconf 86' lang='lat' dir='ltr'>modestiae</span> <span class='ocrx_word' id='word_1_98' title='bbox 2387 1719 2632 1785; x_wconf 89' lang='lat' dir='ltr'>limites</span> 
     </span>
     <span class='ocr_line' id='line_1_17' title="bbox 679 1805 2630 1891; baseline 0.002 -26"><span class='ocrx_word' id='word_1_99' title='bbox 679 1813 891 1866; x_wconf 84' lang='lat' dir='ltr'>semet</span> <span class='ocrx_word' id='word_1_100' title='bbox 933 1823 1075 1868; x_wconf 89' lang='lat' dir='ltr'>esse</span> <span class='ocrx_word' id='word_1_101' title='bbox 1127 1811 1606 1888; x_wconf 88' lang='lat' dir='ltr'>transgressum</span> <span class='ocrx_word' id='word_1_102' title='bbox 1650 1806 1908 1872; x_wconf 86' lang='lat' dir='ltr'>fatetur.</span> <span class='ocrx_word' id='word_1_103' title='bbox 1996 1807 2250 1871; x_wconf 84' lang='lat' dir='ltr'>Verum</span> <span class='ocrx_word' id='word_1_104' title='bbox 2293 1805 2630 1891; x_wconf 86' lang='lat' dir='ltr'>purgatio-</span> 
     </span>
     <span class='ocr_line' id='line_1_18' title="bbox 677 1893 2630 1974; baseline 0.003 -24"><span class='ocrx_word' id='word_1_105' title='bbox 677 1907 833 1952; x_wconf 88' lang='lat' dir='ltr'>nem</span> <span class='ocrx_word' id='word_1_106' title='bbox 878 1897 1170 1955; x_wconf 89' lang='lat' dir='ltr'>nostram</span> <span class='ocrx_word' id='word_1_107' title='bbox 1226 1910 1574 1973; x_wconf 87' lang='lat' dir='ltr'>cognosces</span> <span class='ocrx_word' id='word_1_108' title='bbox 1626 1893 1917 1956; x_wconf 89' lang='lat' dir='ltr'>exactius</span> <span class='ocrx_word' id='word_1_109' title='bbox 1957 1912 2042 1957; x_wconf 87' lang='lat' dir='ltr'>ex</span> <span class='ocrx_word' id='word_1_110' title='bbox 2091 1912 2170 1957; x_wconf 91' lang='lat' dir='ltr'>ea</span> <span class='ocrx_word' id='word_1_111' title='bbox 2211 1893 2630 1974; x_wconf 87' lang='lat' dir='ltr'>responsione</span> 
     </span>
     <span class='ocr_line' id='line_1_19' title="bbox 671 1974 2627 2059; baseline 0.003 -21"><span class='ocrx_word' id='word_1_112' title='bbox 671 1995 865 2058; x_wconf 90' lang='lat' dir='ltr'>quam</span> <span class='ocrx_word' id='word_1_113' title='bbox 932 1974 1307 2059; x_wconf 87' lang='lat' dir='ltr'>propediem</span> <span class='ocrx_word' id='word_1_114' title='bbox 1371 1976 1682 2042; x_wconf 88' lang='lat' dir='ltr'>fratribus</span> <span class='ocrx_word' id='word_1_115' title='bbox 1743 1978 1982 2043; x_wconf 90' lang='lat' dir='ltr'>nostris</span> <span class='ocrx_word' id='word_1_116' title='bbox 2036 1976 2627 2043; x_wconf 86' lang='lat' dir='ltr'>Lausannensibus</span> 
     </span>
     <span class='ocr_line' id='line_1_20' title="bbox 671 2059 2627 2146; baseline 0.001 -22"><span class='ocrx_word' id='word_1_117' title='bbox 671 2061 1188 2125; x_wconf 86' lang='lat' dir='ltr'>transmittemus</span> <span class='ocrx_word' id='word_1_118' title='bbox 1216 2065 1271 2135; x_wconf 87' lang='lat'>⁷)</span> <span class='ocrx_word' id='word_1_119' title='bbox 1317 2059 1401 2126; x_wconf 91' lang='lat' dir='ltr'>ad</span> <span class='ocrx_word' id='word_1_120' title='bbox 1444 2062 1720 2127; x_wconf 84' lang='lat' dir='ltr'>amicam</span> <span class='ocrx_word' id='word_1_121' title='bbox 1763 2063 2084 2145; x_wconf 90' lang='lat' dir='ltr'>planeque</span> <span class='ocrx_word' id='word_1_122' title='bbox 2128 2063 2482 2127; x_wconf 82' lang='lat' dir='ltr'>fraternam</span> <span class='ocrx_word' id='word_1_123' title='bbox 2525 2063 2627 2146; x_wconf 92' lang='lat' dir='ltr'>ip-</span> 
     </span>
     <span class='ocr_line' id='line_1_21' title="bbox 668 2145 2625 2229; baseline 0 -18"><span class='ocrx_word' id='word_1_124' title='bbox 668 2166 891 2211; x_wconf 88' lang='lat' dir='ltr'>sorum</span> <span class='ocrx_word' id='word_1_125' title='bbox 948 2145 1551 2229; x_wconf 84' lang='lat' dir='ltr'>expostulationem.</span> <span class='ocrx_word' id='word_1_126' title='bbox 1640 2147 1842 2213; x_wconf 89' lang='lat' dir='ltr'>Modo</span> <span class='ocrx_word' id='word_1_127' title='bbox 1899 2150 2065 2215; x_wconf 90' lang='lat' dir='ltr'>citra</span> <span class='ocrx_word' id='word_1_128' title='bbox 2120 2155 2449 2214; x_wconf 84' lang='lat' dir='ltr'>recentem</span> <span class='ocrx_word' id='word_1_129' title='bbox 2505 2148 2625 2212; x_wconf 91' lang='lat' dir='ltr'>ali·</span> 
     </span>
     <span class='ocr_line' id='line_1_22' title="bbox 670 2231 2623 2315; baseline 0.001 -20"><span class='ocrx_word' id='word_1_130' title='bbox 670 2251 864 2315; x_wconf 91' lang='lat' dir='ltr'>quem</span> <span class='ocrx_word' id='word_1_131' title='bbox 908 2231 1260 2297; x_wconf 85' lang='lat' dir='ltr'>tumultum</span> <span class='ocrx_word' id='word_1_132' title='bbox 1316 2232 1509 2297; x_wconf 88' lang='lat' dir='ltr'>liceat</span> <span class='ocrx_word' id='word_1_133' title='bbox 1549 2234 1921 2300; x_wconf 88' lang='lat' dir='ltr'>consistere.</span> <span class='ocrx_word' id='word_1_134' title='bbox 2009 2233 2236 2315; x_wconf 88' lang='lat' dir='ltr'>Neque</span> <span class='ocrx_word' id='word_1_135' title='bbox 2279 2236 2455 2298; x_wconf 85' lang='lat' dir='ltr'>enim</span> <span class='ocrx_word' id='word_1_136' title='bbox 2500 2233 2623 2297; x_wconf 91' lang='lat' dir='ltr'>du·</span> 
     </span>
     <span class='ocr_line' id='line_1_23' title="bbox 666 2316 2619 2403; baseline 0.001 -23"><span class='ocrx_word' id='word_1_137' title='bbox 666 2316 950 2382; x_wconf 90' lang='lat' dir='ltr'>bitamus</span> <span class='ocrx_word' id='word_1_138' title='bbox 1008 2318 1138 2381; x_wconf 91' lang='lat' dir='ltr'>iam</span> <span class='ocrx_word' id='word_1_139' title='bbox 1194 2317 1448 2401; x_wconf 89' lang='lat' dir='ltr'>pridem</span> <span class='ocrx_word' id='word_1_140' title='bbox 1504 2327 1809 2402; x_wconf 89' lang='lat' dir='ltr'>paratum</span> <span class='ocrx_word' id='word_1_141' title='bbox 1867 2318 2174 2384; x_wconf 88' lang='lat' dir='ltr'>insidiose</span> <span class='ocrx_word' id='word_1_142' title='bbox 2228 2318 2619 2403; x_wconf 86' lang='lat' dir='ltr'>catalogum,</span> 
     </span>
     <span class='ocr_line' id='line_1_24' title="bbox 666 2401 2620 2487; baseline 0.002 -20"><span class='ocrx_word' id='word_1_143' title='bbox 666 2450 893 2468; x_wconf 89' lang='grc'><strong>......</strong></span> <span class='ocrx_word' id='word_1_144' title='bbox 919 2401 979 2487; x_wconf 78' lang='lat'>⁸)</span> <span class='ocrx_word' id='word_1_145' title='bbox 1026 2423 1109 2467; x_wconf 86' lang='lat' dir='ltr'>ex</span> <span class='ocrx_word' id='word_1_146' title='bbox 1154 2402 1617 2486; x_wconf 87' lang='lat' dir='ltr'>disputationis</span> <span class='ocrx_word' id='word_1_147' title='bbox 1659 2425 1776 2469; x_wconf 88' lang='lat' dir='ltr'>seu</span> <span class='ocrx_word' id='word_1_148' title='bbox 1820 2405 2037 2487; x_wconf 89' lang='lat' dir='ltr'>potius</span> <span class='ocrx_word' id='word_1_149' title='bbox 2083 2403 2442 2470; x_wconf 89' lang='lat' dir='ltr'>adversarii</span> <span class='ocrx_word' id='word_1_150' title='bbox 2485 2403 2620 2470; x_wconf 91' lang='lat' dir='ltr'>dic-</span> 
     </span>
     <span class='ocr_line' id='line_1_25' title="bbox 663 2488 2618 2573; baseline 0.002 -21"><span class='ocrx_word' id='word_1_151' title='bbox 663 2493 883 2552; x_wconf 88' lang='lat' dir='ltr'>torum</span> <span class='ocrx_word' id='word_1_152' title='bbox 909 2490 1251 2567; x_wconf 88' lang='lat' dir='ltr'>sententia,</span> <span class='ocrx_word' id='word_1_153' title='bbox 1283 2510 1409 2572; x_wconf 91' lang='lat' dir='ltr'>quo</span> <span class='ocrx_word' id='word_1_154' title='bbox 1431 2511 1582 2555; x_wconf 91' lang='lat' dir='ltr'>mox</span> <span class='ocrx_word' id='word_1_155' title='bbox 1609 2490 2021 2573; x_wconf 84' lang='lat' dir='ltr'>exagitemur</span> <span class='ocrx_word' id='word_1_156' title='bbox 2042 2488 2274 2555; x_wconf 90' lang='lat' dir='ltr'>denu0.</span> <span class='ocrx_word' id='word_1_157' title='bbox 2341 2489 2618 2556; x_wconf 88' lang='lat' dir='ltr'>Utinam</span> 
     </span>
     <span class='ocr_line' id='line_1_26' title="bbox 662 2572 2616 2659; baseline 0.001 -21"><span class='ocrx_word' id='word_1_158' title='bbox 662 2572 790 2638; x_wconf 90' lang='lat' dir='ltr'>sim</span> <span class='ocrx_word' id='word_1_159' title='bbox 833 2594 1047 2638; x_wconf 87' lang='lat' dir='ltr'>vanus</span> <span class='ocrx_word' id='word_1_160' title='bbox 1089 2594 1321 2658; x_wconf 89' lang='lat' dir='ltr'>augur.</span> <span class='ocrx_word' id='word_1_161' title='bbox 1413 2574 1602 2641; x_wconf 81' lang='lat' dir='ltr'>Serio</span> <span class='ocrx_word' id='word_1_162' title='bbox 1647 2577 1786 2659; x_wconf 90' lang='lat' dir='ltr'>agit</span> <span class='ocrx_word' id='word_1_163' title='bbox 1837 2584 2059 2640; x_wconf 88' lang='lat' dir='ltr'>noster</span> <span class='ocrx_word' id='word_1_164' title='bbox 2112 2574 2222 2640; x_wconf 89' lang='lat' dir='ltr'>ille</span> <span class='ocrx_word' id='word_1_165' title='bbox 2279 2576 2416 2641; x_wconf 86' lang='lat' dir='ltr'>suis</span> <span class='ocrx_word' id='word_1_166' title='bbox 2459 2593 2616 2641; x_wconf 89' lang='lat' dir='ltr'>con-</span> 
     </span>
     <span class='ocr_line' id='line_1_27' title="bbox 659 2657 2615 2744; baseline 0.001 -20"><span class='ocrx_word' id='word_1_167' title='bbox 659 2657 957 2724; x_wconf 90' lang='lat' dir='ltr'>cionibus</span> <span class='ocrx_word' id='word_1_168' title='bbox 1000 2681 1135 2726; x_wconf 89' lang='lat' dir='ltr'>non</span> <span class='ocrx_word' id='word_1_169' title='bbox 1194 2659 1406 2724; x_wconf 90' lang='lat' dir='ltr'>solum</span> <span class='ocrx_word' id='word_1_170' title='bbox 1452 2668 1527 2724; x_wconf 90' lang='lat' dir='ltr'>ut</span> <span class='ocrx_word' id='word_1_171' title='bbox 1567 2661 1785 2726; x_wconf 91' lang='lat' dir='ltr'>virtus</span> <span class='ocrx_word' id='word_1_172' title='bbox 1825 2660 2010 2725; x_wconf 87' lang='lat' dir='ltr'>nulla</span> <span class='ocrx_word' id='word_1_173' title='bbox 2065 2660 2396 2725; x_wconf 88' lang='lat' dir='ltr'>tribuatur</span> <span class='ocrx_word' id='word_1_174' title='bbox 2435 2682 2615 2744; x_wconf 82' lang='lat' dir='ltr'>sym-</span> 
     </span>
     <span class='ocr_line' id='line_1_28' title="bbox 656 2742 2614 2829; baseline 0.002 -19"><span class='ocrx_word' id='word_1_175' title='bbox 656 2742 840 2822; x_wconf 89' lang='lat' dir='ltr'>bolis,</span> <span class='ocrx_word' id='word_1_176' title='bbox 897 2745 1025 2809; x_wconf 89' lang='lat' dir='ltr'>nisi</span> <span class='ocrx_word' id='word_1_177' title='bbox 1068 2744 1326 2828; x_wconf 92' lang='lat' dir='ltr'>qualem</span> <span class='ocrx_word' id='word_1_178' title='bbox 1366 2747 1436 2810; x_wconf 91' lang='lat' dir='ltr'>in</span> <span class='ocrx_word' id='word_1_179' title='bbox 1479 2746 1966 2811; x_wconf 88' lang='lat' dir='ltr'>memorialibus</span> <span class='ocrx_word' id='word_1_180' title='bbox 2008 2752 2125 2810; x_wconf 92' lang='lat' dir='ltr'>aut</span> <span class='ocrx_word' id='word_1_181' title='bbox 2164 2753 2614 2829; x_wconf 90' lang='lat' dir='ltr'>repraesenta-</span> 
     </span>
     <span class='ocr_line' id='line_1_29' title="bbox 659 2830 2613 2915; baseline 0.002 -21"><span class='ocrx_word' id='word_1_182' title='bbox 659 2831 838 2896; x_wconf 85' lang='lat' dir='ltr'>tione</span> <span class='ocrx_word' id='word_1_183' title='bbox 881 2830 1136 2896; x_wconf 90' lang='lat' dir='ltr'>scenica</span> <span class='ocrx_word' id='word_1_184' title='bbox 1176 2832 1609 2915; x_wconf 89' lang='lat' dir='ltr'>agnoscimus,</span> <span class='ocrx_word' id='word_1_185' title='bbox 1652 2839 2091 2914; x_wconf 86' lang='lat' dir='ltr'>quantamque</span> <span class='ocrx_word' id='word_1_186' title='bbox 2133 2830 2463 2897; x_wconf 90' lang='lat' dir='ltr'>humanae</span> <span class='ocrx_word' id='word_1_187' title='bbox 2505 2853 2613 2898; x_wconf 91' lang='lat' dir='ltr'>ra-</span> 
     </span>
     <span class='ocr_line' id='line_1_30' title="bbox 657 2916 2611 3002; baseline 0.001 -21"><span class='ocrx_word' id='word_1_188' title='bbox 657 2917 852 2982; x_wconf 87' lang='lat' dir='ltr'>tionis</span> <span class='ocrx_word' id='word_1_189' title='bbox 909 2916 1331 2999; x_wconf 89' lang='lat' dir='ltr'>prehendunt</span> <span class='ocrx_word' id='word_1_190' title='bbox 1384 2917 1710 2996; x_wconf 88' lang='lat' dir='ltr'>tenebrae,</span> <span class='ocrx_word' id='word_1_191' title='bbox 1765 2937 1997 2982; x_wconf 89' lang='lat' dir='ltr'>verum</span> <span class='ocrx_word' id='word_1_192' title='bbox 2040 2917 2239 2982; x_wconf 90' lang='lat' dir='ltr'>etiam</span> <span class='ocrx_word' id='word_1_193' title='bbox 2284 2924 2360 2982; x_wconf 91' lang='lat' dir='ltr'>ut</span> <span class='ocrx_word' id='word_1_194' title='bbox 2401 2919 2611 3002; x_wconf 90' lang='lat' dir='ltr'>magi-</span> 
     </span>
     <span class='ocr_line' id='line_1_31' title="bbox 659 3000 2609 3087; baseline 0 -20"><span class='ocrx_word' id='word_1_195' title='bbox 659 3002 900 3068; x_wconf 86' lang='lat' dir='ltr'>stratui</span> <span class='ocrx_word' id='word_1_196' title='bbox 950 3000 1213 3085; x_wconf 90' lang='lat' dir='ltr'>plenam</span> <span class='ocrx_word' id='word_1_197' title='bbox 1271 3003 1342 3067; x_wconf 90' lang='lat' dir='ltr'>in</span> <span class='ocrx_word' id='word_1_198' title='bbox 1399 3001 1795 3087; x_wconf 89' lang='lat' dir='ltr'>reipublicae</span> <span class='ocrx_word' id='word_1_199' title='bbox 1855 3010 2049 3086; x_wconf 91' lang='lat' dir='ltr'>atque</span> <span class='ocrx_word' id='word_1_200' title='bbox 2105 3002 2440 3087; x_wconf 88' lang='lat' dir='ltr'>religionis</span> <span class='ocrx_word' id='word_1_201' title='bbox 2494 3001 2609 3068; x_wconf 90' lang='lat' dir='ltr'>ad·</span> 
     </span>
     <span class='ocr_line' id='line_1_32' title="bbox 655 3085 2607 3154; baseline 0.001 -2"><span class='ocrx_word' id='word_1_202' title='bbox 655 3088 1135 3154; x_wconf 90' lang='lat' dir='ltr'>ministratione</span> <span class='ocrx_word' id='word_1_203' title='bbox 1155 3085 1669 3153; x_wconf 88' lang='lat' dir='ltr'>iurisdictionem</span> <span class='ocrx_word' id='word_1_204' title='bbox 1693 3087 2023 3153; x_wconf 90' lang='lat' dir='ltr'>adstruat:</span> <span class='ocrx_word' id='word_1_205' title='bbox 2059 3088 2426 3154; x_wconf 89' lang='lat' dir='ltr'>ministerio</span> <span class='ocrx_word' id='word_1_206' title='bbox 2452 3108 2607 3154; x_wconf 91' lang='lat' dir='ltr'>vero</span> 
     </span>
     <span class='ocr_line' id='line_1_33' title="bbox 656 3171 2606 3257; baseline 0.001 -18"><span class='ocrx_word' id='word_1_207' title='bbox 656 3173 1092 3240; x_wconf 89' lang='lat' dir='ltr'>ecclesiastico</span> <span class='ocrx_word' id='word_1_208' title='bbox 1146 3172 1316 3237; x_wconf 85' lang='lat' dir='ltr'>nihil</span> <span class='ocrx_word' id='word_1_209' title='bbox 1371 3173 1501 3238; x_wconf 91' lang='lat' dir='ltr'>nisi</span> <span class='ocrx_word' id='word_1_210' title='bbox 1560 3171 1831 3239; x_wconf 91' lang='lat' dir='ltr'>docendi</span> <span class='ocrx_word' id='word_1_211' title='bbox 1874 3172 2350 3257; x_wconf 85' lang='lat' dir='ltr'>profitendique</span> <span class='ocrx_word' id='word_1_212' title='bbox 2393 3181 2606 3256; x_wconf 89' lang='lat' dir='ltr'>potes—</span> 
     </span>
     <span class='ocr_line' id='line_1_34' title="bbox 654 3257 2606 3343; baseline 0.001 -20"><span class='ocrx_word' id='word_1_213' title='bbox 654 3265 861 3324; x_wconf 85' lang='lat' dir='ltr'>tatem</span> <span class='ocrx_word' id='word_1_214' title='bbox 920 3257 1247 3324; x_wconf 90' lang='lat' dir='ltr'>concedat.</span> <span class='ocrx_word' id='word_1_215' title='bbox 1356 3257 1563 3342; x_wconf 89' lang='lat' dir='ltr'>quue</span> <span class='ocrx_word' id='word_1_216' title='bbox 1627 3266 1814 3324; x_wconf 89' lang='lat' dir='ltr'>tanta</span> <span class='ocrx_word' id='word_1_217' title='bbox 1877 3258 2464 3343; x_wconf 89' lang='lat' dir='ltr'>blandiloquentia,</span> <span class='ocrx_word' id='word_1_218' title='bbox 2533 3269 2606 3324; x_wconf 89' lang='lat' dir='ltr'>ut</span> 
     </span>
     <span class='ocr_line' id='line_1_35' title="bbox 655 3342 2604 3426; baseline 0.002 -18"><span class='ocrx_word' id='word_1_219' title='bbox 655 3364 793 3409; x_wconf 91' lang='lat' dir='ltr'>non</span> <span class='ocrx_word' id='word_1_220' title='bbox 850 3345 1053 3426; x_wconf 88' lang='lat' dir='ltr'>possit</span> <span class='ocrx_word' id='word_1_221' title='bbox 1111 3344 1182 3408; x_wconf 93' lang='lat' dir='ltr'>in</span> <span class='ocrx_word' id='word_1_222' title='bbox 1236 3344 1359 3409; x_wconf 91' lang='lat' dir='ltr'>hoc</span> <span class='ocrx_word' id='word_1_223' title='bbox 1413 3342 1677 3426; x_wconf 90' lang='lat' dir='ltr'>quidem</span> <span class='ocrx_word' id='word_1_224' title='bbox 1741 3352 1879 3408; x_wconf 90' lang='lat' dir='ltr'>tam</span> <span class='ocrx_word' id='word_1_225' title='bbox 1944 3345 2284 3410; x_wconf 90' lang='lat' dir='ltr'>ambitioso</span> <span class='ocrx_word' id='word_1_226' title='bbox 2345 3345 2604 3411; x_wconf 89' lang='lat' dir='ltr'>theatro</span> 
     </span>
     <span class='ocr_line' id='line_1_36' title="bbox 655 3428 2604 3517; baseline 0.003 -25"><span class='ocrx_word' id='word_1_227' title='bbox 655 3429 1135 3512; x_wconf 88' lang='lat' dir='ltr'>amplissimum</span> <span class='ocrx_word' id='word_1_228' title='bbox 1178 3438 1246 3494; x_wconf 92' lang='lat' dir='ltr'>et</span> <span class='ocrx_word' id='word_1_229' title='bbox 1287 3450 1627 3495; x_wconf 89' lang='lat' dir='ltr'>assensum</span> <span class='ocrx_word' id='word_1_230' title='bbox 1682 3438 1749 3494; x_wconf 90' lang='lat' dir='ltr'>et</span> <span class='ocrx_word' id='word_1_231' title='bbox 1799 3429 2181 3513; x_wconf 87' lang='lat' dir='ltr'>applausum</span> <span class='ocrx_word' id='word_1_232' title='bbox 2230 3428 2410 3517; x_wconf 74' lang='lat' dir='ltr'>[non]</span> <span class='ocrx_word' id='word_1_233' title='bbox 2457 3451 2604 3497; x_wconf 89' lang='lat' dir='ltr'>con-</span> 
     </span>
     <span class='ocr_line' id='line_1_37' title="bbox 658 3513 2603 3597; baseline 0.002 -17"><span class='ocrx_word' id='word_1_234' title='bbox 658 3516 862 3597; x_wconf 88' lang='lat' dir='ltr'>sequi,</span> <span class='ocrx_word' id='word_1_235' title='bbox 922 3515 1033 3580; x_wconf 92' lang='lat' dir='ltr'>ubi</span> <span class='ocrx_word' id='word_1_236' title='bbox 1077 3534 1199 3580; x_wconf 91' lang='lat' dir='ltr'>nos</span> <span class='ocrx_word' id='word_1_237' title='bbox 1242 3513 1616 3580; x_wconf 89' lang='lat' dir='ltr'>exsibilatos</span> <span class='ocrx_word' id='word_1_238' title='bbox 1644 3518 1699 3592; x_wconf 80' lang='lat'>⁹)</span> <span class='ocrx_word' id='word_1_239' title='bbox 1741 3515 1828 3580; x_wconf 89' lang='lat' dir='ltr'>iri</span> <span class='ocrx_word' id='word_1_240' title='bbox 1869 3525 2121 3582; x_wconf 92' lang='lat' dir='ltr'>certum</span> <span class='ocrx_word' id='word_1_241' title='bbox 2164 3529 2283 3596; x_wconf 89' lang='lat' dir='ltr'>est,</span> <span class='ocrx_word' id='word_1_242' title='bbox 2329 3515 2603 3582; x_wconf 83' lang='lat' dir='ltr'>simulac</span> 
     </span>
     <span class='ocr_line' id='line_1_38' title="bbox 652 3599 2603 3668; baseline -0.001 -2"><span class='ocrx_word' id='word_1_243' title='bbox 652 3600 764 3666; x_wconf 89' lang='lat' dir='ltr'>vel</span> <span class='ocrx_word' id='word_1_244' title='bbox 817 3601 1046 3667; x_wconf 90' lang='lat' dir='ltr'>tectim</span> <span class='ocrx_word' id='word_1_245' title='bbox 1096 3601 1294 3664; x_wconf 89' lang='lat' dir='ltr'>etiam</span> <span class='ocrx_word' id='word_1_246' title='bbox 1352 3599 1663 3666; x_wconf 88' lang='lat' dir='ltr'>ecclesiae</span> <span class='ocrx_word' id='word_1_247' title='bbox 1715 3599 1969 3666; x_wconf 86' lang='lat' dir='ltr'>Christi</span> <span class='ocrx_word' id='word_1_248' title='bbox 2028 3603 2469 3667; x_wconf 86' lang='lat' dir='ltr'>oeconomiam</span> <span class='ocrx_word' id='word_1_249' title='bbox 2536 3609 2603 3668; x_wconf 89' lang='lat' dir='ltr'>et</span> 
     </span>
     <span class='ocr_line' id='line_1_39' title="bbox 652 3685 2596 3770; baseline 0.001 -18"><span class='ocrx_word' id='word_1_250' title='bbox 652 3686 1048 3752; x_wconf 88' lang='lat' dir='ltr'>sacrosancti</span> <span class='ocrx_word' id='word_1_251' title='bbox 1091 3687 1436 3751; x_wconf 87' lang='lat' dir='ltr'>ministerii</span> <span class='ocrx_word' id='word_1_252' title='bbox 1489 3685 1755 3764; x_wconf 76' lang='grc' dir='ltr'><strong><em>ἐξουσίαν</em></strong></span> <span class='ocrx_word' id='word_1_253' title='bbox 1796 3687 2122 3770; x_wconf 85' lang='lat' dir='ltr'>explicare</span> <span class='ocrx_word' id='word_1_254' title='bbox 2176 3689 2596 3769; x_wconf 89' lang='lat' dir='ltr'>coeperimus.</span> 
     </span>
     <span class='ocr_line' id='line_1_40' title="bbox 651 3772 2599 3856; baseline 0.001 -19"><span class='ocrx_word' id='word_1_255' title='bbox 651 3772 1102 3837; x_wconf 78' lang='lat' dir='ltr'>Moderatione</span> <span class='ocrx_word' id='word_1_256' title='bbox 1159 3772 1362 3854; x_wconf 90' lang='lat' dir='ltr'>igitur</span> <span class='ocrx_word' id='word_1_257' title='bbox 1417 3772 1737 3856; x_wconf 86' lang='lat' dir='ltr'>singulari</span> <span class='ocrx_word' id='word_1_258' title='bbox 1794 3780 1861 3837; x_wconf 88' lang='lat' dir='ltr'>et</span> <span class='ocrx_word' id='word_1_259' title='bbox 1902 3773 2141 3839; x_wconf 90' lang='lat' dir='ltr'>animis</span> <span class='ocrx_word' id='word_1_260' title='bbox 2192 3772 2391 3837; x_wconf 90' lang='lat' dir='ltr'>etiam</span> <span class='ocrx_word' id='word_1_261' title='bbox 2433 3793 2599 3856; x_wconf 87' lang='lat' dir='ltr'>opus</span> 
     </span>
     <span class='ocr_line' id='line_1_41' title="bbox 651 3856 2599 3941; baseline 0 -19"><span class='ocrx_word' id='word_1_262' title='bbox 651 3867 770 3936; x_wconf 86' lang='lat' dir='ltr'>est,</span> <span class='ocrx_word' id='word_1_263' title='bbox 816 3868 884 3922; x_wconf 90' lang='lat' dir='ltr'>et</span> <span class='ocrx_word' id='word_1_264' title='bbox 925 3857 1304 3939; x_wconf 87' lang='lat' dir='ltr'>cumprimis</span> <span class='ocrx_word' id='word_1_265' title='bbox 1341 3856 1604 3923; x_wconf 89' lang='lat' dir='ltr'>doctore</span> <span class='ocrx_word' id='word_1_266' title='bbox 1647 3858 1903 3941; x_wconf 89' lang='lat' dir='ltr'>spiritu,</span> <span class='ocrx_word' id='word_1_267' title='bbox 1949 3858 2061 3941; x_wconf 90' lang='lat' dir='ltr'>qui</span> <span class='ocrx_word' id='word_1_268' title='bbox 2095 3859 2188 3923; x_wconf 91' lang='lat' dir='ltr'>sic</span> <span class='ocrx_word' id='word_1_269' title='bbox 2222 3857 2599 3922; x_wconf 88' lang='lat' dir='ltr'>moderetur</span> 
     </span>
     <span class='ocr_line' id='line_1_42' title="bbox 648 3944 2596 4027; baseline -0.001 -19"><span class='ocrx_word' id='word_1_270' title='bbox 648 3951 963 4027; x_wconf 89' lang='lat' dir='ltr'>regatque</span> <span class='ocrx_word' id='word_1_271' title='bbox 1005 3964 1119 4008; x_wconf 88' lang='lat' dir='ltr'>ora</span> <span class='ocrx_word' id='word_1_272' title='bbox 1162 3949 1355 4025; x_wconf 85' lang='lat' dir='ltr'>atque</span> <span class='ocrx_word' id='word_1_273' title='bbox 1398 3944 1669 4009; x_wconf 89' lang='lat' dir='ltr'>consilia</span> <span class='ocrx_word' id='word_1_274' title='bbox 1709 3954 1949 4019; x_wconf 89' lang='lat' dir='ltr'>nostra,</span> <span class='ocrx_word' id='word_1_275' title='bbox 1995 3951 2072 4007; x_wconf 88' lang='lat' dir='ltr'>ut</span> <span class='ocrx_word' id='word_1_276' title='bbox 2109 3963 2320 4025; x_wconf 90' lang='lat' dir='ltr'>neque</span> <span class='ocrx_word' id='word_1_277' title='bbox 2366 3963 2596 4008; x_wconf 90' lang='lat' dir='ltr'>verum</span> 
     </span>
     <span class='ocr_line' id='line_1_43' title="bbox 648 4026 2595 4111; baseline 0.001 -19"><span class='ocrx_word' id='word_1_278' title='bbox 648 4026 1124 4107; x_wconf 86' lang='lat' dir='ltr'>dissimuletur,</span> <span class='ocrx_word' id='word_1_279' title='bbox 1185 4050 1396 4111; x_wconf 89' lang='lat' dir='ltr'>neque</span> <span class='ocrx_word' id='word_1_280' title='bbox 1449 4029 1711 4111; x_wconf 89' lang='lat' dir='ltr'>publica</span> <span class='ocrx_word' id='word_1_281' title='bbox 1766 4027 2183 4094; x_wconf 86' lang='lat' dir='ltr'>subvertatur</span> <span class='ocrx_word' id='word_1_282' title='bbox 2235 4027 2595 4093; x_wconf 88' lang='lat' dir='ltr'>aedificatio</span> 
     </span>
     <span class='ocr_line' id='line_1_44' title="bbox 647 4113 2595 4198; baseline -0.001 -19"><span class='ocrx_word' id='word_1_283' title='bbox 647 4114 787 4179; x_wconf 92' lang='lat' dir='ltr'>ulla</span> <span class='ocrx_word' id='word_1_284' title='bbox 844 4125 1065 4180; x_wconf 89' lang='lat' dir='ltr'>nostra</span> <span class='ocrx_word' id='word_1_285' title='bbox 1121 4114 1551 4198; x_wconf 85' lang='lat' dir='ltr'>incogitantia</span> <span class='ocrx_word' id='word_1_286' title='bbox 1603 4120 1720 4178; x_wconf 90' lang='lat' dir='ltr'>aut</span> <span class='ocrx_word' id='word_1_287' title='bbox 1774 4113 2285 4195; x_wconf 87' lang='lat' dir='ltr'>importunitate.</span> <span class='ocrx_word' id='word_1_288' title='bbox 2375 4113 2595 4194; x_wconf 79' lang='lat' dir='ltr'>Quam</span> 
     </span>
     <span class='ocr_line' id='line_1_45' title="bbox 646 4198 2596 4283; baseline -0.002 -18"><span class='ocrx_word' id='word_1_289' title='bbox 646 4200 730 4265; x_wconf 92' lang='lat' dir='ltr'>ad</span> <span class='ocrx_word' id='word_1_290' title='bbox 790 4221 932 4265; x_wconf 90' lang='lat' dir='ltr'>rem</span> <span class='ocrx_word' id='word_1_291' title='bbox 990 4210 1065 4265; x_wconf 90' lang='lat' dir='ltr'>tu</span> <span class='ocrx_word' id='word_1_292' title='bbox 1117 4220 1379 4283; x_wconf 91' lang='lat' dir='ltr'>quaes0,</span> <span class='ocrx_word' id='word_1_293' title='bbox 1447 4201 1538 4265; x_wconf 92' lang='lat' dir='ltr'>mi</span> <span class='ocrx_word' id='word_1_294' title='bbox 1597 4199 1816 4276; x_wconf 89' lang='lat' dir='ltr'>frater,</span> <span class='ocrx_word' id='word_1_295' title='bbox 1882 4219 2001 4263; x_wconf 91' lang='lat' dir='ltr'>nos</span> <span class='ocrx_word' id='word_1_296' title='bbox 2052 4206 2118 4263; x_wconf 90' lang='lat' dir='ltr'>et</span> <span class='ocrx_word' id='word_1_297' title='bbox 2180 4198 2473 4263; x_wconf 91' lang='lat' dir='ltr'>oratione</span> <span class='ocrx_word' id='word_1_298' title='bbox 2530 4206 2596 4264; x_wconf 92' lang='lat' dir='ltr'>et</span> 
     </span>
     <span class='ocr_line' id='line_1_46' title="bbox 642 4284 2594 4368; baseline -0.002 -16"><span class='ocrx_word' id='word_1_299' title='bbox 642 4285 931 4352; x_wconf 89' lang='lat' dir='ltr'>consiliis</span> <span class='ocrx_word' id='word_1_300' title='bbox 973 4307 1091 4368; x_wconf 91' lang='lat' dir='ltr'>pro</span> <span class='ocrx_word' id='word_1_301' title='bbox 1135 4306 1314 4350; x_wconf 89' lang='lat' dir='ltr'>more</span> <span class='ocrx_word' id='word_1_302' title='bbox 1355 4286 1587 4350; x_wconf 90' lang='lat' dir='ltr'>iuvare</span> <span class='ocrx_word' id='word_1_303' title='bbox 1628 4304 1848 4367; x_wconf 87' lang='lat' dir='ltr'>perge,</span> <span class='ocrx_word' id='word_1_304' title='bbox 1902 4292 1970 4349; x_wconf 89' lang='lat' dir='ltr'>et</span> <span class='ocrx_word' id='word_1_305' title='bbox 2012 4284 2417 4349; x_wconf 88' lang='lat' dir='ltr'>suavissimis</span> <span class='ocrx_word' id='word_1_306' title='bbox 2460 4284 2594 4349; x_wconf 87' lang='lat' dir='ltr'>tuis</span> 
     </span>
     <span class='ocr_line' id='line_1_47' title="bbox 642 4369 2596 4452; baseline -0.002 -16"><span class='ocrx_word' id='word_1_307' title='bbox 642 4371 850 4437; x_wconf 91' lang='lat' dir='ltr'>literis</span> <span class='ocrx_word' id='word_1_308' title='bbox 893 4392 1016 4448; x_wconf 89' lang='lat' dir='ltr'>me,</span> <span class='ocrx_word' id='word_1_309' title='bbox 1078 4378 1334 4436; x_wconf 90' lang='lat' dir='ltr'>tantum</span> <span class='ocrx_word' id='word_1_310' title='bbox 1390 4391 1523 4434; x_wconf 91' lang='lat' dir='ltr'>non</span> <span class='ocrx_word' id='word_1_311' title='bbox 1575 4378 1643 4434; x_wconf 91' lang='lat' dir='ltr'>et</span> <span class='ocrx_word' id='word_1_312' title='bbox 1694 4369 1984 4452; x_wconf 89' lang='lat' dir='ltr'>corporis</span> <span class='ocrx_word' id='word_1_313' title='bbox 2041 4369 2485 4435; x_wconf 89' lang='lat' dir='ltr'>imbecillitate</span> <span class='ocrx_word' id='word_1_314' title='bbox 2529 4378 2596 4436; x_wconf 92' lang='lat' dir='ltr'>et</span> 
     </span>
     <span class='ocr_line' id='line_1_48' title="bbox 642 4453 2591 4522; baseline 0 -2"><span class='ocrx_word' id='word_1_315' title='bbox 642 4454 820 4522; x_wconf 89' lang='lat' dir='ltr'>hisce</span> <span class='ocrx_word' id='word_1_316' title='bbox 863 4465 961 4521; x_wconf 86' lang='lat' dir='ltr'>tot</span> <span class='ocrx_word' id='word_1_317' title='bbox 989 4455 1598 4522; x_wconf 80' lang='lat' dir='ltr'>molestissimamm</span> <span class='ocrx_word' id='word_1_318' title='bbox 1638 4475 2100 4519; x_wconf 85' lang='lat' dir='ltr'>aerumnarum</span> <span class='ocrx_word' id='word_1_319' title='bbox 2135 4453 2368 4519; x_wconf 85' lang='lat' dir='ltr'>taediis</span> <span class='ocrx_word' id='word_1_320' title='bbox 2410 4454 2591 4520; x_wconf 86' lang='lat' dir='ltr'>fatis-</span> 
     </span>
     <span class='ocr_line' id='line_1_49' title="bbox 642 4538 2591 4624; baseline -0.002 -16"><span class='ocrx_word' id='word_1_321' title='bbox 642 4551 918 4619; x_wconf 90' lang='lat' dir='ltr'>centem,</span> <span class='ocrx_word' id='word_1_322' title='bbox 964 4563 1220 4623; x_wconf 89' lang='lat' dir='ltr'>semper</span> <span class='ocrx_word' id='word_1_323' title='bbox 1261 4541 1453 4606; x_wconf 88' lang='lat' dir='ltr'>refice</span> <span class='ocrx_word' id='word_1_324' title='bbox 1498 4548 1566 4604; x_wconf 90' lang='lat' dir='ltr'>et</span> <span class='ocrx_word' id='word_1_325' title='bbox 1603 4558 1841 4604; x_wconf 89' lang='lat' dir='ltr'>recrea.</span> <span class='ocrx_word' id='word_1_326' title='bbox 1911 4538 2123 4605; x_wconf 87' lang='lat' dir='ltr'>Valde</span> <span class='ocrx_word' id='word_1_327' title='bbox 2155 4538 2407 4624; x_wconf 87' lang='lat' dir='ltr'>gaudeo</span> <span class='ocrx_word' id='word_1_328' title='bbox 2439 4562 2591 4607; x_wconf 91' lang='lat' dir='ltr'>cum</span> 
     </span>
     <span class='ocr_line' id='line_1_50' title="bbox 647 4625 2591 4708; baseline -0.001 -15"><span class='ocrx_word' id='word_1_329' title='bbox 647 4634 716 4693; x_wconf 90' lang='lat' dir='ltr'>et</span> <span class='ocrx_word' id='word_1_330' title='bbox 762 4627 1061 4708; x_wconf 71' lang='lat' dir='ltr'>Philippo</span> <span class='ocrx_word' id='word_1_331' title='bbox 1103 4628 1278 4691; x_wconf 89' lang='lat' dir='ltr'>inter</span> <span class='ocrx_word' id='word_1_332' title='bbox 1316 4625 1559 4691; x_wconf 89' lang='lat' dir='ltr'>amicos</span> <span class='ocrx_word' id='word_1_333' title='bbox 1604 4626 1800 4689; x_wconf 89' lang='lat' dir='ltr'>etiam</span> <span class='ocrx_word' id='word_1_334' title='bbox 1846 4627 2091 4708; x_wconf 88' lang='lat' dir='ltr'>primos</span> <span class='ocrx_word' id='word_1_335' title='bbox 2134 4625 2324 4692; x_wconf 91' lang='lat' dir='ltr'>video</span> <span class='ocrx_word' id='word_1_336' title='bbox 2357 4647 2591 4692; x_wconf 88' lang='lat' dir='ltr'>nume-</span> 
     </span>
    </p>
   </div>
   <div class='ocr_carea' id='block_1_4' title="bbox 641 4801 1046 4812">
    <p class='ocr_par' dir='ltr' id='par_1_4' title="bbox 641 4801 1046 4812">
     <span class='ocr_line' id='line_1_51' title="bbox 641 4801 1046 4812; baseline -0.012 0"><span class='ocrx_word' id='word_1_337' title='bbox 641 4805 722 4812; x_wconf 72' lang='lat'>-——</span> <span class='ocrx_word' id='word_1_338' title='bbox 837 4801 1046 4809; x_wconf 45' lang='grc' dir='ltr'>*ψη-</span> 
     </span>
    </p>
   </div>
   <div class='ocr_carea' id='block_1_5' title="bbox 632 4916 2587 5394">
    <p class='ocr_par' dir='ltr' id='par_1_5' title="bbox 847 4916 1040 4976">
     <span class='ocr_line' id='line_1_52' title="bbox 847 4916 1040 4976; baseline -0.01 -6"><span class='ocrx_word' id='word_1_339' title='bbox 847 4917 905 4976; x_wconf 87' lang='grc'>6)</span> <span class='ocrx_word' id='word_1_340' title='bbox 944 4916 1040 4968; x_wconf 85' lang='lat' dir='ltr'>sic.</span> 
     </span>
    </p>

    <p class='ocr_par' dir='ltr' id='par_1_6' title="bbox 632 4983 2587 5244">
     <span class='ocr_line' id='line_1_53' title="bbox 847 4983 2587 5052; baseline 0.002 -15"><span class='ocrx_word' id='word_1_341' title='bbox 847 4985 903 5048; x_wconf 82' lang='lat'>7)</span> <span class='ocrx_word' id='word_1_342' title='bbox 943 4984 1031 5039; x_wconf 82' lang='lat' dir='ltr'>De</span> <span class='ocrx_word' id='word_1_343' title='bbox 1066 4983 1167 5038; x_wconf 80' lang='lat' dir='ltr'>tali</span> <span class='ocrx_word' id='word_1_344' title='bbox 1199 4983 1556 5052; x_wconf 68' lang='lat' dir='ltr'>responsione</span> <span class='ocrx_word' id='word_1_345' title='bbox 1589 4983 1968 5038; x_wconf 68' lang='lat' dir='ltr'>miaeiistrmm</span> <span class='ocrx_word' id='word_1_346' title='bbox 2001 4984 2143 5038; x_wconf 67' lang='lat' dir='ltr'>mm</span> <span class='ocrx_word' id='word_1_347' title='bbox 2162 4985 2319 5040; x_wconf 74' lang='lat' dir='ltr'>nobis</span> <span class='ocrx_word' id='word_1_348' title='bbox 2339 4985 2587 5041; x_wconf 66' lang='lat' dir='ltr'>innotuit</span> 
     </span>
     <span class='ocr_line' id='line_1_54' title="bbox 636 5052 2584 5122; baseline 0.001 -14"><span class='ocrx_word' id='word_1_349' title='bbox 636 5054 865 5108; x_wconf 62' lang='lat' dir='ltr'>diemde</span> <span class='ocrx_word' id='word_1_350' title='bbox 908 5053 1224 5122; x_wconf 68' lang='lat' dir='ltr'>petendum.</span> <span class='ocrx_word' id='word_1_351' title='bbox 1319 5052 1496 5107; x_wconf 79' lang='lat' dir='ltr'>Plane</span> <span class='ocrx_word' id='word_1_352' title='bbox 1548 5052 1663 5106; x_wconf 81' lang='lat' dir='ltr'>alia</span> <span class='ocrx_word' id='word_1_353' title='bbox 1711 5053 1824 5119; x_wconf 76' lang='lat' dir='ltr'>fuit</span> <span class='ocrx_word' id='word_1_354' title='bbox 1874 5054 2233 5122; x_wconf 64' lang='lat' dir='ltr'>maqistratus</span> <span class='ocrx_word' id='word_1_355' title='bbox 2282 5054 2584 5110; x_wconf 73' lang='lat' dir='ltr'>declaratio</span> 
     </span>
     <span class='ocr_line' id='line_1_55' title="bbox 632 5122 2580 5244; baseline 0.003 -69"><span class='ocrx_word' id='word_1_356' title='bbox 632 5124 747 5244; x_wconf 55' lang='grc'>92.</span> <span class='ocrx_word' id='word_1_357' title='bbox 783 5123 948 5176; x_wconf 79' lang='lat' dir='ltr'>Febr.</span> <span class='ocrx_word' id='word_1_358' title='bbox 986 5123 1147 5189; x_wconf 79' lang='lat'>1543)</span> <span class='ocrx_word' id='word_1_359' title='bbox 1191 5137 1360 5242; x_wconf 50' lang='lat' dir='ltr'>eaque</span> <span class='ocrx_word' id='word_1_360' title='bbox 1394 5123 1531 5176; x_wconf 78' lang='lat' dir='ltr'>satis</span> <span class='ocrx_word' id='word_1_361' title='bbox 1565 5137 1773 5189; x_wconf 81' lang='lat' dir='ltr'>severa,</span> <span class='ocrx_word' id='word_1_362' title='bbox 1811 5122 1877 5176; x_wconf 77' lang='lat' dir='ltr'>de</span> <span class='ocrx_word' id='word_1_363' title='bbox 1922 5138 2034 5191; x_wconf 76' lang='lat' dir='ltr'>qua</span> <span class='ocrx_word' id='word_1_364' title='bbox 2078 5123 2201 5178; x_wconf 77' lang='lat' dir='ltr'>vide</span> <span class='ocrx_word' id='word_1_365' title='bbox 2246 5122 2471 5179; x_wconf 74' lang='lat' dir='ltr'>Ruchat</span> <span class='ocrx_word' id='word_1_366' title='bbox 2511 5124 2580 5180; x_wconf 89' lang='lat' dir='ltr'>V.</span> 
     </span>
    </p>

    <p class='ocr_par' dir='ltr' id='par_1_7' title="bbox 672 5190 1331 5260">
     <span class='ocr_line' id='line_1_56' title="bbox 672 5190 1331 5260; baseline -0.002 -15"><span class='ocrx_word' id='word_1_367' title='bbox 672 5193 757 5260; x_wconf 88' lang='lat'>31,</span> <span class='ocrx_word' id='word_1_368' title='bbox 795 5191 1085 5246; x_wconf 73' lang='lat' dir='ltr'>Hundesh.</span> <span class='ocrx_word' id='word_1_369' title='bbox 1115 5206 1176 5259; x_wconf 78' lang='lat' dir='ltr'>p.</span> <span class='ocrx_word' id='word_1_370' title='bbox 1215 5191 1244 5242; x_wconf 95' lang='lat'>1</span> <span class='ocrx_word' id='word_1_371' title='bbox 1282 5190 1331 5244; x_wconf 84' lang='lat'>5.</span> 
     </span>
    </p>

    <p class='ocr_par' dir='ltr' id='par_1_8' title="bbox 837 5259 1266 5382">
     <span class='ocr_line' id='line_1_57' title="bbox 837 5259 1266 5382; baseline -0.005 -68"><span class='ocrx_word' id='word_1_372' title='bbox 837 5261 899 5382; x_wconf 64' lang='grc'>3)</span> <span class='ocrx_word' id='word_1_373' title='bbox 935 5276 1043 5314; x_wconf 79' lang='lat' dir='ltr'>vox</span> <span class='ocrx_word' id='word_1_374' title='bbox 1075 5259 1266 5315; x_wconf 71' lang='lat' dir='ltr'>dubia.</span> 
     </span>
    </p>

    <p class='ocr_par' dir='ltr' id='par_1_9' title="bbox 877 5330 1026 5394">
     <span class='ocr_line' id='line_1_58' title="bbox 877 5330 1026 5394; baseline -0.027 -10"><span class='ocrx_word' id='word_1_375' title='bbox 877 5337 898 5394; x_wconf 90' lang='lat'><em>)</em></span> <span class='ocrx_word' id='word_1_376' title='bbox 933 5330 1026 5384; x_wconf 82' lang='lat' dir='ltr'>sic.</span> 
     </span>
    </p>
   </div>
   <div class='ocr_carea' id='block_1_6' title="bbox 2634 623 2704 5383">
    <p class='ocr_par' dir='ltr' id='par_1_10' title="bbox 2634 623 2704 5383">
     <span class='ocr_line' id='line_1_59' title="bbox 2634 623 2704 5383; baseline 0 0"><span class='ocrx_word' id='word_1_377' title='bbox 2634 623 2704 5383; x_wconf 95' lang='lat' dir='ltr'> </span> 
     </span>
    </p>
   </div>
   <div class='ocr_carea' id='block_1_7' title="bbox 2741 609 4685 779">
    <p class='ocr_par' dir='ltr' id='par_1_11' title="bbox 2741 609 4685 779">
     <span class='ocr_line' id='line_1_60' title="bbox 2741 609 4685 697; baseline 0.006 -23"><span class='ocrx_word' id='word_1_378' title='bbox 2741 611 2895 675; x_wconf 88' lang='lat' dir='ltr'>rari.</span> <span class='ocrx_word' id='word_1_379' title='bbox 2931 609 3024 697; x_wconf 90' lang='lat'>¹⁰)</span> <span class='ocrx_word' id='word_1_380' title='bbox 3112 612 3434 678; x_wconf 90' lang='lat' dir='ltr'>Dominus</span> <span class='ocrx_word' id='word_1_381' title='bbox 3493 615 3683 681; x_wconf 90' lang='lat' dir='ltr'>Iesus</span> <span class='ocrx_word' id='word_1_382' title='bbox 3741 623 3805 681; x_wconf 85' lang='lat' dir='ltr'>te</span> <span class='ocrx_word' id='word_1_383' title='bbox 3864 625 4205 684; x_wconf 88' lang='lat' dir='ltr'>conservet</span> <span class='ocrx_word' id='word_1_384' title='bbox 4260 619 4451 686; x_wconf 89' lang='lat' dir='ltr'>nobis</span> <span class='ocrx_word' id='word_1_385' title='bbox 4506 641 4685 686; x_wconf 87' lang='lat' dir='ltr'>suae-</span> 
     </span>
     <span class='ocr_line' id='line_1_61' title="bbox 2742 696 4454 779; baseline 0.006 -19"><span class='ocrx_word' id='word_1_386' title='bbox 2742 716 2868 778; x_wconf 92' lang='lat' dir='ltr'>que</span> <span class='ocrx_word' id='word_1_387' title='bbox 2912 696 3237 764; x_wconf 86' lang='lat' dir='ltr'>ecclesiae.</span> <span class='ocrx_word' id='word_1_388' title='bbox 3329 700 3606 779; x_wconf 89' lang='lat' dir='ltr'>Bernae,</span> <span class='ocrx_word' id='word_1_389' title='bbox 3656 707 3712 766; x_wconf 84' lang='lat'>5.</span> <span class='ocrx_word' id='word_1_390' title='bbox 3759 701 4064 768; x_wconf 89' lang='lat' dir='ltr'>Decemb.</span> <span class='ocrx_word' id='word_1_391' title='bbox 4110 706 4308 771; x_wconf 88' lang='lat' dir='ltr'>Anno</span> <span class='ocrx_word' id='word_1_392' title='bbox 4350 710 4454 771; x_wconf 81' lang='lat'>42.</span> 
     </span>
    </p>
   </div>
   <div class='ocr_carea' id='block_1_8' title="bbox 4115 840 4518 909">
    <p class='ocr_par' dir='ltr' id='par_1_12' title="bbox 4115 840 4518 909">
     <span class='ocr_line' id='line_1_62' title="bbox 4115 840 4518 909; baseline 0.007 -3"><span class='ocrx_word' id='word_1_393' title='bbox 4115 842 4189 907; x_wconf 81' lang='grc' dir='ltr'>Τ.</span> <span class='ocrx_word' id='word_1_394' title='bbox 4236 840 4518 909; x_wconf 84' lang='lat' dir='ltr'>Sultzer.</span> 
     </span>
    </p>
   </div>
   <div class='ocr_carea' id='block_1_9' title="bbox 2915 1003 4110 1176">
    <p class='ocr_par' dir='ltr' id='par_1_13' title="bbox 2915 1003 4110 1176">
     <span class='ocr_line' id='line_1_63' title="bbox 2920 1003 4110 1091; baseline 0.006 -21"><span class='ocrx_word' id='word_1_395' title='bbox 2920 1003 3229 1071; x_wconf 82' lang='lat' dir='ltr'>Salutant</span> <span class='ocrx_word' id='word_1_396' title='bbox 3272 1015 3337 1072; x_wconf 92' lang='lat' dir='ltr'>te</span> <span class='ocrx_word' id='word_1_397' title='bbox 3381 1017 3675 1074; x_wconf 88' lang='lat' dir='ltr'>amanter</span> <span class='ocrx_word' id='word_1_398' title='bbox 3723 1007 4110 1091; x_wconf 70' lang='lat' dir='ltr'>Contsenius,</span> 
     </span>
     <span class='ocr_line' id='line_1_64' title="bbox 2915 1090 4040 1176; baseline 0.005 -21"><span class='ocrx_word' id='word_1_399' title='bbox 2915 1090 3174 1172; x_wconf 72' lang='lat' dir='ltr'>BeatuS,</span> <span class='ocrx_word' id='word_1_400' title='bbox 3224 1091 3574 1176; x_wconf 80' lang='lat' dir='ltr'>Grynaeus,</span> <span class='ocrx_word' id='word_1_401' title='bbox 3624 1095 4040 1163; x_wconf 63' lang='lat' dir='ltr'>Telamonius</span> 
     </span>
    </p>
   </div>
   <div class='ocr_carea' id='block_1_10' title="bbox 2929 1572 4499 1781">
    <p class='ocr_par' dir='ltr' id='par_1_14' title="bbox 2929 1572 4499 1781">
     <span class='ocr_line' id='line_1_65' title="bbox 3635 1572 3790 1643; baseline 0.006 -1"><span class='ocrx_word' id='word_1_402' title='bbox 3635 1572 3790 1643; x_wconf 78' lang='lat'>438.</span> 
     </span>
     <span class='ocr_line' id='line_1_66' title="bbox 2929 1703 4499 1781; baseline 0.008 -12"><span class='ocrx_word' id='word_1_403' title='bbox 2929 1703 3189 1770; x_wconf 79' lang='lat' dir='ltr'>ITALI</span> <span class='ocrx_word' id='word_1_404' title='bbox 3232 1705 3714 1776; x_wconf 77' lang='lat' dir='ltr'>MINIS&#39;PRIS</span> <span class='ocrx_word' id='word_1_405' title='bbox 3761 1709 4499 1781; x_wconf 80' lang='lat' dir='ltr'>GENEVENSIBUS.</span> 
     </span>
    </p>
   </div>
   <div class='ocr_carea' id='block_1_11' title="bbox 2730 1874 4687 2135">
    <p class='ocr_par' dir='ltr' id='par_1_15' title="bbox 2730 1874 4687 2135">
     <span class='ocr_line' id='line_1_67' title="bbox 2906 1874 4686 1969; baseline 0.006 -29"><span class='ocrx_word' id='word_1_406' title='bbox 2906 1874 3084 1941; x_wconf 79' lang='lat' dir='ltr'>Inter</span> <span class='ocrx_word' id='word_1_407' title='bbox 3124 1879 3345 1943; x_wconf 80' lang='lat' dir='ltr'>varias</span> <span class='ocrx_word' id='word_1_408' title='bbox 3386 1885 3442 1944; x_wconf 83' lang='lat' dir='ltr'>et</span> <span class='ocrx_word' id='word_1_409' title='bbox 3491 1900 3718 1963; x_wconf 62' lang='lat' dir='ltr'>graves</span> <span class='ocrx_word' id='word_1_410' title='bbox 3758 1882 4191 1949; x_wconf 74' lang='lat' dir='ltr'>tribulationes</span> <span class='ocrx_word' id='word_1_411' title='bbox 4230 1886 4542 1969; x_wconf 73' lang='lat' dir='ltr'>evanyelio</span> <span class='ocrx_word' id='word_1_412' title='bbox 4578 1886 4686 1967; x_wconf 78' lang='lat' dir='ltr'>fir-</span> 
     </span>
     <span class='ocr_line' id='line_1_68' title="bbox 2731 1961 4687 2055; baseline 0.008 -31"><span class='ocrx_word' id='word_1_413' title='bbox 2731 1961 2914 2025; x_wconf 75' lang='lat' dir='ltr'>miter</span> <span class='ocrx_word' id='word_1_414' title='bbox 2977 1982 3051 2028; x_wconf 81' lang='lat' dir='ltr'>ac</span> <span class='ocrx_word' id='word_1_415' title='bbox 3122 1963 3368 2044; x_wconf 73' lang='lat' dir='ltr'>fortiter</span> <span class='ocrx_word' id='word_1_416' title='bbox 3441 1966 3841 2033; x_wconf 72' lang='lat' dir='ltr'>adhaerentes</span> <span class='ocrx_word' id='word_1_417' title='bbox 3912 1968 4367 2037; x_wconf 79' lang='lat' dir='ltr'>Genevensibus</span> <span class='ocrx_word' id='word_1_418' title='bbox 4435 1973 4687 2055; x_wconf 65' lang='lat' dir='ltr'>qratias</span> 
     </span>
     <span class='ocr_line' id='line_1_69' title="bbox 2730 2049 4678 2135; baseline 0.009 -27"><span class='ocrx_word' id='word_1_419' title='bbox 2730 2050 2935 2129; x_wconf 69' lang='lat' dir='ltr'>ayunt,</span> <span class='ocrx_word' id='word_1_420' title='bbox 2981 2053 3037 2112; x_wconf 77' lang='lat' dir='ltr'>et</span> <span class='ocrx_word' id='word_1_421' title='bbox 3088 2049 3166 2114; x_wconf 80' lang='lat' dir='ltr'>de</span> <span class='ocrx_word' id='word_1_422' title='bbox 3217 2068 3380 2115; x_wconf 73' lang='lat' dir='ltr'>sana</span> <span class='ocrx_word' id='word_1_423' title='bbox 3431 2051 3555 2117; x_wconf 79' lang='lat' dir='ltr'>sibi</span> <span class='ocrx_word' id='word_1_424' title='bbox 3609 2073 3844 2135; x_wconf 77' lang='lat' dir='ltr'>quoquc</span> <span class='ocrx_word' id='word_1_425' title='bbox 3894 2055 4129 2121; x_wconf 79' lang='lat' dir='ltr'>tradita</span> <span class='ocrx_word' id='word_1_426' title='bbox 4183 2055 4465 2123; x_wconf 68' lang='lat' dir='ltr'>doomna</span> <span class='ocrx_word' id='word_1_427' title='bbox 4506 2063 4562 2124; x_wconf 81' lang='lat' dir='ltr'>et</span> <span class='ocrx_word' id='word_1_428' title='bbox 4603 2058 4678 2124; x_wconf 79' lang='lat' dir='ltr'>de</span> 
     </span>
    </p>
   </div>
   <div class='ocr_carea' id='block_1_12' title="bbox 2727 2130 4361 2380">
    <p class='ocr_par' dir='ltr' id='par_1_16' title="bbox 2727 2130 4361 2380">
     <span class='ocr_line' id='line_1_70' title="bbox 2727 2130 3773 2219; baseline 0.008 -23"><span class='ocrx_word' id='word_1_429' title='bbox 2727 2130 3037 2213; x_wconf 68' lang='lat' dir='ltr'>beneficiis</span> <span class='ocrx_word' id='word_1_430' title='bbox 3073 2135 3143 2199; x_wconf 80' lang='lat' dir='ltr'>in</span> <span class='ocrx_word' id='word_1_431' title='bbox 3174 2135 3481 2219; x_wconf 72' lang='lat' dir='ltr'>profuyos</span> <span class='ocrx_word' id='word_1_432' title='bbox 3518 2139 3773 2204; x_wconf 79' lang='lat' dir='ltr'>collatis.</span> 
     </span>
     <span class='ocr_line' id='line_1_71' title="bbox 3045 2305 4361 2380; baseline 0.008 -23"><span class='ocrx_word' id='word_1_433' title='bbox 3045 2305 3157 2371; x_wconf 83' lang='lat' dir='ltr'>(Ex</span> <span class='ocrx_word' id='word_1_434' title='bbox 3192 2308 3530 2376; x_wconf 82' lang='lat' dir='ltr'>autographo</span> <span class='ocrx_word' id='word_1_435' title='bbox 3566 2308 3696 2363; x_wconf 87' lang='lat' dir='ltr'>Cod.</span> <span class='ocrx_word' id='word_1_436' title='bbox 3734 2310 3971 2365; x_wconf 84' lang='lat' dir='ltr'>Gothani</span> <span class='ocrx_word' id='word_1_437' title='bbox 4004 2309 4125 2378; x_wconf 82' lang='lat'>404,</span> <span class='ocrx_word' id='word_1_438' title='bbox 4160 2312 4250 2367; x_wconf 80' lang='lat' dir='ltr'>fol.</span> <span class='ocrx_word' id='word_1_439' title='bbox 4289 2313 4361 2380; x_wconf 91' lang='lat'>1.)</span> 
     </span>
    </p>
   </div>
   <div class='ocr_carea' id='block_1_13' title="bbox 2720 2490 4676 2752">
    <p class='ocr_par' dir='ltr' id='par_1_17' title="bbox 2720 2490 4676 2752">
     <span class='ocr_line' id='line_1_72' title="bbox 2894 2490 4676 2579; baseline 0.006 -22"><span class='ocrx_word' id='word_1_440' title='bbox 2894 2490 3151 2559; x_wconf 85' lang='lat' dir='ltr'>Sanctis</span> <span class='ocrx_word' id='word_1_441' title='bbox 3196 2495 3323 2560; x_wconf 93' lang='lat' dir='ltr'>Dei</span> <span class='ocrx_word' id='word_1_442' title='bbox 3365 2497 3477 2579; x_wconf 93' lang='lat' dir='ltr'>qui</span> <span class='ocrx_word' id='word_1_443' title='bbox 3521 2506 3679 2562; x_wconf 90' lang='lat' dir='ltr'>sunt</span> <span class='ocrx_word' id='word_1_444' title='bbox 3719 2499 4027 2566; x_wconf 86' lang='lat' dir='ltr'>ecclesiae</span> <span class='ocrx_word' id='word_1_445' title='bbox 4070 2500 4428 2567; x_wconf 76' lang='lat' dir='ltr'>Cebennae</span> <span class='ocrx_word' id='word_1_446' title='bbox 4470 2523 4676 2568; x_wconf 93' lang='lat' dir='ltr'>mem-</span> 
     </span>
     <span class='ocr_line' id='line_1_73' title="bbox 2720 2577 4676 2655; baseline 0.006 -12"><span class='ocrx_word' id='word_1_447' title='bbox 2720 2577 2857 2643; x_wconf 88' lang='lat' dir='ltr'>bris</span> <span class='ocrx_word' id='word_1_448' title='bbox 2891 2598 2966 2646; x_wconf 90' lang='lat' dir='ltr'>ac</span> <span class='ocrx_word' id='word_1_449' title='bbox 3000 2579 3319 2647; x_wconf 88' lang='lat' dir='ltr'>ministris</span> <span class='ocrx_word' id='word_1_450' title='bbox 3342 2582 3612 2647; x_wconf 91' lang='lat' dir='ltr'>Domini</span> <span class='ocrx_word' id='word_1_451' title='bbox 3647 2583 4045 2652; x_wconf 89' lang='lat' dir='ltr'>fidelissimis</span> <span class='ocrx_word' id='word_1_452' title='bbox 4080 2587 4392 2654; x_wconf 88' lang='lat' dir='ltr'>fratribus</span> <span class='ocrx_word' id='word_1_453' title='bbox 4426 2589 4676 2655; x_wconf 84' lang='lat' dir='ltr'>nostris</span> 
     </span>
     <span class='ocr_line' id='line_1_74' title="bbox 2720 2663 4021 2752; baseline 0.006 -23"><span class='ocrx_word' id='word_1_454' title='bbox 2720 2663 3006 2730; x_wconf 81' lang='lat' dir='ltr'>colendis</span> <span class='ocrx_word' id='word_1_455' title='bbox 3048 2664 3122 2729; x_wconf 92' lang='lat' dir='ltr'>in</span> <span class='ocrx_word' id='word_1_456' title='bbox 3167 2666 3432 2733; x_wconf 89' lang='lat' dir='ltr'>Christo</span> <span class='ocrx_word' id='word_1_457' title='bbox 3477 2676 3546 2733; x_wconf 90' lang='lat' dir='ltr'>et</span> <span class='ocrx_word' id='word_1_458' title='bbox 3584 2670 4021 2752; x_wconf 88' lang='lat' dir='ltr'>peramandis.</span> 
     </span>
    </p>
   </div>
   <div class='ocr_carea' id='block_1_14' title="bbox 2717 2834 4673 2992">
    <p class='ocr_par' dir='ltr' id='par_1_18' title="bbox 2717 2834 4673 2992">
     <span class='ocr_line' id='line_1_75' title="bbox 2717 2834 4673 2937; baseline 0.007 -38"><span class='ocrx_word' id='word_1_459' title='bbox 2717 2834 2956 2901; x_wconf 80' lang='lat' dir='ltr'>Gratia</span> <span class='ocrx_word' id='word_1_460' title='bbox 2995 2835 3129 2901; x_wconf 91' lang='lat' dir='ltr'>Dei</span> <span class='ocrx_word' id='word_1_461' title='bbox 3172 2837 3358 2903; x_wconf 90' lang='lat' dir='ltr'>vobis</span> <span class='ocrx_word' id='word_1_462' title='bbox 3402 2847 3471 2937; x_wconf 75' lang='lat' dir='ltr'>et</span> <span class='ocrx_word' id='word_1_463' title='bbox 3524 2860 3657 2922; x_wconf 86' lang='lat' dir='ltr'>pax</span> <span class='ocrx_word' id='word_1_464' title='bbox 3714 2861 3834 2923; x_wconf 91' lang='lat' dir='ltr'>per</span> <span class='ocrx_word' id='word_1_465' title='bbox 3874 2841 4099 2907; x_wconf 90' lang='lat' dir='ltr'>Iesum</span> <span class='ocrx_word' id='word_1_466' title='bbox 4142 2841 4484 2911; x_wconf 80' lang='lat' dir='ltr'>Christum</span> <span class='ocrx_word' id='word_1_467' title='bbox 4527 2845 4673 2913; x_wconf 89' lang='lat' dir='ltr'>Do-</span> 
     </span>
     <span class='ocr_line' id='line_1_76' title="bbox 3382 2933 3994 2992; baseline 0.007 -3"><span class='ocrx_word' id='word_1_468' title='bbox 3382 2945 3633 2990; x_wconf 80' lang='lat' dir='ltr'>minum</span> <span class='ocrx_word' id='word_1_469' title='bbox 3680 2933 3994 2992; x_wconf 88' lang='lat' dir='ltr'>nostrum.</span> 
     </span>
    </p>
   </div>
   <div class='ocr_carea' id='block_1_15' title="bbox 2701 3056 4671 3911">
    <p class='ocr_par' dir='ltr' id='par_1_19' title="bbox 2709 3056 4671 3323">
     <span class='ocr_line' id='line_1_77' title="bbox 2882 3056 4671 3147; baseline 0.008 -27"><span class='ocrx_word' id='word_1_470' title='bbox 2882 3056 3031 3121; x_wconf 90' lang='lat' dir='ltr'>Non</span> <span class='ocrx_word' id='word_1_471' title='bbox 3074 3058 3477 3142; x_wconf 90' lang='lat' dir='ltr'>ignoramus,</span> <span class='ocrx_word' id='word_1_472' title='bbox 3538 3062 3802 3140; x_wconf 82' lang='lat' dir='ltr'>fratres,</span> <span class='ocrx_word' id='word_1_473' title='bbox 3860 3084 4058 3147; x_wconf 90' lang='lat' dir='ltr'>quam</span> <span class='ocrx_word' id='word_1_474' title='bbox 4103 3067 4221 3131; x_wconf 88' lang='lat' dir='ltr'>toti</span> <span class='ocrx_word' id='word_1_475' title='bbox 4272 3066 4346 3131; x_wconf 90' lang='lat' dir='ltr'>in</span> <span class='ocrx_word' id='word_1_476' title='bbox 4390 3067 4514 3133; x_wconf 91' lang='lat' dir='ltr'>hoc</span> <span class='ocrx_word' id='word_1_477' title='bbox 4560 3068 4671 3135; x_wconf 90' lang='lat' dir='ltr'>die</span> 
     </span>
     <span class='ocr_line' id='line_1_78' title="bbox 2710 3143 4671 3238; baseline 0.008 -32"><span class='ocrx_word' id='word_1_478' title='bbox 2710 3149 3035 3225; x_wconf 85' lang='lat' dir='ltr'>noctuque</span> <span class='ocrx_word' id='word_1_479' title='bbox 3089 3143 3534 3223; x_wconf 89' lang='lat' dir='ltr'>incubueritis,</span> <span class='ocrx_word' id='word_1_480' title='bbox 3590 3154 3667 3212; x_wconf 90' lang='lat' dir='ltr'>ut</span> <span class='ocrx_word' id='word_1_481' title='bbox 3709 3168 3830 3214; x_wconf 89' lang='lat' dir='ltr'>nos</span> <span class='ocrx_word' id='word_1_482' title='bbox 3875 3170 3915 3214; x_wconf 91' lang='lat' dir='ltr'>a</span> <span class='ocrx_word' id='word_1_483' title='bbox 3956 3150 4200 3218; x_wconf 88' lang='lat' dir='ltr'>veteris</span> <span class='ocrx_word' id='word_1_484' title='bbox 4253 3153 4671 3238; x_wconf 87' lang='lat' dir='ltr'>ignorantiae</span> 
     </span>
     <span class='ocr_line' id='line_1_79' title="bbox 2709 3229 4670 3323; baseline 0.007 -31"><span class='ocrx_word' id='word_1_485' title='bbox 2709 3248 2936 3293; x_wconf 91' lang='lat' dir='ltr'>somno</span> <span class='ocrx_word' id='word_1_486' title='bbox 2992 3229 3384 3309; x_wconf 86' lang='lat' dir='ltr'>excitaretis,</span> <span class='ocrx_word' id='word_1_487' title='bbox 3442 3251 3520 3298; x_wconf 91' lang='lat' dir='ltr'>ac</span> <span class='ocrx_word' id='word_1_488' title='bbox 3574 3253 3695 3317; x_wconf 91' lang='lat' dir='ltr'>per</span> <span class='ocrx_word' id='word_1_489' title='bbox 3749 3254 3868 3301; x_wconf 90' lang='lat' dir='ltr'>vos</span> <span class='ocrx_word' id='word_1_490' title='bbox 3911 3234 4162 3301; x_wconf 81' lang='lat' dir='ltr'>Christi</span> <span class='ocrx_word' id='word_1_491' title='bbox 4216 3259 4421 3323; x_wconf 91' lang='lat' dir='ltr'>regno</span> <span class='ocrx_word' id='word_1_492' title='bbox 4476 3240 4670 3307; x_wconf 90' lang='lat' dir='ltr'>nobis</span> 
     </span>
    </p>

    <p class='ocr_par' dir='ltr' id='par_1_20' title="bbox 2701 3314 4668 3911">
     <span class='ocr_line' id='line_1_80' title="bbox 2751 3314 4666 3408; baseline 0.007 -31"><span class='ocrx_word' id='word_1_493' title='bbox 2751 3314 3026 3379; x_wconf 85' lang='lat' dir='ltr'>atefacto</span> <span class='ocrx_word' id='word_1_494' title='bbox 3069 3314 3519 3382; x_wconf 85' lang='lat' dir='ltr'>Antichristus</span> <span class='ocrx_word' id='word_1_495' title='bbox 3572 3338 3827 3402; x_wconf 91' lang='lat' dir='ltr'>quoque</span> <span class='ocrx_word' id='word_1_496' title='bbox 3882 3321 3975 3387; x_wconf 89' lang='lat' dir='ltr'>sic</span> <span class='ocrx_word' id='word_1_497' title='bbox 4032 3321 4146 3387; x_wconf 90' lang='lat' dir='ltr'>diu</span> <span class='ocrx_word' id='word_1_498' title='bbox 4202 3324 4469 3408; x_wconf 84' lang='lat' dir='ltr'>ignotus</span> <span class='ocrx_word' id='word_1_499' title='bbox 4510 3335 4666 3392; x_wconf 86' lang='lat' dir='ltr'>tan·</span> 
     </span>
     <span class='ocr_line' id='line_1_81' title="bbox 2751 3399 4668 3491; baseline 0.007 -28"><span class='ocrx_word' id='word_1_500' title='bbox 2751 3419 2855 3472; x_wconf 88' lang='lat' dir='ltr'>em</span> <span class='ocrx_word' id='word_1_501' title='bbox 2908 3399 3197 3482; x_wconf 88' lang='lat' dir='ltr'>prodiret</span> <span class='ocrx_word' id='word_1_502' title='bbox 3250 3402 3320 3465; x_wconf 93' lang='lat' dir='ltr'>in</span> <span class='ocrx_word' id='word_1_503' title='bbox 3375 3402 3605 3468; x_wconf 88' lang='lat' dir='ltr'>lucem.</span> <span class='ocrx_word' id='word_1_504' title='bbox 3692 3405 3799 3470; x_wconf 92' lang='lat' dir='ltr'>De</span> <span class='ocrx_word' id='word_1_505' title='bbox 3855 3427 3985 3489; x_wconf 89' lang='lat' dir='ltr'>qua</span> <span class='ocrx_word' id='word_1_506' title='bbox 4042 3428 4114 3473; x_wconf 93' lang='lat' dir='ltr'>re</span> <span class='ocrx_word' id='word_1_507' title='bbox 4156 3429 4355 3491; x_wconf 89' lang='lat' dir='ltr'>quum</span> <span class='ocrx_word' id='word_1_508' title='bbox 4400 3408 4549 3477; x_wconf 90' lang='lat' dir='ltr'>Deo</span> <span class='ocrx_word' id='word_1_509' title='bbox 4596 3420 4668 3479; x_wconf 91' lang='lat' dir='ltr'>et</span> 
     </span>
     <span class='ocr_line' id='line_1_82' title="bbox 2705 3485 4665 3578; baseline 0.01 -32"><span class='ocrx_word' id='word_1_510' title='bbox 2705 3485 2876 3566; x_wconf 92' lang='lat' dir='ltr'>patri</span> <span class='ocrx_word' id='word_1_511' title='bbox 2938 3485 3340 3551; x_wconf 86' lang='lat' dir='ltr'>immortales</span> <span class='ocrx_word' id='word_1_512' title='bbox 3403 3488 3651 3571; x_wconf 87' lang='lat' dir='ltr'>gratias</span> <span class='ocrx_word' id='word_1_513' title='bbox 3710 3510 3968 3574; x_wconf 91' lang='lat' dir='ltr'>semper</span> <span class='ocrx_word' id='word_1_514' title='bbox 4040 3495 4396 3578; x_wconf 88' lang='lat' dir='ltr'>egerimus,</span> <span class='ocrx_word' id='word_1_515' title='bbox 4474 3519 4665 3566; x_wconf 90' lang='lat' dir='ltr'>nunc</span> 
     </span>
     <span class='ocr_line' id='line_1_83' title="bbox 2705 3570 4665 3667; baseline 0.01 -35"><span class='ocrx_word' id='word_1_516' title='bbox 2705 3570 2909 3634; x_wconf 84' lang='lat' dir='ltr'>multo</span> <span class='ocrx_word' id='word_1_517' title='bbox 2974 3571 3200 3655; x_wconf 91' lang='lat' dir='ltr'>magis,</span> <span class='ocrx_word' id='word_1_518' title='bbox 3280 3572 3434 3655; x_wconf 90' lang='lat' dir='ltr'>quia</span> <span class='ocrx_word' id='word_1_519' title='bbox 3509 3573 3796 3656; x_wconf 91' lang='lat' dir='ltr'>quotidie</span> <span class='ocrx_word' id='word_1_520' title='bbox 3871 3578 4043 3661; x_wconf 91' lang='lat' dir='ltr'>apud</span> <span class='ocrx_word' id='word_1_521' title='bbox 4120 3601 4240 3647; x_wconf 90' lang='lat' dir='ltr'>nos</span> <span class='ocrx_word' id='word_1_522' title='bbox 4316 3584 4665 3667; x_wconf 88' lang='lat' dir='ltr'>utriusque</span> 
     </span>
     <span class='ocr_line' id='line_1_84' title="bbox 2703 3655 4662 3747; baseline 0.009 -28"><span class='ocrx_word' id='word_1_523' title='bbox 2703 3655 2987 3737; x_wconf 90' lang='lat' dir='ltr'>cognitio</span> <span class='ocrx_word' id='word_1_524' title='bbox 3050 3657 3470 3723; x_wconf 88' lang='lat' dir='ltr'>increbrescit</span> <span class='ocrx_word' id='word_1_525' title='bbox 3540 3668 3948 3745; x_wconf 89' lang='lat' dir='ltr'>augeturque</span> <span class='ocrx_word' id='word_1_526' title='bbox 4023 3685 4159 3730; x_wconf 91' lang='lat' dir='ltr'>non</span> <span class='ocrx_word' id='word_1_527' title='bbox 4222 3667 4662 3747; x_wconf 87' lang='lat' dir='ltr'>mediocriter,</span> 
     </span>
     <span class='ocr_line' id='line_1_85' title="bbox 2701 3739 4665 3835; baseline 0.011 -33"><span class='ocrx_word' id='word_1_528' title='bbox 2701 3739 2854 3805; x_wconf 91' lang='lat' dir='ltr'>licet</span> <span class='ocrx_word' id='word_1_529' title='bbox 2896 3740 3155 3806; x_wconf 89' lang='lat' dir='ltr'>diverso</span> <span class='ocrx_word' id='word_1_530' title='bbox 3198 3765 3418 3808; x_wconf 92' lang='lat' dir='ltr'>rerum</span> <span class='ocrx_word' id='word_1_531' title='bbox 3463 3754 3726 3811; x_wconf 90' lang='lat' dir='ltr'>eventu.</span> <span class='ocrx_word' id='word_1_532' title='bbox 3807 3747 3978 3812; x_wconf 91' lang='lat' dir='ltr'>Nam</span> <span class='ocrx_word' id='word_1_533' title='bbox 4020 3750 4182 3826; x_wconf 85' lang='lat' dir='ltr'>eius,</span> <span class='ocrx_word' id='word_1_534' title='bbox 4228 3753 4340 3835; x_wconf 91' lang='lat' dir='ltr'>qui</span> <span class='ocrx_word' id='word_1_535' title='bbox 4381 3775 4503 3819; x_wconf 89' lang='lat' dir='ltr'>nos</span> <span class='ocrx_word' id='word_1_536' title='bbox 4548 3776 4665 3822; x_wconf 86' lang='lat' dir='ltr'>ac-</span> 
     </span>
     <span class='ocr_line' id='line_1_86' title="bbox 2702 3826 4661 3911; baseline 0.01 -22"><span class='ocrx_word' id='word_1_537' title='bbox 2702 3826 2970 3908; x_wconf 88' lang='lat' dir='ltr'>quisivit</span> <span class='ocrx_word' id='word_1_538' title='bbox 3008 3827 3329 3911; x_wconf 90' lang='lat' dir='ltr'>sangnine</span> <span class='ocrx_word' id='word_1_539' title='bbox 3372 3849 3517 3909; x_wconf 91' lang='lat' dir='ltr'>suo,</span> <span class='ocrx_word' id='word_1_540' title='bbox 3578 3852 3835 3897; x_wconf 91' lang='lat' dir='ltr'>summa</span> <span class='ocrx_word' id='word_1_541' title='bbox 3886 3835 3964 3898; x_wconf 93' lang='lat' dir='ltr'>fit</span> <span class='ocrx_word' id='word_1_542' title='bbox 4019 3839 4323 3904; x_wconf 88' lang='lat' dir='ltr'>accessio:</span> <span class='ocrx_word' id='word_1_543' title='bbox 4383 3839 4661 3908; x_wconf 88' lang='lat' dir='ltr'>alterius</span> 
     </span>
    </p>
   </div>
   <div class='ocr_carea' id='block_1_16' title="bbox 2700 3912 4680 4004">
    <p class='ocr_par' dir='ltr' id='par_1_21' title="bbox 2700 3912 4680 4004">
     <span class='ocr_line' id='line_1_87' title="bbox 2700 3912 4680 4004; baseline 0.01 -30"><span class='ocrx_word' id='word_1_544' title='bbox 2700 3931 2876 3989; x_wconf 90' lang='lat' dir='ltr'>vero,</span> <span class='ocrx_word' id='word_1_545' title='bbox 2932 3912 3042 3993; x_wconf 90' lang='lat' dir='ltr'>qui</span> <span class='ocrx_word' id='word_1_546' title='bbox 3085 3913 3227 3977; x_wconf 84' lang='lat' dir='ltr'>vult</span> <span class='ocrx_word' id='word_1_547' title='bbox 3271 3936 3388 3979; x_wconf 91' lang='lat' dir='ltr'>nos</span> <span class='ocrx_word' id='word_1_548' title='bbox 3443 3914 3715 3999; x_wconf 89' lang='lat' dir='ltr'>perdere</span> <span class='ocrx_word' id='word_1_549' title='bbox 3773 3920 4184 3987; x_wconf 87' lang='lat' dir='ltr'>immanitate</span> <span class='ocrx_word' id='word_1_550' title='bbox 4242 3945 4379 4004; x_wconf 91' lang='lat' dir='ltr'>sua,</span> <span class='ocrx_word' id='word_1_551' title='bbox 4439 3927 4680 3993; x_wconf 89' lang='lat' dir='ltr'>multa-</span> 
     </span>
    </p>
   </div>
   <div class='ocr_carea' id='block_1_17' title="bbox 2687 3995 4659 5122">
    <p class='ocr_par' dir='ltr' id='par_1_22' title="bbox 2687 3995 4659 5122">
     <span class='ocr_line' id='line_1_88' title="bbox 2698 3995 4658 4093; baseline 0.009 -33"><span class='ocrx_word' id='word_1_552' title='bbox 2698 3995 2936 4078; x_wconf 89' lang='lat' dir='ltr'>ubique</span> <span class='ocrx_word' id='word_1_553' title='bbox 2981 3998 3271 4064; x_wconf 88' lang='lat' dir='ltr'>cernitur</span> <span class='ocrx_word' id='word_1_554' title='bbox 3312 3999 3675 4082; x_wconf 81' lang='lat' dir='ltr'>diminutiO,</span> <span class='ocrx_word' id='word_1_555' title='bbox 3728 4003 3824 4069; x_wconf 91' lang='lat' dir='ltr'>ita</span> <span class='ocrx_word' id='word_1_556' title='bbox 3864 4014 3939 4070; x_wconf 91' lang='lat' dir='ltr'>ut</span> <span class='ocrx_word' id='word_1_557' title='bbox 3995 4028 4257 4090; x_wconf 91' lang='lat' dir='ltr'>sperare</span> <span class='ocrx_word' id='word_1_558' title='bbox 4309 4012 4658 4093; x_wconf 87' lang='lat' dir='ltr'>possimus,</span> 
     </span>
     <span class='ocr_line' id='line_1_89' title="bbox 2699 4080 4659 4179; baseline 0.01 -35"><span class='ocrx_word' id='word_1_559' title='bbox 2699 4080 2883 4146; x_wconf 92' lang='lat' dir='ltr'>brevi</span> <span class='ocrx_word' id='word_1_560' title='bbox 2928 4102 3006 4147; x_wconf 89' lang='lat' dir='ltr'>ea</span> <span class='ocrx_word' id='word_1_561' title='bbox 3039 4104 3156 4149; x_wconf 92' lang='lat' dir='ltr'>nos</span> <span class='ocrx_word' id='word_1_562' title='bbox 3191 4087 3590 4167; x_wconf 89' lang='lat' dir='ltr'>captivitate,</span> <span class='ocrx_word' id='word_1_563' title='bbox 3638 4110 3766 4171; x_wconf 91' lang='lat' dir='ltr'>qua</span> <span class='ocrx_word' id='word_1_564' title='bbox 3809 4092 4221 4159; x_wconf 90' lang='lat' dir='ltr'>acerbissime</span> <span class='ocrx_word' id='word_1_565' title='bbox 4263 4097 4659 4179; x_wconf 90' lang='lat' dir='ltr'>premimur,</span> 
     </span>
     <span class='ocr_line' id='line_1_90' title="bbox 2697 4166 4657 4270; baseline 0.01 -40"><span class='ocrx_word' id='word_1_566' title='bbox 2697 4166 3149 4255; x_wconf 46' lang='lat' dir='ltr'>redemptosff)</span> <span class='ocrx_word' id='word_1_567' title='bbox 3193 4170 3324 4270; x_wconf 26' lang='lat' dir='ltr'>‘irin</span> <span class='ocrx_word' id='word_1_568' title='bbox 3350 4175 3739 4254; x_wconf 87' lang='lat' dir='ltr'>praesertim</span> <span class='ocrx_word' id='word_1_569' title='bbox 3783 4176 3955 4259; x_wconf 87' lang='lat' dir='ltr'>quod</span> <span class='ocrx_word' id='word_1_570' title='bbox 3997 4178 4299 4247; x_wconf 90' lang='lat' dir='ltr'>videmus</span> <span class='ocrx_word' id='word_1_571' title='bbox 4354 4182 4657 4249; x_wconf 89' lang='lat' dir='ltr'>studium</span> 
     </span>
     <span class='ocr_line' id='line_1_91' title="bbox 2698 4253 4656 4353; baseline 0.009 -36"><span class='ocrx_word' id='word_1_572' title='bbox 2698 4261 2991 4317; x_wconf 89' lang='lat' dir='ltr'>vestrum</span> <span class='ocrx_word' id='word_1_573' title='bbox 3056 4253 3244 4353; x_wconf 78' lang='lat' dir='ltr'>nobis</span> <span class='ocrx_word' id='word_1_574' title='bbox 3306 4278 3378 4320; x_wconf 88' lang='lat' dir='ltr'>m</span> <span class='ocrx_word' id='word_1_575' title='bbox 3444 4279 3522 4323; x_wconf 93' lang='lat' dir='ltr'>ea</span> <span class='ocrx_word' id='word_1_576' title='bbox 3577 4281 3649 4325; x_wconf 92' lang='lat' dir='ltr'>re</span> <span class='ocrx_word' id='word_1_577' title='bbox 3705 4282 3839 4326; x_wconf 90' lang='lat' dir='ltr'>non</span> <span class='ocrx_word' id='word_1_578' title='bbox 3896 4262 4290 4343; x_wconf 86' lang='lat' dir='ltr'>defuturum,</span> <span class='ocrx_word' id='word_1_579' title='bbox 4348 4267 4656 4352; x_wconf 89' lang='lat' dir='ltr'>nihilque</span> 
     </span>
     <span class='ocr_line' id='line_1_92' title="bbox 2697 4340 4655 4433; baseline 0.011 -33"><span class='ocrx_word' id='word_1_580' title='bbox 2697 4340 3128 4420; x_wconf 84' lang='lat' dir='ltr'>praetermitt1</span> <span class='ocrx_word' id='word_1_581' title='bbox 3179 4361 3218 4404; x_wconf 92' lang='lat' dir='ltr'>a</span> <span class='ocrx_word' id='word_1_582' title='bbox 3272 4343 3457 4409; x_wconf 90' lang='lat' dir='ltr'>vobis</span> <span class='ocrx_word' id='word_1_583' title='bbox 3511 4345 3582 4410; x_wconf 92' lang='lat' dir='ltr'>in</span> <span class='ocrx_word' id='word_1_584' title='bbox 3636 4367 3763 4429; x_wconf 91' lang='lat' dir='ltr'>quo</span> <span class='ocrx_word' id='word_1_585' title='bbox 3814 4348 4042 4414; x_wconf 90' lang='lat' dir='ltr'>iuvare</span> <span class='ocrx_word' id='word_1_586' title='bbox 4096 4352 4364 4433; x_wconf 88' lang='lat' dir='ltr'>possitis</span> <span class='ocrx_word' id='word_1_587' title='bbox 4406 4354 4655 4422; x_wconf 90' lang='lat' dir='ltr'>electos</span> 
     </span>
     <span class='ocr_line' id='line_1_93' title="bbox 2696 4423 4653 4508; baseline 0.01 -21"><span class='ocrx_word' id='word_1_588' title='bbox 2696 4423 2843 4502; x_wconf 89' lang='lat' dir='ltr'>Dei,</span> <span class='ocrx_word' id='word_1_589' title='bbox 2896 4425 3010 4506; x_wconf 90' lang='lat' dir='ltr'>qui</span> <span class='ocrx_word' id='word_1_590' title='bbox 3054 4425 3248 4492; x_wconf 89' lang='lat' dir='ltr'>modo</span> <span class='ocrx_word' id='word_1_591' title='bbox 3292 4448 3407 4508; x_wconf 91' lang='lat' dir='ltr'>pro</span> <span class='ocrx_word' id='word_1_592' title='bbox 3450 4431 3713 4497; x_wconf 89' lang='lat' dir='ltr'>nomine</span> <span class='ocrx_word' id='word_1_593' title='bbox 3756 4434 3895 4499; x_wconf 90' lang='lat' dir='ltr'>eius</span> <span class='ocrx_word' id='word_1_594' title='bbox 3945 4434 4042 4502; x_wconf 88' lang='lat' dir='ltr'>sic</span> <span class='ocrx_word' id='word_1_595' title='bbox 4083 4436 4434 4504; x_wconf 88' lang='lat' dir='ltr'>crudeliter</span> <span class='ocrx_word' id='word_1_596' title='bbox 4476 4442 4653 4506; x_wconf 87' lang='lat' dir='ltr'>affli-</span> 
     </span>
     <span class='ocr_line' id='line_1_94' title="bbox 2696 4511 4653 4600; baseline 0.01 -27"><span class='ocrx_word' id='word_1_597' title='bbox 2696 4518 2962 4592; x_wconf 87' lang='lat' dir='ltr'>guntur.</span> <span class='ocrx_word' id='word_1_598' title='bbox 3032 4511 3433 4579; x_wconf 90' lang='lat' dir='ltr'>Audivimus</span> <span class='ocrx_word' id='word_1_599' title='bbox 3473 4517 3653 4581; x_wconf 82' lang='lat' dir='ltr'>enim</span> <span class='ocrx_word' id='word_1_600' title='bbox 3687 4538 3883 4600; x_wconf 90' lang='lat' dir='ltr'>quam</span> <span class='ocrx_word' id='word_1_601' title='bbox 3919 4520 4177 4586; x_wconf 87' lang='lat' dir='ltr'>ardenti</span> <span class='ocrx_word' id='word_1_602' title='bbox 4221 4525 4493 4590; x_wconf 88' lang='lat' dir='ltr'>caritate</span> <span class='ocrx_word' id='word_1_603' title='bbox 4528 4547 4653 4592; x_wconf 86' lang='lat' dir='ltr'>ex-</span> 
     </span>
     <span class='ocr_line' id='line_1_95' title="bbox 2694 4597 4651 4691; baseline 0.009 -31"><span class='ocrx_word' id='word_1_604' title='bbox 2694 4597 2996 4678; x_wconf 91' lang='lat' dir='ltr'>ceperitis</span> <span class='ocrx_word' id='word_1_605' title='bbox 3061 4597 3296 4664; x_wconf 89' lang='lat' dir='ltr'>fratres</span> <span class='ocrx_word' id='word_1_606' title='bbox 3360 4610 3619 4668; x_wconf 87' lang='lat' dir='ltr'>nostros</span> <span class='ocrx_word' id='word_1_607' title='bbox 3698 4605 4102 4688; x_wconf 84' lang='lat' dir='ltr'>transfugas,</span> <span class='ocrx_word' id='word_1_608' title='bbox 4180 4629 4378 4691; x_wconf 86' lang='lat' dir='ltr'>quam</span> <span class='ocrx_word' id='word_1_609' title='bbox 4442 4612 4651 4677; x_wconf 87' lang='lat' dir='ltr'>etiam</span> 
     </span>
     <span class='ocr_line' id='line_1_96' title="bbox 2693 4681 4651 4770; baseline 0.01 -25"><span class='ocrx_word' id='word_1_610' title='bbox 2693 4701 2869 4746; x_wconf 91' lang='lat' dir='ltr'>nunc</span> <span class='ocrx_word' id='word_1_611' title='bbox 2910 4681 3191 4766; x_wconf 89' lang='lat' dir='ltr'>benigne</span> <span class='ocrx_word' id='word_1_612' title='bbox 3232 4688 3542 4763; x_wconf 88' lang='lat' dir='ltr'>tractetis,</span> <span class='ocrx_word' id='word_1_613' title='bbox 3589 4708 3785 4770; x_wconf 84' lang='lat' dir='ltr'>quam</span> <span class='ocrx_word' id='word_1_614' title='bbox 3822 4709 4232 4758; x_wconf 89' lang='lat' dir='ltr'>communem</span> <span class='ocrx_word' id='word_1_615' title='bbox 4266 4716 4492 4761; x_wconf 89' lang='lat' dir='ltr'>eorum</span> <span class='ocrx_word' id='word_1_616' title='bbox 4534 4719 4651 4763; x_wconf 86' lang='lat' dir='ltr'>ca-</span> 
     </span>
     <span class='ocr_line' id='line_1_97' title="bbox 2694 4769 4649 4859; baseline 0.009 -27"><span class='ocrx_word' id='word_1_617' title='bbox 2694 4788 2859 4844; x_wconf 90' lang='lat' dir='ltr'>sum,</span> <span class='ocrx_word' id='word_1_618' title='bbox 2880 4769 3096 4834; x_wconf 79' lang='lat' dir='ltr'>sicuti</span> <span class='ocrx_word' id='word_1_619' title='bbox 3132 4778 3250 4846; x_wconf 90' lang='lat' dir='ltr'>est,</span> <span class='ocrx_word' id='word_1_620' title='bbox 3288 4773 3908 4840; x_wconf 89' lang='lat' dir='ltr'>commiserescendo</span> <span class='ocrx_word' id='word_1_621' title='bbox 3943 4776 4245 4859; x_wconf 88' lang='lat' dir='ltr'>feceritis,</span> <span class='ocrx_word' id='word_1_622' title='bbox 4281 4783 4649 4849; x_wconf 85' lang='lat' dir='ltr'>sentientes</span> 
     </span>
     <span class='ocr_line' id='line_1_98' title="bbox 2692 4852 4647 4947; baseline 0.01 -31"><span class='ocrx_word' id='word_1_623' title='bbox 2692 4852 2760 4916; x_wconf 91' lang='lat' dir='ltr'>id</span> <span class='ocrx_word' id='word_1_624' title='bbox 2804 4854 2875 4918; x_wconf 92' lang='lat' dir='ltr'>in</span> <span class='ocrx_word' id='word_1_625' title='bbox 2910 4853 3092 4919; x_wconf 91' lang='lat' dir='ltr'>vobis</span> <span class='ocrx_word' id='word_1_626' title='bbox 3126 4856 3296 4938; x_wconf 90' lang='lat' dir='ltr'>quod</span> <span class='ocrx_word' id='word_1_627' title='bbox 3341 4868 3406 4923; x_wconf 92' lang='lat' dir='ltr'>et</span> <span class='ocrx_word' id='word_1_628' title='bbox 3446 4859 3516 4923; x_wconf 92' lang='lat' dir='ltr'>in</span> <span class='ocrx_word' id='word_1_629' title='bbox 3553 4858 3818 4925; x_wconf 88' lang='lat' dir='ltr'>Christo</span> <span class='ocrx_word' id='word_1_630' title='bbox 3852 4861 4022 4942; x_wconf 90' lang='lat' dir='ltr'>Iesu,</span> <span class='ocrx_word' id='word_1_631' title='bbox 4069 4866 4183 4947; x_wconf 91' lang='lat' dir='ltr'>qui</span> <span class='ocrx_word' id='word_1_632' title='bbox 4219 4868 4427 4932; x_wconf 88' lang='lat' dir='ltr'>nostri</span> <span class='ocrx_word' id='word_1_633' title='bbox 4461 4889 4647 4935; x_wconf 87' lang='lat' dir='ltr'>com-</span> 
     </span>
     <span class='ocr_line' id='line_1_99' title="bbox 2692 4939 4648 5033; baseline 0.009 -31"><span class='ocrx_word' id='word_1_634' title='bbox 2692 4939 3108 5004; x_wconf 88' lang='lat' dir='ltr'>miseratione</span> <span class='ocrx_word' id='word_1_635' title='bbox 3183 4942 3509 5024; x_wconf 89' lang='lat' dir='ltr'>impulsus</span> <span class='ocrx_word' id='word_1_636' title='bbox 3573 4944 3829 5028; x_wconf 88' lang='lat' dir='ltr'>lignum</span> <span class='ocrx_word' id='word_1_637' title='bbox 3906 4950 4114 5014; x_wconf 89' lang='lat' dir='ltr'>crucis</span> <span class='ocrx_word' id='word_1_638' title='bbox 4192 4952 4500 5033; x_wconf 90' lang='lat' dir='ltr'>ascendit,</span> <span class='ocrx_word' id='word_1_639' title='bbox 4562 4964 4648 5020; x_wconf 88' lang='lat' dir='ltr'>ut</span> 
     </span>
     <span class='ocr_line' id='line_1_100' title="bbox 2687 5027 4641 5122; baseline 0.01 -35"><span class='ocrx_word' id='word_1_640' title='bbox 2687 5033 3001 5107; x_wconf 88' lang='lat' dir='ltr'>perpetuo</span> <span class='ocrx_word' id='word_1_641' title='bbox 3025 5027 3414 5108; x_wconf 86' lang='lat' dir='ltr'>viveremus,</span> <span class='ocrx_word' id='word_1_642' title='bbox 3452 5050 3648 5112; x_wconf 92' lang='lat' dir='ltr'>quam</span> <span class='ocrx_word' id='word_1_643' title='bbox 3679 5031 3788 5113; x_wconf 90' lang='lat' dir='ltr'>pie</span> <span class='ocrx_word' id='word_1_644' title='bbox 3822 5052 3931 5099; x_wconf 90' lang='lat' dir='ltr'>eos</span> <span class='ocrx_word' id='word_1_645' title='bbox 3966 5056 4139 5101; x_wconf 90' lang='lat' dir='ltr'>nunc</span> <span class='ocrx_word' id='word_1_646' title='bbox 4173 5036 4641 5122; x_wconf 90' lang='lat' dir='ltr'>adhortemini,</span> 
     </span>
    </p>
   </div>
   <div class='ocr_carea' id='block_1_18' title="bbox 2908 5182 3091 5191">
    <p class='ocr_par' dir='ltr' id='par_1_23' title="bbox 2908 5182 3091 5191">
     <span class='ocr_line' id='line_1_101' title="bbox 2908 5182 3091 5191; baseline 0 0"><span class='ocrx_word' id='word_1_647' title='bbox 2908 5182 3091 5191; x_wconf 95' lang='lat' dir='ltr'> </span> 
     </span>
    </p>
   </div>
   <div class='ocr_carea' id='block_1_19' title="bbox 2718 5263 3083 5398">
    <p class='ocr_par' dir='ltr' id='par_1_24' title="bbox 2718 5263 3083 5398">
     <span class='ocr_line' id='line_1_102' title="bbox 2718 5263 3083 5398; baseline -0.008 -10"><span class='ocrx_word' id='word_1_648' title='bbox 2718 5263 2949 5398; x_wconf 58' lang='grc' dir='ltr'><strong>4381Ῡῖ</strong></span> <span class='ocrx_word' id='word_1_649' title='bbox 2983 5263 3083 5385; x_wconf 64' lang='grc' dir='ltr'>55Ῑὲ</span> 
     </span>
    </p>
   </div>
   <div class='ocr_carea' id='block_1_20' title="bbox 4973 5 5044 3012">
    <p class='ocr_par' dir='ltr' id='par_1_25' title="bbox 4973 5 5044 3012">
     <span class='ocr_line' id='line_1_103' title="bbox 4973 5 5044 3012; baseline 0 0"><span class='ocrx_word' id='word_1_650' title='bbox 4973 5 5044 3012; x_wconf 95' lang='lat' dir='ltr'> </span> 
     </span>
    </p>
   </div>
   <div class='ocr_carea' id='block_1_21' title="bbox 5001 3805 5016 4364">
    <p class='ocr_par' dir='ltr' id='par_1_26' title="bbox 5001 3805 5016 4364">
     <span class='ocr_line' id='line_1_104' title="bbox 5001 3805 5016 4364; baseline 0 0"><span class='ocrx_word' id='word_1_651' title='bbox 5001 3805 5016 4364; x_wconf 95' lang='lat' dir='ltr'> </span> 
     </span>
    </p>
   </div>
  </div>
 </body>
</html>
