5050 6167
634 386 761 449 383

634 569 748 637 nbi
803 567 1088 634 reddidit
1150 586 1384 631 aureos
1440 564 1701 648 recepit.
1791 563 1973 630 Olim
2029 564 2360 648 displicuit
2421 564 2589 629 mihi

633 656 776 723 vita
817 656 956 720 eius
1003 673 1189 737 vaga,
1233 674 1366 716 non
1409 650 1595 733 potui
1635 661 1858 715 tamen
1892 650 2189 715 divinare
2232 650 2389 732 quid
2434 671 2588 734 age-

633 748 756 820 ret,
810 741 1196 823 praesertim
1250 737 1361 802 ubi
1413 735 1619 803 verba
1669 736 1974 800 funderet
2025 733 2198 818 apud
2240 757 2346 800 me
2387 735 2589 800 fidem

638 846 714 893 ac
756 827 1066 910 pietatem
1109 843 1268 907 prae
1310 844 1380 888 66
1423 822 1717 887 ferentia.
1804 820 2038 904 Itaque
2094 820 2423 886 hominem
2469 821 2589 884 ali-

637 913 892 997 quoties
947 910 1184 976 admisi
1238 907 1322 973 ad
1377 907 1786 988 colloquium,
1847 907 1964 971 sed
2017 926 2354 988 nunquam
2397 905 2589 988 quid·

636 1018 836 1082 quam
891 996 1156 1063 credidi.
1246 991 1541 1057 Tandem
1596 992 1725 1057 huc
1785 993 1937 1057 veni
1985 1002 2055 1056 ut
2098 1003 2414 1075 putarem,
2474 1014 2588 1056 ne-

639 1103 766 1168 que
811 1080 1006 1161 solus,
1050 1078 1360 1145 nonnihil
1403 1078 1700 1143 delirare.
1788 1078 2016 1143 Placet
2057 1077 2344 1160 profecto
2388 1087 2462 1142 ut
2504 1076 2587 1141 ad

636 1190 759 1234 nos
801 1188 942 1233 nun
986 1187 1140 1232 uam
1182 1163 1423 1229 redeat.

810 1252 1039 1318 Rediit
1079 1247 1347 1316 tandem
1380 1248 1674 1315 Bucerus
1706 1268 1747 1312 a
1784 1246 2138 1314 Coloniensi
2180 1249 2497 1331 episcopo,
2526 1249 2587 1346 ᾗ)

636 1345 856 1405 totum
898 1336 1057 1402 dicit
1109 1344 1413 1401 nostrum
1457 1355 1627 1413 esse,
1688 1354 1916 1399 verum
1973 1355 2107 1398 666
2159 1354 2315 1398 mox
2368 1353 2591 1397 omma

562 1411 565 1417 Δ
636 1444 829 1509 posse
871 1443 1038 1506 quae
1094 1420 1268 1498 velit,
1324 1429 1591 1503 propter
1644 1441 1754 1485 eos
1808 1419 2042 1501 quibus
2098 1420 2417 1484 obnoxius
2473 1427 2589 1484 est.

639 1512 926 1576 Tentare
967 1517 1188 1572 tamen
1233 1508 1450 1589 ipsum
1492 1504 1755 1588 aliquid,
1815 1502 1988 1587 quod
2031 1506 2086 1569 si
2130 1504 2322 1569 modo
2367 1525 2590 1587 proce-

640 1595 773 1672 dat,
818 1614 953 1658 non
987 1593 1384 1658 obfuturum.
1431 1590 1610 1672 Quid
1632 1589 1701 1655 id
1733 1591 1838 1665 sit,
1879 1611 2016 1654 666
2040 1591 2131 1654 ait
2170 1589 2377 1655 literis
2413 1609 2590 1655 com-

643 1678 1058 1746 mittendum.
1145 1678 1317 1742 Eam
1371 1676 1453 1742 ob
1508 1696 1653 1741 rem
1706 1675 1966 1741 tantilla
2021 1675 2183 1740 haec
2237 1677 2310 1739 in
2367 1676 2591 1740 sinum

638 1774 833 1831 tuum
866 1763 1148 1829 effundo.
1211 1763 1294 1827 In
1327 1761 1606 1827 comitiis
1627 1761 1963 1845 praevalet
1998 1761 2318 1845 tyrannis,
2358 1769 2593 1844 regnat

640 1849 1064 1934 maguntinus
1106 1858 1172 1913 et
1212 1847 1530 1926 BavaruS,
1587 1847 1700 1930 qui
1755 1847 2072 1913 hactenus
2113 1845 2592 1929 prohibuerunt

635 1957 724 2002 ne
786 1957 984 2001 causa
1047 1933 1384 2017 religionis
1421 1932 1495 1996 in
1536 1934 1991 1998 tractationem
2048 1931 2333 1998 admissa
2397 1932 2501 1996 sit.
2532 1933 2589 2016 ⁶)

638 2020 746 2087 De
785 2021 1065 2104 pecunia
1106 2021 1176 2083 in
1220 2018 1464 2083 bellum
1507 2016 1899 2083 conferenda
1939 2039 2147 2100 usque
2198 2016 2327 2083 huc
2371 2025 2591 2082 actum

638 2114 760 2173 est.
847 2106 1284 2186 Imponuntur
1338 2101 1624 2167 decimae
1677 2123 1839 2186 quas
1893 2103 2242 2187 principes,
2301 2103 2588 2179 comites,

638 2190 892 2258 nobiles
927 2195 1318 2272 receperunt
1352 2187 1600 2253 dandas
1635 2188 1715 2253 de
1748 2188 2083 2267 reditibus,
2119 2210 2253 2253 non
2289 2188 2369 2252 de
2403 2187 2590 2253 bonis

636 2277 939 2361 propriis.
1040 2273 1359 2341 Civitates
1424 2281 1748 2357 coguntur
1812 2274 1970 2339 dare
2017 2275 2114 2339 .de
2187 2274 2375 2339 bonis
2449 2293 2589 2337 om-

635 2363 848 2429 nibus.
938 2360 1416 2426 Mercatoribus
1466 2360 1752 2425 decimae
1802 2358 2231 2443 duplicantur.
2324 2360 2427 2424 De
2483 2359 2590 2424 his

635 2448 833 2515 rebus
868 2444 1309 2530 digladiantur
1341 2446 1679 2523 hactenus,
1717 2445 1937 2511 nescio
1960 2443 2119 2528 quid
2151 2446 2269 2509 fiat
2303 2443 2587 2509 tandem.

639 2533 900 2599 Rumor
921 2541 1023 2596 est
1043 2530 1127 2597 ad
1148 2537 1457 2613 quartum
1480 2530 1729 2613 Aprilis
1757 2532 1809 2607 ⁷)
1860 2530 2088 2613 Regem
2105 2531 2167 2611 8)
2202 2529 2286 2595 ad
2319 2549 2589 2613 respon-

644 2617 935 2684 dendum
975 2615 1296 2682 adactum.
1387 2614 1567 2696 Quid
1609 2616 2018 2699 responderit
2058 2617 2364 2682 nescitur.
2453 2616 2588 2680 Re-

643 2704 810 2787 liqui
853 2702 1118 2768 articuli
1149 2701 1386 2784 quibus
1421 2700 1503 2765 de
1537 2700 1864 2784 agendum
1906 2703 2138 2781 fuerat,
2182 2711 2256 2766 ut
2300 2700 2380 2767 de
2411 2723 2587 2767 com-

634 2789 827 2857 muni
868 2787 1107 2853 iudicio
1158 2786 1463 2852 omnibus
1507 2806 1732 2869 aequo,
1789 2786 1869 2851 de
1912 2806 2072 2870 pace
2113 2787 2460 2864 communi,
2506 2786 2588 2851 de

633 2874 1035 2943 correctione
1086 2880 1406 2951 monetae,
1463 2871 1856 2955 reliquisque
1912 2871 2109 2938 rebus
2161 2873 2458 2955 politicis,
2516 2871 2587 2937 in

634 2959 900 3028 comitia
917 2958 1233 3041 proxima,
1259 2957 1317 3023 si
1337 2958 1447 3022 isti
1467 2957 1954 3040 praevalebunt,
1976 2958 2505 3024 reservabuntur.
2525 2962 2585 3034 ⁹)

632 3044 863 3123 Vides,
913 3043 1184 3122 Calvino,
1242 3064 1370 3126 quo
1411 3063 1516 3109 res
1561 3043 1960 3110 Germaniae
2005 3042 2405 3111 devenerint.
2496 3045 2589 3109 Et

632 3132 768 3198 nisi
810 3128 1264 3195 didicissemus
1305 3128 1686 3207 Dominum,
1742 3132 1960 3195 nescio
2002 3149 2129 3212 quo
2168 3131 2238 3195 in
2280 3137 2420 3195 tam
2461 3131 2586 3194 im-

632 3214 908 3302 pudenti
962 3213 1214 3279 malitia
1276 3213 1431 3279 boni
1487 3234 1564 3279 ac
1617 3214 1712 3297 pii
1765 3215 1894 3280 viri
1956 3224 2242 3281 ruerent.
2331 3217 2587 3282 Verum

634 3301 791 3386 quia
851 3320 1087 3365 manus
1151 3298 1329 3365 illius
1385 3320 1518 3364 non
1572 3307 1673 3364 est
1728 3298 2124 3382 abbreviata,
2192 3310 2460 3384 sperant
2513 3322 2586 3366 se

633 3386 895 3455 visuros
937 3383 1283 3468 aliquando
1326 3392 1395 3450 et
1433 3385 1649 3468 ipsum
1688 3383 2049 3450 exaltatum
2091 3393 2160 3452 et
2201 3388 2435 3469 impios
2479 3386 2587 3452 de-

631 3471 867 3550 iectos,
925 3478 1240 3553 tanquam
1296 3490 1431 3535 non
1481 3470 1748 3535 fuerint.
1849 3471 2047 3537 Hanc
2099 3492 2284 3555 spem
2341 3481 2410 3537 et
2463 3493 2585 3557 ego

631 3556 829 3625 credo
862 3575 1002 3621 non
1033 3556 1504 3620 frustraneam:
1549 3562 1809 3620 tantum
1840 3555 2030 3624 nobis
2063 3556 2230 3623 illud
2255 3556 2584 3623 Dominus

631 3640 950 3711 concedat
1004 3647 1084 3705 ut
1142 3640 1316 3722 quod
1365 3641 1576 3723 coepit
1614 3641 1689 3705 in
1734 3642 1924 3707 nobis
1966 3645 2327 3709 confirmet.
2414 3643 2586 3708 Vale

621 3728 704 3795 «in
747 3726 1016 3794 Ohristo
1072 3724 1227 3792 Iesu
1282 3746 1436 3791 cum
1487 3726 1788 3793 omnibus
1842 3728 1986 3810 piis.
2074 3728 2390 3811 Inprimis
2435 3750 2587 3795 cum

647 3813 859 3881 Vireto
902 3813 1088 3878 cuius
1123 3812 1464 3878 sinceritas
1498 3819 1637 3877 tam
1679 3811 1874 3897 longo
1917 3823 2210 3897 tempore
2252 3814 2582 3895 inviolata,

630 3919 741 3965 me
774 3905 984 3963 totum
1020 3897 1144 3963 sibi
1177 3896 1561 3964 vindicavit.
1628 3898 1869 3964 Valeat
1896 3920 2152 3983 semper
2185 3900 2255 3964 in
2277 3901 2583 3966 Domino.

629 3983 933 4052 Basileae
976 3988 1035 4047 8.
1082 3983 1334 4065 Aprilis
1376 4003 1550 4048 anno
1602 3987 1785 4050 1542.

1684 4120 1799 4187 Os.
1845 4121 2191 4205 Myconius
2234 4131 2407 4190 tuus.

836 4357 897 4420 5)
933 4356 1299 4413 Hei-mammas
1333 4374 1372 4411 a
1417 4355 1576 4413 Wied
1607 4357 1863 4414 ecclesiae
1903 4360 1969 4414 in
2013 4376 2122 4442 suia
2165 4361 2374 4417 ditione
2405 4361 2580 4429 refor-

621 4425 871 4565 3⁸⁰3?
892 4424 1865 4576 mser-..trfm
1880 4432 2583 4583 Zmffffisssssfiffl

845 4563 2579 4694 immanissimam

625 4636 1158 4780 “mm-Plance
1208 4700 1244 4756 z.
1279 4701 1315 4755 1.
1351 4716 1408 4771 p.
1451 4701 1564 4756 197.
1637 4703 1993 4775 secundm,
2011 4655 2173 4761 pul.
2220 4707 2325 4761 382
2375 4707 2443 4761 aa
2490 4708 2581 4763 ιιι-ε

619 4770 798 4839 Μ
831 4768 1171 4905 «gaam
1202 4857 1258 4894 a.
1293 4838 1495 4896 «2111.
1524 4839 1669 4896 101·ae
1696 4842 1923 4911 Api-aes
1956 4843 2187 4899 aemam
2220 4850 2367 4900 m.
2405 4844 2579 4901 stou.

826 4946 892 5041 ’6)
928 4974 1379 5033 Ferdimndum.

833 5043 894 5112 9)
930 5044 1172 5101 mim·
1210 5044 1352 5116 opp.
1373 5045 1454 5102 aa.
1489 5047 1915 5105 Walch.XV11.
1942 5050 2089 5107 1002.
2132 5049 2363 5108 lek.
2378 5066 2435 5121 p.
2459 5051 2576 5106 198.

1403 5242 1796 5251 m——-

2166 373 2694 442 EPISTOLAE
2739 377 3078 442 aso—392

4521 380 4644 443 384

3594 562 3743 635 391.

3181 697 3652 765 CALVINUS
3698 697 4150 767 MYCON'IO.

2865 869 2968 934 De
3012 871 3293 951 episcopo
3332 868 3680 936 Coloniensi
3721 871 3925 936 nimia
3967 892 4091 936 non
4133 873 4464 953 speranda.
4536 871 4642 939 Co—

2692 955 2876 1018 mitia
2931 956 3185 1038 imperii
3234 977 3356 1036 pro
3411 976 3578 1020 more
3634 957 3990 1039 reliqionem
4037 959 4336 1038 profanis
4385 960 4641 1042 negotiis

2681 1046 3078 1122 postponunt.
3185 1040 3433 1106 Viretus
3504 1041 3781 1107 Genevac
3833 1044 4355 1125 pernecessarius.
4445 1044 4641 1110 Miiu-

2692 1127 2843 1190 steri
2887 1126 3048 1191 lane.
3102 1125 3552 1192 Genevensium
3594 1131 3652 1193 et
3682 1127 4105 1194 Ber-nensium
4146 1129 4492 1196 conciliatio
4534 1130 4643 1196 ad-

2694 1210 2811 1276 huc
2852 1212 2923 1276 in
2961 1231 3280 1292 suspenso.

2697 1382 3118 1450 (Autographon
3168 1397 3276 1434 666
3325 1386 3520 1436 exstat.
3590 1383 4045 1452 Antiquissimum
4080 1386 4419 1439 amanuensis
4463 1402 4642 1440 exem·

2695 1451 2817 1519 plar
2850 1450 3083 1503 habetur
3117 1452 3173 1503 in
3210 1449 3341 1504 Ood.
3367 1450 3570 1505 Genev.
3599 1451 3715 1518 106,
3750 1453 3839 1504 fol.
3877 1450 3961 1504 76.
4018 1453 4345 1506 Recentiora
4378 1456 4645 1523 praebent

2701 1517 2827 1573 cod.
2867 1517 2984 1584 111,
3021 1519 3111 1572 fol.
3148 1517 3231 1572 63.
3287 1519 3447 1573 ιιι-611.
3466 1522 3628 1574 Β61·6.
3652 1521 3792 1589 Epp.
3813 1520 3943 1586 VH,
3978 1519 4100 1574 423.
4156 1523 4369 1576 Simler.
4406 1523 4531 1577 Vol.
4556 1522 4641 1578 51.

3086 1588 3313 1657 Anglice
3348 1588 3549 1658 legitur
3582 1590 3641 1641 in
3675 1589 3760 1642 ed·
3795 1590 3995 1643 Edinb.
4032 1591 4077 1644 Ι.
4112 1589 4256 1657 296.)

2693 1771 3109 1839 Fidelissimo
3174 1773 3428 1841 Christi
3490 1775 3793 1842 ministro
3844 1777 3930 1843 D.
3989 1776 4282 1844 Osvaldo
4338 1781 4644 1866 Myconio

2696 1860 3080 1926 Basiliensis
3137 1860 3447 1927 ecclesiae
3462 1864 4032 2014 opggltqgifidgratri
4076 1864 4240 1929 mihi
4283 1865 4645 1949 plurimum

2865 2096 3185 2163 Bucemm
3237 2098 3429 2165 vobis
3482 2101 3741 2167 salvum
3796 2102 4066 2168 rediisse
4108 2104 4380 2187 gaudeo,
4470 2104 4642 2190 Spes

2693 2203 2893 2265 quam
2937 2181 3017 2248 de
3060 2184 3360 2267 episcopo
3396 2189 3695 2270 concepit
3735 2209 3819 2254 ne
3852 2186 4206 2254 admodum
4247 2191 4512 2256 infirma
4553 2193 4645 2258 sit

2690 2289 2943 2347 vereor,
2988 2270 3119 2335 nisi
3160 2269 3406 2353 aliquid
3449 2270 3713 2338 demum
3752 2273 4040 2357 incipere
4082 2274 4195 2340 ille
4236 2276 4490 2355 audeat,
4533 2277 4643 2345 vel

2694 2355 2828 2418 suis
2884 2354 3187 2421 omnibus
3244 2357 3500 2424 invitis:
3567 2379 3725 2423 nam
3784 2359 3840 2425 si
3899 2369 4237 2442 exspectat
4294 2359 4451 2427 dum
4515 2362 4645 2429 sibi

2693 2439 2938 2504 auxilio
2981 2440 3112 2505 sint
3154 2442 3444 2507 canonici
3488 2444 3558 2507 in
3593 2444 3997 2510 restituenda
4034 2446 4320 2526 ccclesia,
4365 2446 4644 2532 longum

2692 2533 2955 2608 tempus
2989 2523 3327 2593 desidebit.
3391 2526 3586 2608 Quod
3621 2529 3679 2593 si
3721 2531 4011 2595 animum
4056 2531 4338 2615 colligat,
4386 2541 4453 2599 et
4492 2534 4644 2600 illos

2692 2631 2821 2675 uon
2868 2621 3188 2692 moretur,
3244 2633 3387 2678 rem
3435 2621 3641 2679 totam
3699 2623 3775 2679 ut
3815 2615 3981 2680 mihi
4024 2615 4280 2684 videtur
4321 2619 4394 2683 in
4435 2640 4644 2686 manu

2692 2695 2907 2762 habet.
2982 2696 3158 2762 Nam
3191 2697 3426 2765 civitas
3470 2706 3584 2765 aut
3619 2702 4029 2782 assentietur,
4072 2712 4190 2768 aut
4209 2724 4342 2768 non
4363 2725 4641 2790 magno-

2691 2802 2847 2864 pere
2900 2782 3238 2865 pugnabit.
3337 2784 3669 2851 Fortassis
3737 2787 3938 2852 etiam
3991 2789 4281 2872 porriget
4348 2811 4640 2857 manum.

2690 2867 2948 2932 Verum
3003 2875 3333 2951 utcunque
3387 2870 3555 2936 nihil
3596 2872 3915 2955 praeclari
3970 2874 4225 2953 efficiat,
4280 2875 4496 2958 placet
4535 2883 4644 2942 ta-

2690 2973 2845 3017 men
2889 2973 2964 3017 co
3010 2974 3154 3019 esse
3196 2956 3434 3036 animo,
3480 2965 3553 3020 ut
3596 2964 3663 3021 et
3703 2957 3846 3042 ipse
3880 2958 4048 3023 nihil
4081 2969 4327 3040 noceat,
4371 2973 4439 3026 et
4480 2961 4643 3028 alio-

2690 3060 2841 3103 rum
2896 3036 3145 3103 rabiem
3205 3047 3538 3124 utcunque
3579 3043 3859 3128 mitiget,
3917 3043 4121 3109 donec
4171 3067 4319 3111 eum
4380 3046 4644 3130 plenius

2690 3124 3017 3190 Dominus
3058 3125 3351 3208 inspiret.

2861 3207 3199 3290 Quantum
3233 3232 3319 3277 ex
3351 3211 3561 3277 literis
3602 3214 3737 3278 tuis
3769 3213 4086 3299 intelligo,
4130 3216 4337 3282 nihilo
4368 3218 4645 3287 meliore

2690 3301 2866 3361 statu
2910 3316 3087 3361 nunc
3139 3303 3242 3361 est
3294 3298 3743 3381 germanicum
3806 3301 4156 3384 imperium
4171 3353 4186 3380 ,
4246 3322 4444 3386 quam
4511 3304 4645 3371 fuit

2690 3378 2812 3445 sub
2845 3380 3047 3445 finem
3086 3395 3448 3449 conventus
3482 3383 3998 3468 Ratisponensis.
4067 3388 4290 3471 Atque
4330 3388 4466 3455 illic
4500 3392 4643 3473 qui-

2690 3464 2839 3530 dem
2881 3466 3071 3531 initia
3105 3467 3409 3532 nonnihil
3449 3468 3623 3534 laeta
3663 3478 3869 3535 erant.
3939 3471 4089 3550 Hic,
4134 3484 4209 3537 ut
4241 3472 4451 3554 video,
4496 3497 4641 3542 om-

2689 3573 2806 3616 nes
2873 3552 3146 3617 actionis
3211 3560 3432 3636 partes
3490 3553 3643 3620 illae
3707 3557 3916 3621 furiae
3977 3567 4403 3641 occuparunt,
4471 3582 4642 3645 quae

2690 3636 2858 3701 nihil
2899 3636 3079 3702 aliud
3121 3659 3317 3720 quam
3374 3639 3600 3706 turbas
3642 3649 3921 3724 captant.
4010 3641 4233 3723 Quum
4279 3645 4442 3711 haec
4483 3667 4641 3712 nar-

2690 3729 2924 3788 rantur
2974 3723 3133 3787 satis
3185 3725 3456 3791 coniicio
3513 3724 3667 3808 quid
3724 3727 4101 3794 Marchioni
4153 3730 4644 3815 Brandeburyio

2688 3806 3012 3874 acciderit.
3081 3807 3174 3874 Ut
3207 3817 3308 3874 est
3344 3809 3587 3894 gloriae
3621 3812 3915 3896 cupidior
3949 3834 4144 3896 quam
4177 3837 4299 3898 par
4336 3818 4440 3892 sit,
4484 3839 4641 3884 eum

2689 3892 2909 3959 oblata
2943 3891 3098 3958 belli
3133 3893 3699 3961 administratione
3732 3898 4158 3965 inebriarunt.
4227 3901 4371 3968 Hoc
4414 3914 4641 3969 tamen

2689 4000 2794 4044 me
2838 3986 2913 4043 ut
2968 3979 3041 4042 in
3096 3980 3293 4045 rebus
3347 3979 3706 4064 desperatis
3749 3983 4012 4063 solatur,
4068 3985 4242 4069 quod
4281 3988 4642 4073 impiorum
4746 4027 4761 4042 -

2686 4083 2968 4147 regnum
3004 4072 3141 4129 tam
3181 4065 3467 4132 effi-aene
3501 4068 3852 4134 consistere
3879 4091 4011 4137 uno
4044 4071 4186 4137 loco
4222 4070 4467 4139 diutius
4500 4093 4641 4140 non

2688 4157 2906 4232 potest
2967 4158 3034 4214 et
3075 4150 3424 4230 Dominus,
3480 4159 3557 4217 ut
3600 4152 3778 4234 dicis,
3822 4177 4087 4222 causam
4129 4179 4321 4222 suam
4363 4158 4640 4225 tandem

2688 4234 3012 4318 suscipiet.
3083 4236 3284 4300 Domi
3325 4245 3396 4302 et
3436 4237 3592 4304 foris
3635 4251 3796 4304 sunt
3836 4242 3997 4307 satis
4040 4242 4248 4308 multa
4288 4265 4637 4328 superque,

2688 4328 2757 4384 et
2798 4319 2993 4404 plura
3032 4329 3383 4406 emergunt
3435 4323 3509 4387 in
3551 4322 3690 4390 dies
3745 4346 3913 4408 quae
3954 4348 4075 4393 nos
4117 4349 4246 4394 non
4281 4329 4474 4395 modo
4518 4330 4639 4397 de-

2686 4404 2966 4484 bilitent,
3035 4405 3149 4471 sed
3193 4408 3574 4474 exaniment
3613 4430 3908 4493 prorsus:
3970 4413 4100 4479 nisi
4153 4415 4468 4481 sciremus
4512 4437 4637 4484 nos

2685 4490 2868 4557 illius
2925 4492 3263 4576 negotium
3327 4514 3540 4577 agere.
3640 4495 3824 4580 Ergo
3887 4497 3956 4561 in
4018 4501 4262 4566 nostris
4326 4502 4638 4570 maximis

2681 4576 2967 4642 miseriis
3010 4578 3173 4645 haec
3206 4597 3281 4643 co
3333 4579 3513 4645 'tatio
3546 4575 3734 4646 nobis
3777 4583 4075 4663 sufficiat,
4121 4584 4459 4652 Christum
4494 4587 4638 4654 vic-

2682 4663 2922 4727 toriam
2980 4661 3060 4728 de
3113 4685 3275 4729 mun
3322 4685 3360 4730 o
3417 4665 3622 4730 semel
3680 4687 3822 4732 esse
3877 4679 4383 4754 consequutum,
4445 4674 4635 4740 cuius

2682 4748 2971 4814 fructum
3011 4757 3325 4831 perpetuo
3366 4750 3742 4817 sentiamus.

2856 4831 3049 4914 Quod
3092 4833 3174 4899 ad
3228 4833 3402 4901 hanc
3439 4835 3780 4903 ecclesiam
3821 4839 4133 4921 privatim
4175 4843 4431 4920 attinet,
4474 4864 4636 4910 cum

2700 4917 2904 4983 Virdo
2966 4927 3297 5004 utcunque
3361 4921 3653 4987 sustineo
3717 4923 3859 4990 eius
3925 4946 4107 4992 onus.
4197 4926 4276 4994 Si
4338 4930 4396 5000 is
4460 4929 4635 4996 mihi

2683 5012 2946 5087 ereptus
2985 5004 3199 5084 fuerit,
3254 5005 3419 5069 mihi
3475 5006 3700 5073 durior
3742 5011 3869 5075 erit
3910 5011 4193 5077 conditio
4237 5034 4434 5096 quam
4477 5036 4632 5081 ver-

2681 5088 2784 5155 bis
2845 5109 3153 5156 enarrare
3207 5111 3460 5173 queam.
3549 5094 3641 5158 Et
3696 5101 3920 5161 tamen
3970 5098 4334 5183 periculum
4390 5108 4491 5166 est
4539 5121 4632 5168 ne

2680 5174 2753 5239 in
2808 5175 2956 5242 istis
3012 5174 3455 5243 simultatibus
3511 5180 3794 5246 multum
3850 5182 4132 5251 obtineri
4187 5192 4399 5269 queat.
4489 5185 4633 5254 Sed

2682 5260 3009 5327 Dominus
3052 5261 3311 5342 viderit,
3369 5265 3443 5327 in
3499 5286 3694 5349 quem
3750 5266 3922 5334 hanc
3964 5292 4189 5357 curam
4232 5293 4429 5358 cogor
4470 5271 4629 5341 reii-
