5050 6167
363 496 482 558 561

361 679 556 762 Quod
613 679 856 747 dicitur
908 680 992 746 ad
1034 679 1246 747 filium
1289 687 1494 766 pater,
1553 703 1690 746 non
1734 688 1838 747 est
1877 680 2088 759 filius3
2149 677 2319 761 quod

361 765 605 831 dicitur
648 767 823 832 filius
865 765 950 831 ad
991 776 1267 850 patrem,
1312 789 1448 833 non
1491 776 1593 832 est
1631 774 1833 850 pater.
1924 764 2117 846 Quod
2163 764 2320 830 dici-

361 859 475 917 tur
518 851 603 917 ad
647 873 718 918 se
760 861 982 936 pater,
1040 862 1108 917 et
1147 853 1323 919 filius
1381 852 1464 917 ad
1509 873 1610 931 se,
1668 853 1792 918 hoe
1849 858 1951 917 est
2013 857 2202 933 pater
2255 856 2323 915 et

364 937 540 1004 filius
575 937 752 1003 idem
785 938 967 1003 deus.
1014 938 1358 1006 Hactenus
1379 939 1510 1004 ille.
1554 938 1698 1003 Iam
1734 938 1867 1003 ista
1904 935 2321 1002 distinctione

361 1023 692 1104 adhibita,
758 1024 917 1107 quid
982 1024 1246 1091 obsecro
1318 1024 1611 1108 ambigui
1689 1030 1917 1088 manet
1993 1020 2319 1104 amplius?

366 1108 811 1191 Quamobrem
865 1110 1038 1175 idem
1100 1118 1365 1176 sanetus
1418 1111 1522 1176 vir
1575 1109 1845 1175 homilia
1887 1109 1959 1173 in
2001 1107 2321 1173 Ioannem

367 1200 470 1273 39,
507 1203 856 1279 postquam
890 1197 1099 1263 movit
1130 1196 1303 1262 hanc
1341 1197 1791 1279 quaestionem
1827 1194 2105 1278 qualiter
2137 1202 2326 1277 pater

363 1290 434 1346 et
467 1282 645 1346 filius
679 1282 816 1346 sint
849 1282 1046 1346 simul
1084 1283 1500 1364 principium,
1545 1282 1671 1347 hac
1713 1281 2036 1347 solutione
2079 1279 2321 1345 utitur:

366 1366 541 1451 quod
587 1366 711 1432 hoc
753 1366 891 1432 solo
933 1388 1281 1433 numerum
1328 1369 1673 1432 insinuant
1714 1376 2037 1450 quatenus
2075 1366 2210 1431 sint
2242 1362 2326 1429 ad

363 1454 687 1531 invicem,
730 1474 866 1517 non
911 1463 1128 1527 autem
1175 1452 1351 1536 quod
1395 1453 1480 1518 ad
1525 1474 1596 1519 se
1641 1466 1815 1519 sunt.
1881 1453 2054 1518 Item
2093 1452 2167 1516 in
2210 1452 2324 1516 Ps.

372 1543 525 1603 109:
572 1536 651 1604 Si
691 1546 881 1622 pater
923 1540 1317 1624 principium
1362 1548 1493 1618 est,
1537 1540 1771 1622 inquit,
1817 1546 1884 1603 et
1923 1539 2099 1603 filius
2142 1539 2325 1620 prin-

365 1625 644 1707 cipium,
698 1631 941 1690 suntne
986 1624 1112 1689 duo
1155 1625 1520 1708 principia?
1578 1625 1881 1690 minime:
1938 1625 2105 1690 sieut
2147 1624 2325 1688 enim

362 1717 557 1795 pater
592 1719 695 1777 est
736 1709 899 1776 deus
943 1718 1010 1775 et
1051 1710 1229 1776 filius
1275 1711 1437 1777 deus
1479 1713 1575 1777 ita
1618 1719 1895 1794 uterque
1939 1720 2039 1775 est
2082 1709 2323 1793 princi-

362 1798 570 1881 pium.
636 1796 865 1879 Neque
908 1796 1038 1861 duo
1082 1806 1256 1876 sunt,
1303 1796 1419 1863 sed
1461 1818 1667 1862 unum
1712 1795 2126 1880 principium.
2193 1796 2326 1859 Eat

363 1904 545 1948 nune
601 1882 1013 1967 magistellus
1062 1892 1283 1948 vester
1339 1889 1409 1948 et
1464 1890 1734 1949 extenta
1788 1883 2039 1947 cervice
2096 1888 2326 1947 contra

364 1988 491 2033 nos
534 1967 824 2033 insultet.
915 1968 1209 2033 Homilia
1252 1990 1502 2052 quoque
1548 1973 1630 2033 38
1677 1968 1758 2032 de
1803 1977 2116 2050 tempore,
2160 1987 2326 2049 quae

363 2053 648 2141 titulum¹
687 2053 886 2119 habet
929 2055 1010 2120 de
1051 2055 1345 2119 trinitate
1389 2062 1454 2119 et
1496 2054 1812 2132 columba,
1857 2054 2113 2135 copiose
2155 2060 2328 2117 trac-

367 2147 471 2204 tat
512 2148 840 2222 quantum
893 2140 1160 2206 intersit
1201 2139 1479 2205 relative
1526 2146 1642 2204 aut
1685 2138 2203 2205 substantialiter
2246 2137 2326 2203 de

363 2222 518 2290 Deo
570 2224 767 2309 loqui.
858 2224 1053 2306 Quod
1096 2227 1152 2293 si
1197 2225 1485 2291 nondum
1544 2226 1874 2309 frangitur
1928 2225 2067 2290 eius
2110 2224 2328 2308 pervi-

362 2313 576 2390 cacia,
631 2330 770 2376 non
827 2332 1060 2378 recuso
1120 2335 1160 2378 a
1211 2312 1326 2376 tali
1387 2310 1597 2377 bestia
1647 2310 1870 2376 vocari
1924 2310 2325 2376 haereticus:

363 2395 565 2463 modo
606 2396 936 2481 Cyrillum
979 2398 1256 2463 habeam
1302 2398 1580 2475 socium,
1636 2400 1747 2480 qui
1799 2394 2029 2461 iisdem
2072 2416 2328 2479 quoque

367 2484 596 2549 verbis
637 2504 772 2548 non
816 2483 1019 2549 semel
1052 2484 1280 2549 utitur.
1329 2482 1464 2550 Sed
1500 2504 1823 2566 quaenam
1858 2483 1986 2547 ista
2020 2491 2119 2545 est
2159 2479 2332 2545 furia

364 2568 698 2634 haeresim
757 2570 1193 2654 proclamare,
1252 2569 1422 2654 quod
1478 2577 1617 2634 tam
1671 2590 1752 2633 ex
1798 2568 2001 2633 sacris
2045 2566 2329 2632 oraculis

364 2675 571 2739 quam
626 2676 711 2720 ex
765 2663 1066 2721 veterum
1128 2664 1392 2739 patrum
1453 2655 1715 2738 scriptis
1778 2653 1986 2718 multa
2045 2652 2331 2717 illustria

362 2740 750 2806 testimonia
826 2738 1111 2807 habeat?
1200 2742 1348 2808 Hac
1410 2739 1734 2825 particula
1810 2747 2083 2822 excepta
2160 2737 2324 2804 nihil

411 2834 713 2892 raeterea
768 2828 1222 2893 animadverto
1276 2827 1448 2911 quod
1501 2828 1576 2891 in
1628 2847 1735 2891 me
1790 2834 2095 2907 torquere
2148 2824 2324 2890 velit.

359 2847 768 2995 1Quanquam
825 2934 959 2979 non
1015 2935 1122 2978 me
1178 2912 1390 2978 solum
1448 2912 1557 2978 hic
1614 2911 1973 2995 contingit,
2033 2910 2146 2977 sed
2205 2930 2327 2977 vos

361 3017 602 3063 omnes
655 2999 767 3081 qui
822 3020 1024 3064 unam
1068 3000 1408 3066 nobiseum
1453 2997 1731 3082 professi
1775 2998 1933 3062 estis
1975 2998 2326 3063 confessio-

361 3105 522 3150 nem
567 3104 735 3167 quae
776 3084 847 3150 id
885 3084 1184 3151 habebat.
1248 3087 1565 3151 Vestrum
1607 3085 1811 3168 igitur
1853 3094 1953 3148 est
1994 3082 2328 3150 communi

359 3170 665 3235 omnium
723 3171 988 3237 nomine
1045 3180 1111 3236 et
1150 3172 1337 3239 vobis
1381 3180 1448 3236 et
1488 3170 1616 3253 ipsi
1662 3169 1923 3235 veritati
1967 3171 2327 3253 irrogatam

358 3257 834 3323 contumeliam
871 3259 1194 3341 persequi.
1242 3255 1435 3338 Quod
1469 3257 1597 3322 nisi
1635 3256 1864 3335 facitis,
1910 3253 2170 3322 decrevi
2208 3274 2326 3338 pro

357 3361 517 3408 mea
559 3353 749 3426 parte
788 3365 920 3409 non
966 3365 1237 3410 cessare.
1317 3342 1646 3428 IntelligO,
1693 3344 1748 3407 si
1793 3343 1939 3408 istic
1982 3343 2069 3406 sit
2111 3339 2326 3407 adhue

357 3428 472 3510 qui
548 3450 620 3494 se
690 3429 1182 3496 conclusionum
1264 3428 1530 3494 illarum
1614 3427 2047 3494 architectum
2124 3428 2324 3511 profi-

355 3518 604 3580 teatur.

538 3599 621 3665 In
677 3601 823 3668 aliis
881 3601 1285 3668 excutiendis
1341 3600 1494 3685 quid
1560 3601 1808 3665 frustra
1861 3620 1966 3664 me
2019 3599 2215 3666 simul
2260 3606 2328 3665 et

356 3706 481 3752 vos
527 3687 918 3771 fatigarem?
1009 3688 1298 3753 Multum
1340 3686 1764 3754 concionatur
1802 3685 1883 3750 de
1926 3687 2213 3766 caritate,
2258 3693 2327 3752 et

353 3769 624 3838 fortiter
664 3783 1004 3842 succenset
1058 3794 1202 3839 eam
1247 3794 1382 3839 non
1422 3773 1589 3839 bene
1630 3772 1900 3839 servari.
1989 3773 2083 3837 At
2123 3772 2325 3838 velim

354 3864 536 3929 scire
590 3864 936 3930 cuiusnam
989 3865 1075 3929 sit
1129 3864 1421 3930 caritatis
1474 3860 1856 3926 abscindere
1912 3856 1997 3922 ab
2050 3858 2325 3925 ecclesia

353 3949 476 4033 qui
521 3969 719 4015 sensu
778 3946 1113 4015 doctrinae
1171 3951 1299 4013 rite
1341 3952 1780 4030 congruentes
1823 3966 1972 4013 eum
2018 3945 2324 4013 omnibus

352 4035 492 4122 piis
551 4055 742 4101 voces
797 4041 1055 4099 tantum
1112 4033 1432 4117 quasdam
1476 4032 1832 4115 respuant?
1923 4030 2101 4112 Quid
2145 4033 2323 4097 enim

351 4121 838 4190 contentiosius
856 4171 871 4198 ,
949 4120 1167 4202 inquit
1243 4119 1659 4203 Augustinus
1734 4116 1819 4182 ad
1896 4118 2322 4184 Pascentium

352 4209 552 4292 epist.
598 4211 748 4287 124,
803 4226 997 4290 quam
1040 4203 1156 4269 ubi
1200 4203 1281 4268 de
1323 4225 1396 4269 re
1438 4204 1747 4269 convenit
1786 4212 2036 4269 certare
2080 4203 2162 4269 de
2203 4224 2321 4268 no-

349 4297 566 4361 mine.
615 4292 691 4359 Si
735 4300 1072 4376 suspectos
1114 4290 1405 4368 haberet,
1451 4290 1708 4354 veniam
1756 4289 1998 4354 darem.
2070 4288 2205 4354 Sed
2250 4290 2319 4354 in

347 4383 486 4450 hoe
531 4389 675 4446 tam
715 4379 1007 4463 praeciso
1047 4377 1265 4460 rigore
1306 4376 1575 4440 minime
1616 4375 1909 4441 caritatis
1941 4384 2321 4441 mansuetu-

352 4466 592 4534 dinem
636 4485 935 4549 agnoseo.
1022 4463 1129 4528 De
1167 4462 1450 4527 essentia
1490 4462 1616 4527 Dei
1661 4483 1793 4525 non
1839 4462 1984 4526 visa
2026 4462 2322 4544 patribus

351 4562 522 4621 ante
590 4551 844 4618 Christi
921 4548 1280 4614 adventum
1359 4567 1555 4629 quam
1620 4547 1906 4629 pueriles
1987 4546 2319 4630 ineptiae?

348 4639 558 4724 Rogo
618 4636 828 4715 enim,
894 4634 1283 4718 quibusnam
1340 4632 1544 4698 oeulis
1601 4652 1775 4698 nunc
1836 4631 2136 4697 videatur
2191 4633 2322 4699 Dei

347 4725 659 4793 essentia
692 4744 732 4786 a
765 4730 1173 4786 mortuorum
1217 4718 1499 4784 animis?
1546 4718 1835 4782 Putatne
1857 4717 1985 4783 Dei
2022 4718 2319 4804 gloriam,

349 4819 615 4896 quanta
659 4816 777 4886 est,
824 4807 903 4873 ab
949 4806 1081 4872 illis
1124 4804 1636 4890 comprehendi?
1682 4804 1893 4883 Dicet,
1940 4826 2075 4871 non
2111 4807 2323 4890 qualis

348 4908 497 4974 est,
559 4894 675 4961 sed
725 4893 987 4977 qualem
1038 4893 1166 4957 fert
1220 4902 1449 4976 captus
1503 4893 1712 4956 nostri
1756 4892 2046 4958 tenuitas
2089 4893 2320 4958 videri.

347 4983 647 5065 Excipio
700 4982 935 5065 igitur,
1004 4980 1211 5045 visam
1269 4979 1468 5044 fuisse
1523 4999 1643 5043 suo
1700 4986 1878 5043 corto
1933 4977 2126 5044 modo
2170 4988 2323 5044 ante

347 5068 620 5137 Christi
680 5068 1071 5133 adventum:
1145 5064 1353 5130 videri
1423 5084 1600 5129 nune
1655 5062 1943 5146 plenius,
1998 5065 2322 5131 visionem

345 5155 500 5222 fore
549 5154 917 5220 absolutam
961 5173 1162 5236 quum
1207 5149 1452 5216 similes
1489 5150 1586 5214 illi
1628 5151 1889 5214 erimus.
1977 5151 2073 5214 At
2114 5160 2323 5215 totum

348 5248 750 5309 sanctorum
816 5239 1093 5306 chorum
1159 5235 1514 5302 reclamare
1584 5235 1824 5302 obiicit.
1915 5234 2050 5300 Sed
2116 5237 2230 5302 ubi
2285 5257 2325 5302 a

346 5335 747 5395 sanctorum
799 5325 997 5391 choro
1052 5324 1225 5389 hanc
1279 5323 1674 5388 cantilenam
1720 5321 2016 5388 audivit?
2104 5322 2324 5409 Negat

345 5413 508 5479 fieri
557 5413 937 5496 oportuisse.
985 5408 1122 5477 Sed
1163 5431 1295 5493 qua
1335 5407 1636 5475 ratione?
1682 5408 1896 5475 Iactat
1936 5407 2321 5475 facillimum

582 5511 804 5570 Calvisi
829 5527 1016 5583 opera.
1099 5512 1211 5569 Vol.
1249 5510 1356 5565 X1.

2164 492 2327 554 1543
2370 489 2567 556 MAI.

4264 500 4391 563 562

2423 698 2568 828 {⁸⁸⁰
2611 675 3167 828 adtprtpbandum.
3258 680 3395 748 Sed
3428 682 3603 751 hanc
3644 682 3967 768 probandi
4007 684 4392 755 facilitatem

2471 782 2702 828 emons
2734 784 2806 829 re
2837 813 2852 828 .

2597 848 2942 915 Hactenus
3000 850 3282 936 ineptire
3339 875 3490 920 eum
3534 876 3611 920 eo
3665 854 3871 921 libuit.
3960 856 4027 922 N
4026 878 4156 923 unc
4212 859 4388 925 serio

2423 933 2671 1016 loquar.
2753 933 3106 1017 Quorsum,
3151 937 3438 1019 obsecro,
3483 941 3647 1006 istae
3690 942 4210 1024 speculationes?
4274 945 4389 1010 An

2425 1040 2564 1085 non
2621 1041 2704 1085 ex
2761 1042 2838 1086 eo
2890 1032 3051 1087 sunt
3099 1044 3340 1107 genere
3396 1026 3568 1108 quod
3621 1035 3966 1111 tantopere
4008 1036 4390 1095 exsecratur

2426 1104 2728 1171 Paulus?
2816 1105 3142 1190 Spiritum
3196 1131 3330 1175 non
3385 1111 3587 1178 fuisse
3629 1112 3887 1178 unitum
3933 1113 4269 1181 columbae
4312 1121 4392 1181 ut

2427 1212 2708 1274 persona
2765 1213 2902 1258 una
2960 1195 3496 1276 constitueretur,
3556 1197 3730 1264 sicut
3771 1199 3841 1263 in
3885 1197 4153 1265 Christo
4197 1206 4391 1267 extra

2426 1279 2947 1344 controversiam
2988 1301 3131 1345 esse
3175 1282 3478 1348 arbitror.
3560 1283 3753 1364 Quod
3797 1284 4036 1367 Ioseph
4081 1292 4147 1350 et
4189 1286 4253 1350 N
4255 1286 4388 1352 ico-

2429 1362 2622 1428 demo
2659 1364 3121 1447 perfectionem
3156 1365 3307 1433 fidei
3342 1368 3591 1449 adimit,
3626 1369 3793 1434 nihil
3828 1368 4157 1449 dissentio,
4194 1370 4387 1438 modo

2429 1470 2515 1514 ne
2561 1450 2666 1516 eui
2712 1449 2902 1515 alteri
2946 1473 3093 1517 eam
3132 1452 3397 1518 tribuat.
3458 1453 3652 1535 Quod
3697 1455 3968 1538 spiritus
4008 1455 4387 1539 prophetiae

2428 1556 2563 1600 non
2607 1536 2974 1618 perstiterit
3014 1559 3273 1621 semper
3313 1540 3387 1604 in
3428 1540 3795 1625 prophetis,
3854 1540 4242 1608 documento
4286 1548 4390 1607 est

2430 1619 2627 1686 Saul:
2672 1622 2898 1687 fateor.
2967 1620 3104 1688 Sed
3146 1624 3327 1689 aliud
3371 1626 3589 1693 forsan
3631 1626 3946 1710 intelligit
3985 1626 4156 1710 quod
4200 1647 4240 1691 a
4281 1648 4389 1693 me

2429 1726 2562 1771 non
2640 1707 2983 1774 obtineret
3073 1710 3178 1775 De
3220 1710 3488 1776 Anania
3553 1719 3623 1777 et
3687 1711 4022 1797 Sapphira
4085 1711 4390 1778 ostendat

2429 1812 2698 1858 necesse
2751 1800 2854 1858 est
2908 1793 3081 1877 quod
3137 1795 3319 1861 aliud
3376 1799 3624 1863 crimen
3666 1806 3930 1882 praeter
3972 1798 4387 1865 mendacium

2427 1878 2502 1942 in
2538 1878 2670 1945 illis
2704 1879 3109 1945 vindicatum
3143 1882 3361 1961 fuerit,
3405 1882 3464 1947 si
3505 1883 3702 1948 fidem
3747 1883 3977 1950 haberi
4018 1889 4388 1951 commento

2430 1985 2550 2029 suo
2606 1963 2769 2031 vult,
2860 1965 3232 2047 Allegorias
3289 1967 3462 2050 quod
3514 1976 3651 2034 tam
3716 1969 4008 2035 animose
4077 1968 4384 2049 defendit,

2430 2048 2600 2114 nihil
2641 2050 2902 2115 mirum.
2986 2051 3159 2116 Nam
3200 2053 3312 2136 qui
3354 2060 3614 2137 guttam
3657 2075 3857 2120 unam
3912 2054 4120 2121 intelli
4170 2056 4387 2121 entiae

2430 2156 2567 2200 non
2594 2134 2858 2215 habent,
2895 2136 3025 2201 nisi
3061 2137 3393 2223 allegoriis
3427 2140 3684 2224 frigidis
3719 2147 3788 2206 et
3832 2141 4101 2207 insulsis
4159 2140 4387 2222 udant,

2430 2221 2666 2370 ωοὲίιο
2722 2242 2842 2304 pro
2900 2222 3031 2289 illis
3086 2232 3389 2309 pugnant
3442 2245 3577 2291 non
3623 2246 3810 2292 secus
3853 2233 4050 2310 atque
4090 2246 4211 2310 pro
4254 2226 4387 2293 aris

2433 2314 2500 2370 et
2567 2307 2718 2372 ocis.
3002 2350 3011 2360 -

2604 2393 2859 2457 Verum
2937 2392 3254 2475 prolixior
3330 2396 3466 2460 iam
3542 2396 3639 2460 fui
3717 2416 3917 2479 quam
4002 2403 4383 2464 statueram,

2431 2478 2533 2542 Ita
2578 2499 2659 2543 ue
2702 2480 2899 2543 finem
2942 2480 3126 2545 facio.
3200 2479 3457 2561 Valete,
3503 2481 3739 2547 fratres
3778 2482 3943 2547 mihi
3980 2483 4055 2547 in
4097 2481 4388 2549 Domino

2432 2564 2771 2629 carissimi.
2860 2565 3190 2631 Dominus
3232 2567 3421 2633 vobis
3467 2574 3537 2633 et
3577 2568 3967 2650 sapientiam
4019 2575 4086 2634 et
4126 2568 4388 2634 fortitu-

2433 2648 2653 2716 dinem
2711 2650 2923 2734 magis
2977 2671 3054 2717 ac
3111 2653 3324 2736 magis
3380 2660 3634 2737 augeat,
3702 2661 3779 2719 ut
3839 2651 4388 2737 quemadmodum

2431 2735 2737 2819 coepistis
2814 2737 3105 2821 pergatis
3168 2736 3240 2802 in
3303 2737 3613 2804 ecelesiae
3689 2759 3844 2805 suae
3920 2736 4388 2806 aedificatione.

2431 2822 2669 2889 Amen.
2758 2820 3073 2888 Genevae
3118 2826 3156 2886 5
3202 2821 3473 2889 Galend.
3516 2824 3765 2890 Iunias.

3276 2958 3561 3026 Ioannes
3606 2959 3925 3027 Calvinus
3967 2967 4209 3028 vester.

3206 3250 3611 3260 m·-

3323 3486 3475 3559 475.

2962 3621 3371 3692 VIRETUS
3416 3622 3852 3691 OALVINO.

2602 3795 2971 3879 Deperditis
3022 3796 3291 3878 fortasse
3329 3796 3607 3861 eiusdem
3651 3796 3856 3862 literis
3897 3797 4387 3865 antecedentibus

2426 3881 2578 3948 haec
2619 3882 2825 3966 paulo
2879 3882 3213 3948 obscurior.
3294 3880 3453 3966 Ayit
3504 3882 3582 3947 de
3622 3883 3862 3948 actione
3904 3883 4199 3965 quadam,
4243 3903 4386 3950 cum

2425 3967 2857 4034 Beruensibus
2910 3973 3078 4051 puta
3091 4019 3107 4047 ,
3168 3987 3361 4049 quam
3429 3968 3642 4032 minus
3699 3967 3947 4034 cordate
4009 3974 4121 4034 aut
4183 3989 4386 4038 severe

2413 4054 2783 4153 persequuti
2815 4058 3007 4153 erant·
3027 4053 3513 4119 Lausannenses
3545 4073 3735 4135 quam
3755 4051 4124 4152 debuissent.
4164 4054 4386 4121 Etiam

2424 4140 2780 4292 gig-{onmia
2793 4139 3369 4308 ὢῖιῖνξξὲλαὶε
3431 4137 3669 4204 habent.
3760 4138 3969 4204 Pestzs
4027 4145 4379 4223 yrassatur.

2701 4396 2816 4461 (Ex
2852 4395 3187 4466 autographo
3223 4394 3354 4449 Ood.
3392 4394 3596 4449 GeneV.
3635 4392 3803 4461 111⁸,
3834 4394 3935 4479 fol.
3978 4392 4116 4460 128.)

2599 4565 2836 4631 Ioanni
2891 4566 3170 4633 Calvino
3225 4566 3637 4633 Genevensis
3699 4566 4009 4632 ecclesiae
4064 4565 4383 4635 fidissimo

2426 4673 2502 4718 ae
2545 4651 3050 4736 vigilantissimo
3091 4654 3337 4737 pastori
3379 4653 3570 4718 fratri
3614 4674 3810 4736 quam
3854 4652 4190 4803 ‹grissimo
4298 4651 4313 4661 ’

3938 4758 4202 4804 enevae.

2599 4873 2671 4941 S.
2735 4872 2932 4956 Quod
2977 4872 3058 4940 ad
3103 4882 3395 4940 nostram
3439 4875 3760 4941 actionem
3793 4874 3840 4961 ¹)
3887 4875 4157 4955 attinet,
4213 4873 4382 4940 mihi

2427 4960 2665 5039 doluit,
2725 4969 2806 5025 ut
2849 4961 3134 5045 ingenue
3174 4962 3408 5039 fatear,
3455 4959 3627 5044 quod
3671 4981 3806 5025 non
3849 4960 4045 5044 paulo
4087 4960 4382 5029 severius

2425 5048 2932 5131 represserimus
2952 5047 3373 5130 supercilium
3394 5056 3461 5111 et
3480 5046 3910 5130 petulantiam
3947 5044 4379 5129 quorundam,

2424 5134 2539 5199 sed
2584 5132 2856 5198 verebar
2896 5154 3002 5213 ne,
3043 5133 3102 5198 si
3123 5131 3280 5217 quid
3300 5133 3463 5197 mihi
3485 5131 3713 5199 durius
3756 5131 4102 5211 excideret,
4149 5152 4378 5215 quam-

2464 5425 2594 5487 475.
2634 5425 2693 5491 1)
2733 5425 2813 5482 N.
2846 5424 2969 5479 473.
