5050 6167
684 442 810 504 '183

683 624 1146 694 revocandum.
1246 625 1372 691 Cui
1424 625 1522 690 rei
1576 624 2078 710 investigandae
2136 633 2315 691 tuam
2374 628 2641 692 testaris

681 735 820 779 non
864 712 1145 778 defuisse
1200 731 1496 793 operam,
1550 710 1848 793 nihilque
1907 721 2311 794 compertum
2366 712 2557 795 quale
2602 734 2642 778 a

687 799 958 866 cortesio
980 796 1454 879 imponebatur.
1521 796 1667 862 Hoc
1698 818 1861 861 saue
1894 807 2153 862 tantum
2190 799 2637 864 testimonium

684 886 801 954 illa
844 905 1040 969 quam
1084 882 1466 947 iamdudum
1512 881 1593 945 de
1651 889 1715 946 te
1758 883 2175 965 concepimus
2222 884 2442 966 opinio
2486 886 2638 949 irri-

682 981 829 1038 tare
873 991 1007 1036 non
1060 970 1324 1053 patitur.
1414 969 1560 1051 Ego
1605 989 1764 1033 vcro
1807 968 1937 1047 illa,
1984 990 2180 1052 quam
2226 970 2342 1033 tibi
2384 971 2639 1054 irroga-

682 1067 819 1122 tam
875 1064 1088 1140 putas,
1147 1054 1565 1132 contumelia,
1622 1056 1676 1118 si
1735 1054 2132 1118 contumelia
2188 1054 2462 1120 dicenda
2517 1067 2636 1135 est,

683 1152 749 1209 16
791 1142 1115 1226 percitum
1152 1160 1564 1223 nequaquam
1610 1138 1855 1223 putavi.
1947 1140 2098 1205 Alio
2135 1141 2374 1224 quippe
2419 1151 2636 1207 oestro

682 1229 1003 1313 agebaris,
1050 1226 1163 1292 sed
1211 1226 1363 1290 huic
1407 1224 1601 1289 libuit
1644 1224 1968 1290 scribendi
2014 1236 2399 1315 praetexere
2442 1249 2639 1293 excu-

681 1314 1020 1391 sationem,
1067 1333 1152 1377 116
1194 1311 1500 1396 propriae
1546 1309 1859 1376 videreris
1904 1312 2154 1376 vindex
2198 1313 2492 1378 iniuriae.

854 1397 1076 1480 Quam
1133 1399 1359 1480 utique
1418 1418 1457 1462 a
1505 1395 1773 1461 Corte-sio
1815 1396 1933 1461 tibi
1991 1399 2346 1481 irrogatam
2391 1399 2642 1483 putasti

682 1486 986 1573 genuinis
1023 1484 1369 1566 paradoxis
1404 1504 1568 1565 quae
1608 1482 1997 1565 quibusdam
2033 1484 2562 1550 conclusionibus
2580 1485 2640 1569 ⁵)

682 1583 877 1656 (quas
910 1570 1187 1636 fatribus
1229 1569 1692 1651 intempestive
1738 1570 1900 1634 satis
1934 1570 2304 1636 obtruserat
2346 1571 2515 1635 nihil
2560 1571 2640 1636 de

682 1667 748 1724 16
811 1656 1135 1741 cogitans)
1200 1656 1509 1719 inseruit:
1578 1654 1659 1718 de
1722 1654 1962 1736 quibus
2030 1657 2086 1720 si
2153 1665 2370 1721 tecum
2427 1657 2640 1730 literis

682 1744 911 1822 amice,
956 1752 1035 1807 ut
1077 1762 1224 1806 sum
1267 1740 1616 1823 pollicitus,
1662 1742 2036 1820 conflixero,
2095 1762 2227 1806 non
2285 1763 2476 1825 spero
2534 1764 2640 1808 me

680 1832 820 1896 fore
863 1828 984 1893 tibi
1027 1828 1393 1892 molestum.
1483 1826 1631 1891 Non
1677 1815 1871 1903 cuim,
1918 1837 1993 1891 ut
2027 1828 2332 1908 coniecto,
2378 1835 2638 1893 tantum

682 1915 765 1981 de
806 1921 925 1979 tua
948 1913 1064 1979 tibi
1108 1911 1494 1996 persuasisti
1517 1911 1904 1988 eruditione,
1950 1920 2026 1978 ut
2068 1935 2175 1978 me
2211 1936 2293 1978 ex
2331 1937 2410 1980 ea
2454 1916 2640 1997 quasi

681 2023 770 2067 ex
814 1999 1057 2065 divinis
1100 1997 1381 2063 oraculis
1424 1997 1711 2081 pendere
1754 2007 1963 2081 putes.
2054 2000 2342 2066 Tametsi
2393 2000 2640 2065 intelli-

680 2107 835 2172 gam
879 2085 1224 2168 plerosque
1285 2082 1381 2148 ita
1424 2083 1545 2148 tibi
1605 2082 1915 2162 addictos,
1971 2094 2048 2148 ut
2101 2085 2209 2149 vel
2255 2108 2294 2150 a
2346 2087 2639 2152 cuiusvis

680 2170 1106 2238 eruditissimi
1151 2169 1369 2251 potius
1412 2170 1742 2234 sententia
1785 2192 1854 2234 se
1890 2171 2106 2235 ferant
2140 2171 2393 2248 abduci,
2441 2193 2638 2255 quam

681 2259 763 2324 ab
817 2259 1013 2322 unius
1065 2253 1317 2321 Calvini
1388 2254 1736 2319 deflectant
1798 2277 2092 2321 censura.
2202 2257 2457 2322 Horum
2528 2259 2639 2341 qui

678 2343 860 2411 volet
914 2340 1139 2407 laudet
1194 2341 1522 2416 affectum,
1590 2362 1712 2424 ego
1778 2363 2243 2425 usquequaque
2299 2365 2428 2408 non
2489 2365 2638 2408 sum

674 2429 1088 2514 probaturus.
1186 2427 1326 2493 Nec
1382 2427 1504 2491 hoc
1562 2447 1602 2491 a
1656 2449 1761 2491 me
1820 2426 2069 2493 dictum
2112 2436 2304 2512 putes
2347 2450 2474 2512 quo
2517 2451 2637 2495 no-

676 2515 843 2580 mini
889 2521 1001 2579 tuo
1047 2534 1122 2578 ac
1166 2512 1413 2597 gloriae
1449 2509 1814 2592 detraham,
1858 2521 1973 2578 aut
2014 2512 2268 2579 homini
2302 2515 2636 2581 invideam

678 2621 876 2687 quem
939 2597 1126 2665 Deus
1192 2598 1472 2682 egregiis
1549 2596 1810 2663 dotibus
1877 2599 2183 2682 ampliter
2247 2600 2632 2666 cumulavit.

677 2687 788 2753 Ad
846 2686 969 2751 1100
1028 2706 1133 2749 1116
1169 2684 1346 2749 60166
1404 2684 1699 2749 veritatis
1752 2705 1935 2749 amor
1985 2685 2284 2768 impellit,
2343 2708 2461 2770 pro
2506 2706 2636 2770 qua

676 2772 834 2839 dum
878 2771 1106 2836 vivam
1151 2779 1328 2836 totus
1372 2768 1556 2834 stabo
1597 2770 1671 2833 in
1714 2770 1854 2835 acio
1898 2779 2363 2855 propugnator.
2445 2770 2634 2853 Quae

673 2860 733 2926 si
779 2857 1019 2925 vixerit
1040 2877 1162 2940 ego
1196 2856 1447 2939 pariter
1491 2856 1719 2921 vixero
1765 2855 2024 2921 etiamsi
2068 2857 2333 2924 vixeris.
2353 2857 2409 2944 ⁶)
2496 2857 2633 2939 Qui

672 2944 872 3024 volet,
916 2964 1036 3028 pro
1079 2942 1323 3008 laureis
1368 2940 1627 3007 corollis
1662 2961 1737 3006 ac
1774 2937 2051 3025 myrteis
2086 2952 2308 3019 certet,
2355 2964 2477 3027 ego
2513 2964 2633 3026 pro

675 3051 757 3097 ea
800 3031 957 3109 sola,
1002 3050 1138 3094 non
1182 3028 1396 3094 solum
1441 3049 1589 3093 cum
1633 3028 1765 3092 mei
1802 3029 2083 3093 nominis
2127 3028 2241 3093 66(1
2285 3039 2353 3093 01
2396 3030 2633 3112 06111116

758 3115 980 3194 110610,
1046 3115 1103 3180 61
1166 3136 1273 3179 res
1337 3114 1650 3198 exegerit,
1708 3111 1816 3178 vel
1877 3112 2210 3180 mordicus
2264 3115 2628 3181 decertabo.

671 3137 866 3268 &abo
910 3207 1133 3267 autem
1175 3200 1440 3265 iuterim
1498 3219 1761 3282 operam
1808 3220 1891 3262 110
1947 3200 2102 3282 quid
2146 3200 2471 3266 tumultus
2524 3221 2633 3265 me

678 3296 910 3354 autore
952 3288 1023 3351 in
1069 3285 1341 3353 60016616
1375 3284 1763 3361 suboriatur,
1810 3284 2145 3368 feramque
2180 3286 2286 3352 vel
2322 3287 2632 3369 aequani-

673 3375 874 3439 miter
916 3382 983 3436 te
1026 3381 1140 3437 tuo
1184 3371 1449 3436 interim
1491 3371 1625 3434 frui
1668 3369 1921 3435 iudicio.
1990 3370 2121 3437 Odi
2156 3372 2478 3455 siquidem
2524 3381 2632 3436 tu-

669 3459 942 3536 multus,
1043 3459 1113 3522 ui
1172 3456 1339 3522 nihil
1384 3457 1636 3522 fructus
1680 3455 1988 3522 ecclcsiae
2034 3457 2268 3534 afferre
2331 3465 2629 3541 possunt,

670 3545 998 3612 incommo
1046 3563 1157 3608 are
1199 3550 1419 3607 autem
1462 3541 1839 3623 plurimum.
1910 3541 2012 3606 Tu
2051 3564 2307 3627 quoque
2344 3543 2629 3610 vicissim

672 3637 899 3697 curato
942 3636 1016 3694 ut
1060 3626 1231 3713 quod
1275 3628 1401 3694 scis
1447 3648 1554 3691 me
1598 3634 1812 3691 tecum
1858 3645 2050 3709 agere
2092 3630 2362 3695 nescias.

841 3714 1077 3798 Itaque
1112 3713 1387 3779 alteram
1425 3713 1941 3796 propositionum
1980 3735 2109 3797 qua
2142 3722 2207 3781 te
2227 3716 2553 3799 percitum
2574 3715 2628 3800 ⁷)

669 3809 747 3869 ut
812 3803 906 3867 610
972 3799 1307 3875 scriberes,
1377 3799 1549 3863 hanc
1604 3819 1746 3864 esse
1800 3801 2048 3883 putavi.
2156 3799 2497 3880 Christus,
2556 3802 2628 3866 in

669 3894 986 3973 quantum
1032 3884 1238 3962 Deus,
1285 3884 1407 3967 (sic
1453 3884 1630 3948 enim
1673 3883 1932 3968 loquor)
1980 3893 2079 3952 est
2124 3908 2163 3951 a
2206 3908 2277 3951 se
2321 3887 2479 3972 ipso.
2563 3888 2627 3951 A

667 3995 798 4058 qua
840 3980 1098 4038 tantum
1141 3970 1324 4036 abest
1368 3975 1443 4033 ut
1486 3969 1650 4035 velis
1694 3970 2043 4051 discedere,
2089 3980 2165 4036 ut
2202 3993 2439 4056 pergas
2479 3992 2624 4037 66111

667 4060 858 4124 110116
878 4055 1245 4122 rationibus
1268 4054 1497 4120 dietim
1521 4056 1834 4136 stabilire,
1855 4077 1930 4122 ac
1951 4057 2170 4124 ascitis
2194 4057 2626 4141 undequaque

669 4150 972 4211 veterum
1006 4141 1353 4208 sententiis
1402 4163 1568 4224 quae
1602 4142 1723 4207 tibi
1758 4141 2011 4209 obiecta
2046 4150 2202 4208 sunt
2237 4151 2626 4227 argumenta

670 4227 954 4295 eludere.
1046 4226 1241 4293 Unde
1286 4248 1442 4293 vero
1487 4235 1625 4292 tam
1670 4229 2076 4311 pervicacem
2120 4228 2413 4293 animum
2457 4228 2624 4294 hau-

666 4314 833 4381 seris
876 4313 1112 4391 nesci0,
1160 4313 1287 4377 nisi
1329 4312 1502 4397 quod
1545 4335 1771 4379 omnes
1816 4335 1891 4379 eo
1924 4334 2133 4397 paene
2166 4334 2393 4380 sumus
2435 4335 2625 4398 prae-

667 4399 791 4466 diti
834 4397 1030 4482 genio
1073 4406 1149 4462 ut
1191 4398 1394 4465 semel
1438 4399 1709 4486 admissi
1766 4420 1885 4464 1106
1927 4419 2078 4464 raro
2132 4398 2239 4464 vel
2283 4421 2624 4483 nunquam

713 4485 1017 4551 oeniteat.
1122 4485 1342 4567 Turpe
1412 4487 1586 4550 enim
1654 4484 1950 4550 ducimus
2006 4485 2234 4549 funem
2292 4484 2622 4566 reducere,

664 4569 861 4654 idque
905 4583 1050 4632 tum
1092 4571 1381 4636 maxime
1427 4591 1628 4653 quum
1671 4570 1983 4636 literariis
2026 4572 2475 4637 monumentis
2518 4594 2621 4639 se-

664 4655 797 4724 mel
843 4662 1104 4720 nostrae
1142 4655 1547 4733 eruditionis,
1592 4655 1834 4720 nedum
1871 4656 2145 4739 popello,
2191 4656 2305 4722 sed
2349 4667 2416 4723 et
2458 4658 2622 4723 viris

666 4747 1015 4810 emunctae
1057 4741 1238 4806 naris
1293 4741 1494 4806 fidem
1536 4741 1810 4807 fecimus
1852 4741 2177 4826 simulque
2222 4764 2449 4808 eorum
2503 4766 2621 4810 ora

665 4827 1127 4894 demeruimus.
1215 4825 1391 4891 Illud
1426 4834 1648 4892 autem
1681 4827 1988 4909 inprimis
2023 4828 2185 4894 satis
2219 4829 2448 4895 mirari
2482 4850 2621 4896 11011

870 5080 927 5148 5)
960 5081 1050 5136 De
1084 5082 1321 5137 Cercetii
1352 5083 1606 5138 amendia
1641 5083 1888 5153 loquitm·
1923 5083 2192 5140 Calvinus
2227 5085 2306 5140 N.
2341 5084 2466 5139 474.

872 5150 929 5219 6)
965 5151 1119 5205 Boni
1163 5153 1277 5207 viri
1319 5153 1576 5208 latinitas
1621 5169 1690 5208 ea
1733 5159 1831 5221 est,
1881 5153 2148 5222 quaetio
2204 5155 2616 5210 οήαοεοῑῶνα·

663 5220 1136 5277 n‘mnasus'·
1271 5222 1976 5291 conuptitexmzibem.
2156 5223 2168 5237 ’
2292 5222 2614 5291 'simom-

662 5292 801 5344 ωηο·
1024 5305 1148 5344 m:
1164 5292 1395 5415 m
1436 5293 1615 5347 vicero
1649 5298 1701 5346 et
1736 5287 1981 5346 viceris.¹

905 5360 928 5427 )

2339 435 2867 505 EPISTOLAE
2910 441 3036 504 590

4561 446 4672 513 7¹84

2741 627 2926 710 potui
2961 625 3136 711 quod
3166 626 3238 691 in
3280 626 3601 693 vestibulo
3642 627 3955 712 epistolae
3993 627 4266 697 Gortesio
4307 631 4392 696 ad
4426 652 4538 697 1106
4570 631 4675 698 da-

2743 723 2848 778 tae
2902 712 2983 777 de
3040 712 3557 796 propositionum
3611 714 4236 798 reduplicativarum
4295 718 4676 800 expositione

2743 798 3087 877 scribebas,
3133 820 3336 882 eoquo
3371 798 3749 883 diligentius
3797 822 4086 884 expenso
4130 803 4214 879 (si
4258 824 4364 868 res
4406 824 4519 885 pro
4558 825 4676 887 qua

2743 892 3317 951 controversamur
3373 888 3544 949 seria
3604 907 3736 951 non
3791 886 4048 968 fuisset)
4093 897 4159 952 te
4201 889 4534 955 nobiscum
4585 890 4677 954 lu-

2743 970 2897 1036 dere
2951 971 3234 1036 voluisse
3289 980 3638 1052 putassem.
3739 972 4042 1037 Pudebat
4093 973 4433 1055 siquidem,
4489 995 4678 1058 quum

2740 1059 2810 1120 in
2848 1057 3129 1122 comitiis
3164 1056 3493 1139 legeretur
3527 1057 3821 1140 epistola,
3867 1058 4039 1124 ferre
4084 1059 4369 1126 hominis
4400 1061 4679 1143 impense

2743 1141 2914 1207 docti
2965 1142 3039 1207 in
3095 1164 3165 1207 re
3219 1154 3356 1206 tam
3412 1143 3545 1209 levi
3602 1143 4204 1223 hallucinationem,
4249 1146 4320 1209 in
4363 1166 4490 1228 qua
4529 1168 4680 1229 puer

2744 1237 2913 1293 totos
2967 1249 3085 1293 sex
3137 1248 3401 1293 menses
3456 1228 3527 1292 in
3583 1228 3940 1296 dialecticis
4003 1238 4303 1297 versatus
4360 1232 4679 1315 haudqua-

2744 1334 2940 1397 quam
3007 1314 3540 1380 hallucinaretur.
3652 1313 3730 1380 Si
3795 1315 3958 1381 hacc
4028 1326 4142 1381 tua
4203 1317 4481 1400 epistola
4496 1319 4554 1395 8)
4613 1318 4681 1382 16

2745 1407 3122 1464 nostrorum
3169 1399 3515 1465 Gallorum
3571 1421 3806 1466 manus
3863 1403 4258 1483 pervenerit,
4309 1425 4456 1468 eam
4499 1423 4680 1486 quam

2745 1484 2826 1550 (10
2869 1492 2937 1550 10
2980 1483 3387 1550 induxerunt
3429 1486 3802 1569 opinionem
3838 1488 4026 1554 facilc
4070 1499 4333 1554 exuent.
4420 1490 4512 1554 Et
4550 1490 4683 1573 qui-

2743 1572 2866 1637 bus
2911 1570 3174 1637 rixandi
3218 1570 3510 1636 studium
3564 1571 3923 1638 adlubescit
4006 1574 4134 1640 uod
4185 1574 4500 1641 hactenus
4541 1573 4684 1639 hor-

2743 1666 3043 1737 ruerunt,
3081 1658 3355 1740 posthac
3403 1657 3741 1724 nobiscum
3786 1658 3867 1722 de
3912 1680 3983 1725 re
4012 1659 4222 1743 ‘gione
4266 1682 4402 1726 non
4446 1661 4686 1726 detrec-

2745 1744 2983 1809 tabunt
3003 1744 3170 1808 inire
3191 1741 3244 1830 9)
3267 1751 3618 1809 certamen.
3665 1744 4078 1829 Miratusque
4113 1767 4259 1811 sum
4296 1746 4469 1829 quod
4491 1746 4683 1812 hanc:

2745 1827 3056 1894 Christus
3098 1831 3168 1893 in
3210 1838 3530 1912 quantum
3575 1828 3782 1908 Deus,
3827 1839 3932 1895 est
3974 1852 4014 1896 a
4056 1853 4127 1898 se
4168 1832 4331 1916 ipso,
4377 1853 4497 1916 pro
4539 1850 4684 1897 vere

2744 1913 3219 1998 reduplicativa
3241 1914 3509 1980 duxeris
3536 1918 3637 1993 ¹⁰),
3673 1915 4198 2000 quandoquidem
4223 1917 4527 1983 nonnihil
4561 1928 4685 1982 tro-

2743 2002 2924 2084 picae
2967 2000 3364 2085 loquutionis
3410 2001 3624 2081 habet,
3683 2022 3812 2084 quo
3858 2003 3935 2067 fit
3976 2011 4051 2067 ut
4094 2005 4175 2069 ab
4219 2025 4298 2069 66
4339 2024 4683 2088 argumen-

2743 2095 2887 2151 tum
2932 2085 3168 2153 ducere
3213 2109 3342 2151 non
3388 2086 3598 2162 liceat,
3658 2088 3828 2153 sicut
3881 2109 4003 2155 nec
4045 2090 4125 2154 ab
4175 2089 4327 2155 hac:
4388 2090 4686 2155 Christus

2742 2172 2814 2236 in
2870 2181 3189 2255 quantum
3247 2172 3463 2247 homo,
3513 2183 3615 2238 est
3670 2182 3988 2239 creatura.
4082 2173 4304 2255 Quum
4349 2196 4507 2242 vero
4549 2195 4687 2241 eam

2743 2278 2861 2340 pro
2904 2279 3063 2324 vere
3103 2258 3576 2341 reduplicativa
3618 2262 3969 2342 exceperis,
4013 2260 4280 2327 fatearis
4321 2269 4577 2345 oportet
4608 2281 4688 2326 ex

2744 2344 2867 2409 hac
2911 2352 3086 2409 recte
3128 2344 3394 2409 inferri:
3455 2343 3799 2411 Christum
3844 2365 3884 2409 a
3927 2366 3998 2411 se
4051 2347 4192 2428 ipso
4234 2368 4395 2413 6660.
4488 2347 4688 2412 Νο1110

2743 2430 2920 2494 enim
2977 2437 3112 2494 tam
3171 2429 3493 2512 stupidus,
3553 2432 3664 2513 qui
3710 2451 3749 2494 a
3790 2451 3947 2496 vere
3993 2433 4469 2515 reduplicativa
4512 2431 4688 2498 affir-

2739 2516 2987 2579 mativa
3045 2513 3128 2580 ad
3189 2524 3593 2598 exponentes
3636 2517 3990 2581 acervatim
4026 2528 4301 2596 coactas,
4357 2527 4555 2601 atque
4609 2516 4689 2581 ad

2739 2622 2966 2666 earum
2996 2606 3077 2674 ¹¹)
3135 2600 3492 2685 quamlibet
3546 2603 3818 2666 seorsim
3878 2613 4193 2685 sumptas,
4256 2604 4497 2670 bonam
4552 2623 4690 2668 esse

2738 2686 3104 2752 illationem
3149 2709 3279 2752 11011
3322 2686 3667 2771 intelligat.
3758 2685 3945 2768 Quis,
3995 2688 4278 2769 obsecr0,
4323 2710 4410 2754 ex
4471 2688 4688 2773 aequi-

2737 2771 3000 2837 valente
3046 2772 3568 2856 aequivalentem
3628 2773 3844 2857 colligi
3887 2795 4080 2856 posse
4122 2775 4511 2858 negaverit?
4598 2775 4689 2840 At

2737 2867 3143 2941 exponentes
3210 2859 3675 2941 propositionis
3753 2859 4269 2943 reduplicativae
4332 2859 4691 2946 exponibili

2738 2944 3209 3027 aequipollent:
3248 2944 3492 3026 alioqui
3537 2965 3691 3011 vere
3735 2955 4136 3027 exponentes
4189 2968 4386 3013 nemo
4429 2945 4686 3013 dixerit.

2735 3030 3045 3109 Proinde,
3091 3030 3148 3094 si
3191 3030 3335 3113 quis
3379 3031 3473 3094 sic
3517 3030 3840 3096 intulerit:
3888 3030 4212 3111 Christus,
4253 3034 4322 3098 in
4369 3042 4691 3118 quantum

2737 3115 2938 3193 Deus,
2985 3123 3085 3182 est
3128 3136 3168 3179 a
3211 3136 3283 3180 se
3326 3116 3486 3199 ipso,
3532 3136 3689 3200 ergo
3735 3114 4044 3182 Christus
4079 3127 4180 3183 est
4223 3139 4264 3182 a
4305 3141 4377 3185 se
4420 3121 4582 3204 ipsc,
4623 3123 4689 3182 et

2739 3199 3047 3267 Christus
3089 3210 3190 3267 est
3230 3200 3436 3280 Deus,
3481 3209 3551 3266 et
3582 3203 3766 3268 Deus
3810 3211 3912 3265 est
3956 3223 3995 3266 a
4036 3224 4108 3269 se
4150 3204 4313 3287 11160,
4360 3215 4432 3272 61
4474 3207 4532 3272 61
4575 3205 4693 3272 ali·

2736 3286 2895 3368 quid
2952 3296 3052 3353 est
3096 3288 3278 3353 Deus
3334 3288 3546 3369 ipsum
3601 3295 3704 3353 est
3743 3306 3784 3351 a
3827 3308 3898 3353 se
3950 3288 4094 3370 ipso
4137 3326 4225 3338 —
4267 3313 4352 3356 ex
4408 3299 4529 3356 tua
4570 3292 4689 3376 hy·

2736 3371 2993 3453 pothesi
3036 3381 3213 3439 recte
3254 3372 3572 3438 intulerit.
3660 3371 3776 3439 Sic
3831 3373 4010 3438 enim
4067 3375 4148 3441 de
4189 3376 4690 3460 reduplicativa-

2735 3479 2886 3522 rum
2933 3458 3344 3541 expositione
3394 3459 3505 3540 qui
3566 3456 3896 3524 dialectice
3948 3471 4195 3526 norunt
4247 3463 4359 3529 vel
4419 3464 4504 3530 ab
4560 3483 4689 3528 uno

2735 3544 3047 3609 sentiunt.
3130 3586 3134 3589 >

2908 3626 3207 3708 Quorum
3242 3630 3589 3707 sententia,
3633 3630 3894 3713 quando
3927 3632 4274 3699 assertioni
4309 3642 4468 3700 tuae
4502 3654 4690 3719 prae-

2732 3713 3076 3793 iudicabat,
3122 3722 3380 3779 tantum
3424 3714 3608 3781 abest
3651 3722 3728 3780 ut
3769 3716 3893 3781 tibi
3936 3719 4249 3800 arriserit,
4294 3730 4372 3787 ut
4405 3742 4568 3786 mox
4606 3717 4690 3784 ad

2733 3819 2935 3865 novas
2992 3807 3185 3880 artes,
3250 3821 3376 3883 quo
3434 3801 3552 3866 tibi
3617 3808 3872 3885 pateret
3928 3804 4274 3887 effugium,
4335 3806 4687 3872 deflexeris

2729 3884 3070 3968 inquiens:
3109 3884 3330 3967 Quum
3366 3886 3532 3951 mihi
3567 3887 3912 3971 vulgarem
3948 3888 4128 3954 illam
4167 3892 4466 3976 regulam
4491 3910 4687 3975 quam

2731 3970 3048 4037 dialectici
3092 3972 3162 4036 in
3200 3972 3442 4037 scholis
3477 3971 3749 4038 tradunt
3787 3972 3868 4040 (16
3910 3975 4408 4058 reduplicativis
4452 3997 4686 4061 propo-

2730 4056 3081 4123 sitionibus
3123 4058 3450 4137 obiiceret,
3496 4059 3802 4141 respondi
3843 4060 3914 4124 id
3948 4061 4121 4143 quod
4156 4072 4274 4143 cst,
4320 4063 4685 4131 secundum

2731 4163 2930 4224 quam
2996 4153 3236 4210 vocant
3295 4153 3733 4227 exponentem
3803 4145 4038 4212 debere
4097 4171 4227 4214 non
4294 4150 4687 4234 simpliciter

2730 4227 2844 4293 66(1
2889 4229 3249 4295 660611(16111
3294 4229 3452 4311 quid
3493 4231 3793 4315 intelligi,
3850 4232 4090 4316 alioqui
4146 4235 4475 4300 fallaciam
4521 4234 4684 4301 acci-

2730 4313 2945 4380 dent-is
3000 4316 3156 4379 fore.
3256 4314 3423 4397 Quis
3480 4316 3606 4396 hic,
3663 4316 3770 4382 vel
3815 4317 4163 4401 agelastus,
4218 4321 4429 4387 risum
4478 4321 4685 4389 conti·

2730 4400 2931 4465 neat?
2999 4401 3267 4480 Profer,
3325 4422 3581 4484 (1116660,
3642 4402 3740 4468 161
3799 4424 4008 4468 unum
4064 4407 4174 4488 qui
4228 4409 4322 4473 sic
4382 4407 4681 4490 desipiat,

2728 4494 2803 4550 ut
2855 4485 2937 4551 ab
2992 4487 3117 4551 hac
3170 4485 3516 4570 colligendi
3567 4487 3714 4572 lege
3757 4489 4102 4572 aliquando
4146 4491 4583 4570 abhorruerit,
4626 4490 4684 4558 si

2727 4591 2767 4634 a
2810 4593 2965 4637 vere
3019 4572 3508 4656 reduplicativa,
3569 4574 3826 4658 qualem
3883 4576 4054 4641 hanc
4108 4579 4211 4642 vis
4257 4601 4419 4658 6660,
4483 4579 4683 4643 fuerit

2726 4658 3151 4724 ratiocinatus
3196 4667 3391 4741 atquc
3432 4659 3515 4724 ab
3558 4680 3636 4724 ea
3676 4667 4144 4745 argumentum
4190 4663 4478 4732 duxerit.
4567 4662 4680 4731 Sic

2726 4743 2901 4809 enim
2927 4766 3010 4809 ex
3032 4742 3314 4810 admisso
3336 4746 3681 4813 artificiose
3709 4745 3975 4831 colliget
3996 4746 4408 4819 dialecticus:
4447 4750 4680 4818 chris-

2722 5017 4673 5176 mN.{?24mnwm,fof-tasoedoalidquadmdopordda

3027 5196 3092 5240 ·.
3169 5157 3372 5213 Verum
3415 5162 3470 5212 et
3513 5157 4671 5233 afflatorum-optumatium·

2893 5225 2987 5357 133
3022 5228 3373 5377 1(1“.1;Θ6.1·(1ςιῖτ)ο(σι).
3786 5356 3839 5377 ⁸,

2893 5363 3809 5436 insucmutroquemnplm.
