5050 6167
404 424 518 484 501

1297 606 1451 678 440.

889 761 1372 832 SULZERUS
1416 763 1852 830 OALVINO.

575 937 844 1003 Gratias
888 937 1019 1020 ayit
1051 956 1175 1017 pro
1215 956 1468 1000 munere
1507 935 1632 1000 sibi
1673 935 1884 1002 oblato.
1973 935 2076 1001 De
2117 938 2351 1003 intecti

396 1027 504 1092 nis
535 1022 965 1090 ecclesiasticis
996 1022 1330 1088 discordiis
1352 1022 1636 1103 queritur
1667 1027 1856 1104 utque
1879 1024 2130 1088 tandem
2163 1024 2350 1089 inter-

395 1113 672 1178 veniente
725 1107 989 1174 Calvino
1043 1113 1483 1188 componantur
1534 1113 1719 1190 optat.
1827 1108 2009 1175 Nova
2061 1131 2140 1176 ex
2188 1110 2348 1175 Ger-

395 1199 618 1263 mania
639 1196 902 1278 politica
942 1194 1323 1260 transmittit.

399 1370 506 1438 (Ex
543 1367 856 1437 apographo
891 1367 1022 1419 satis
1056 1367 1260 1418 recenti
1299 1365 1435 1418 Bibl.
1473 1366 1675 1419 nation.
1714 1365 2036 1421 Parisiensis
2071 1366 2202 1422 eod.
2237 1366 2346 1419 Du·

1017 1453 1126 1505 puy
1167 1432 1281 1501 102,
1313 1434 1404 1488 fol.
1443 1430 1509 1487 79
1545 1438 1750 1498 verso.)

397 1625 564 1690 Viro
607 1623 1165 1707 praestantissimo
1187 1624 1270 1688 D.
1297 1624 1389 1688 10.
1415 1623 1693 1690 Calvino
1736 1624 1924 1689 fratri
1970 1633 2036 1689 et
2077 1630 2351 1707 patrono

771 1731 889 1775 suo
931 1710 1002 1773 in
1046 1709 1330 1774 Domino
1370 1709 1976 1776 observandissime.

573 1845 809 1926 Salve,
867 1847 956 1910 mi
1015 1848 1246 1911 frater:
1307 1868 1424 1930 pro
1469 1868 1738 1912 munere
1797 1855 1909 1912 tuo
1935 1845 1984 1933 ¹)
2029 1846 2353 1929 amplissi-

395 1955 542 1999 mas
587 1932 756 1997 habe
799 1932 1062 2016 gratias,
1131 1931 1198 1995 id
1246 1931 1415 2016 quod
1459 1953 1661 2016 quum
1703 1932 1934 1997 multis
1977 1932 2354 1999 nominibus

397 2019 547 2085 aliis
590 2027 855 2103 gratum
900 2028 1000 2083 est
1043 2018 1237 2094 mihi,
1294 2026 1436 2081 tum
1497 2039 1572 2083 eo
1629 2020 2040 2102 potissimum
2098 2017 2269 2101 quod
2315 2040 2353 2084 a

397 2115 466 2170 te
510 2104 975 2188 proficiscatur,
1024 2103 1288 2168 homine
1331 2124 1524 2187 quem
1560 2104 1630 2168 in
1667 2104 1955 2169 Domino
1996 2125 2163 2183 am0,
2211 2126 2350 2170 sus·

395 2190 568 2275 picio
612 2199 807 2274 atque
847 2189 1003 2255 colo.
1094 2188 1446 2255 Silentium
1493 2197 1571 2253 ut
1605 2198 1735 2254 tam
1785 2188 2071 2256 studiose
2115 2211 2352 2275 purga-

396 2299 506 2342 res
550 2297 671 2359 per
694 2274 1060 2341 Motha-eum
1094 2295 1507 2340 communem
1543 2275 1823 2342 amicum
1864 2275 1955 2340 nil
1994 2286 2136 2341 erat
2168 2298 2351 2359 opus,

396 2371 478 2428 ut
521 2363 630 2444 qui
675 2362 830 2428 licet
870 2361 1212 2426 literarum
1257 2371 1524 2426 tuarum
1572 2359 1835 2442 avidus,
1897 2364 2085 2444 aequi
2132 2372 2349 2427 tamen

394 2449 683 2530 bonique
729 2448 850 2514 hoc
896 2447 1348 2512 intermissum
1392 2446 1677 2513 officium
1722 2448 1915 2527 facio,
1973 2446 2144 2530 quod
2188 2448 2355 2512 mihi

397 2534 599 2599 etiam
647 2533 908 2616 publico
952 2534 1428 2611 emolumento,
1489 2532 1662 2616 quod
1717 2554 1798 2598 ex
1853 2532 2180 2598 laboribus
2224 2535 2353 2598 tuis

398 2620 716 2698 donatur,
775 2620 1180 2703 compensari
1241 2619 1498 2684 abunde
1549 2618 1713 2683 mihi
1782 2619 2064 2684 coniicio.
2167 2619 2354 2684 Adde

398 2704 604 2791 quod,
662 2704 907 2771 scribas
961 2714 1209 2784 taceas,
1281 2726 1502 2770 meum
1557 2725 1699 2769 esse
1755 2712 1822 2769 te
1878 2714 1946 2770 et
2003 2726 2107 2770 me
2163 2715 2353 2771 tuum

397 2791 597 2876 plane
640 2791 807 2855 mibi
862 2790 1312 2875 persuadeam.
1405 2792 1465 2855 A
1511 2790 1921 2856 Gacensibus
1940 2793 1997 2865 ²)
2041 2792 2354 2858 fratribus

397 2899 638 2962 parum
682 2887 749 2942 te
785 2878 990 2942 amice
1021 2897 1236 2959 nuper
1270 2884 1606 2959 acceptum
1642 2874 1846 2954 doleo,
1893 2883 2031 2941 tum
2070 2879 2354 2943 maxime

398 2961 574 3047 quod
617 2962 992 3046 plusculum
1045 2963 1350 3028 sinistrae
1411 2962 1795 3044 suspicionis
1840 2960 2106 3027 subesse
2151 2963 2351 3029 conii-

398 3049 601 3115 ciam:
659 3048 946 3131 alioquin
1003 3049 1179 3113 enim
1233 3048 1443 3114 obviis
1487 3047 1663 3114 ulnis
1720 3057 1784 3112 te
1829 3048 2046 3118 virum
2093 3056 2224 3112 tam
2270 3047 2353 3113 ad

397 3133 741 3201 commoda
799 3135 1088 3217 ipsorum
1147 3142 1340 3216 atque
1397 3133 1708 3199 ecclesiae
1766 3134 1966 3200 totius
2019 3134 2193 3199 ultro
2238 3157 2351 3200 ex-

397 3221 684 3304 positum
742 3219 1111 3285 debuerunt
1166 3219 1488 3303 amplecti.
1593 3218 1729 3284 Sed
1778 3221 1950 3283 enim
2006 3219 2170 3285 haec
2229 3220 2350 3284 hu-

399 3327 598 3372 mana
675 3327 880 3388 quum
944 3306 1108 3381 sint,
1179 3327 1309 3368 non
1367 3303 1608 3368 debent
1678 3304 1864 3370 nobis
1939 3305 2352 3370 intoleranda

398 3391 696 3470 iudicari,
757 3391 871 3457 sed
915 3390 1273 3456 christiana
1329 3390 1642 3472 nobisque
1688 3389 1888 3474 digna
1924 3391 2244 3474 patientia
2288 3399 2352 3457 et

400 3478 911 3560 aequanimitate
947 3475 1334 3559 superanda.
1424 3478 1641 3559 Atque
1676 3476 1930 3540 utinam
1974 3477 2222 3541 occasio
2257 3478 2350 3542 of-

399 3563 651 3628 feratur
694 3561 1044 3646 aliquando
1088 3562 1235 3642 tibi,
1290 3583 1422 3645 qua
1464 3561 1676 3644 possis
1718 3583 1864 3627 cum
1911 3583 2177 3646 procere
2221 3584 2351 3628 uno

403 3657 517 3715 aut
571 3649 779 3714 altero
835 3670 919 3713 ex
973 3648 1213 3713 nostris
1271 3646 1662 3713 familiarius
1726 3658 1792 3711 et
1855 3668 2074 3712 coram
2136 3669 2349 3732 agere,

402 3756 526 3817 quo
571 3733 917 3819 adpareat,
974 3757 1128 3799 vere
1184 3733 1381 3798 etiam
1441 3733 1678 3797 animis
1722 3732 2129 3815 conspirare,
2190 3755 2351 3817 quos

403 3820 470 3885 in
511 3818 810 3885 doctrina
867 3819 1202 3905 religionis
1260 3818 1427 3884 nihil
1484 3819 1851 3901 discrepare
1908 3839 2027 3901 ego
2087 3818 2348 3901 quidem

401 3904 639 3972 iudico:
699 3927 896 3990 quam
954 3906 1035 3971 ad
1081 3927 1218 3970 rem
1265 3906 1320 3971 si
1365 3903 1522 3986 quid
1557 3913 1889 3987 praestare
1925 3924 2044 3986 ego
2088 3905 2347 3986 possim,

402 4012 533 4056 non
584 3994 726 4059 sine
783 4000 1019 4056 conatu
1076 3989 1302 4056 sedulo
1367 3990 1727 4055 defuturus.
1747 3987 1803 4075 ⁸)
1905 3989 2005 4054 Cu
2052 3988 2115 4053 io
2174 3991 2349 4054 enim

401 4098 484 4143 ex
529 4079 749 4143 animo
791 4077 872 4144 iis
916 4078 1269 4143 convenire
1312 4077 1380 4141 in
1405 4075 1688 4140 Domino
1722 4095 1885 4158 quos
1927 4095 2005 4139 ea
2050 4095 2152 4139 em
2197 4095 2348 4157 pro-

401 4163 613 4242 fessio,
679 4163 857 4228 idem
902 4163 1337 4228 ministerium
1381 4162 1611 4244 iungit.
1703 4160 2030 4226 Valetudo
2071 4159 2350 4227 subinde

399 4246 678 4315 adversa
719 4250 875 4315 lieet
915 4249 1080 4314 mihi
1131 4257 1348 4313 tecum
1403 4246 1769 4313 communis
1812 4249 1915 4325 sit,
1970 4254 2196 4312 tamen
2239 4256 2353 4313 tua

399 4354 506 4400 me
548 4335 762 4419 magis
799 4356 996 4417 quam
1033 4355 1181 4400 mea
1215 4332 1572 4400 sollicitum
1605 4333 1823 4412 habet,
1865 4353 2076 4415 neque
2116 4331 2182 4397 id
2219 4354 2352 4398 una

401 4440 486 4485 ex
529 4440 749 4488 causa.
837 4419 1199 4486 Dominum
1255 4419 1461 4505 igitur
1513 4439 1743 4502 precor
1762 4470 1776 4496 ‚
1832 4420 1928 4484 uti
1985 4418 2349 4485 misericor-

401 4504 570 4572 diter
613 4516 968 4590 utrumque
1010 4507 1317 4572 restituat·
1361 4504 1686 4582 ecclesiae,
1733 4505 2058 4586 donetque
2103 4515 2182 4569 ut
2223 4504 2350 4570 eol-

397 4589 695 4658 laborare
759 4593 887 4676 ipsi
965 4612 1114 4657 cum
1180 4593 1397 4657 fructu
1477 4590 1829 4656 valeamus.
1937 4588 2044 4654 De
2107 4588 2352 4657 Bucero

400 4678 595 4743 anxie
639 4679 932 4761 inquiro,
985 4678 1099 4744 sed
1155 4676 1319 4743 nihil
1366 4676 1612 4760 accipio
1658 4677 1873 4758 sesqui
1917 4677 2049 4741 iam
2090 4694 2348 4742 mense:

398 4784 565 4829 uxor
605 4763 745 4830 filio
789 4784 939 4829 eum
983 4785 1212 4830 recens
1257 4770 1412 4829 nato
1456 4761 1895 4845 locupletavit.
1917 4761 1977 4845 ⁴)
2034 4759 2353 4827 Brun-svi-

399 4851 600 4916 censis
644 4851 833 4916 varia
876 4849 1149 4917 consilia
1181 4848 1646 4933 moliminaque
1684 4847 1756 4914 in
1792 4846 2150 4915 vindictam
2185 4849 2349 4915 Pro-

430 5070 561 5131 440.
599 5073 657 5138 1)
699 5071 826 5126 Iam
857 5073 992 5127 liber
1025 5077 1219 5127 eontra
1253 5071 1511 5141 Piylu’um
1544 5086 1725 5127 mee
1758 5072 2036 5127 Imuario
2047 5070 2348 5141 prodierat.

604 5141 662 5206 2)
701 5143 848 5195 alias
887 5140 1154 5195 Gaio-ses
1185 5141 1426 5196 audiunt
1458 5141 1626 5212 (pay,
1657 5141 1725 5196 de
1765 5140 1926 5209 Geoe).

604 5209 665 5276 3)
706 5208 801 5265 Sic
834 5210 1017 5276 coda,
1045 5225 1339 5279 perperam
1373 5224 1523 5265 me.

403 5278 848 5403 minace
897 5280 1042 5334 litem
1095 5273 2350 5350 deeiuconiuoiodirenmlefiN.400

2034 424 2193 485 1543
2237 421 2404 488 IAN
2405 421 2781 489 .-11·EBR.

4278 436 4400 500 502

2452 612 2838 678 testantium
2905 613 3393 680 architectatur.
3515 616 3710 682 Unde
3788 617 3911 684 sibi
3987 621 4401 703 potissimum

2452 697 3013 783 Memmingenses
3075 701 3415 780 timent,⁵)
3471 701 3605 768 late
3677 725 3762 768 ue
3817 706 3939 771 sub
3997 727 4127 771 uno
4175 707 4404 791 clypeo

2451 782 2688 868 ingens
2730 786 3215 867 pontificiorum
3271 795 3552 853 caterva.
3698 788 3777 853 ed
3835 799 4067 873 potens
4124 804 4225 857 est
4267 794 4401 858 Do-

2453 870 2677 934 minus
2720 870 3071 953 impiorum
3131 873 3399 938 consilia
3450 872 3787 957 dissipare.
3885 876 4024 943 Nec
4070 877 4405 943 dormiunt

2452 955 2701 1021 cordati
2743 963 2812 1020 et
2854 957 3181 1040 principes
3237 966 3306 1023 et
3359 960 3618 1042 imperii
3675 961 3952 1027 ordines.
4053 963 4407 1030 Norinber-

2453 1040 2682 1125 gensia
2745 1042 3006 1108 comitia
3021 1045 3078 1126 ⁶)
3146 1043 3225 1108 ob
3284 1044 3534 1111 'Furcae
3597 1046 3902 1112 instituta
3966 1050 4183 1115 nescio
4247 1049 4400 1132 quid

2450 1127 2842 1210 parturiant.
2931 1129 3239 1193 Paritura
3281 1140 3458 1195 certe
3501 1132 3669 1196 nihil
3713 1141 4050 1215 putantur,
4106 1135 4277 1217 quod
4324 1135 4405 1201 ad

2453 1211 2968 1279 incolumitatem
3015 1214 3189 1279 orbis
3235 1213 3575 1280 christiani
3610 1219 3819 1282 faciat.
3913 1218 4150 1285 Caesar
4191 1222 4403 1287 conci-

2451 1298 2617 1363 lium
2675 1298 2976 1364 Tridenti
3032 1301 3407 1365 institutum
3467 1322 3701 1384 parum
3757 1304 3970 1370 fertur
4024 1305 4405 1389 adprobare,

2453 1382 2631 1467 quod
2682 1386 3055 1467 pontificem
3111 1395 3486 1469 suspectum
3542 1388 3779 1453 habeat
3831 1411 3950 1454 eeu
4006 1412 4155 1456 cum
4222 1392 4407 1458 Gallo

2453 1471 2654 1535 nimis
2689 1471 3054 1537 faventem:
3107 1472 3514 1538 Granvellam
3550 1481 3773 1540 tamen
3811 1475 4046 1541 mittet.
4071 1478 4127 1558 ⁷)
4191 1478 4403 1543 Exer-

2453 1557 2658 1621 citum
2700 1556 2875 1622 idem
2920 1579 3035 1640 per
3077 1558 3401 1624 Alsatiam
3459 1561 3807 1626 conscribit
3862 1562 3928 1625 in
3973 1561 4405 1628 Germaniam

2453 1642 2831 1707 inferiorem
2876 1642 3343 1710 deducendum.
3365 1649 3426 1722 ⁸)
3529 1646 3664 1711 Nos
3722 1647 3794 1709 in
3852 1654 4074 1712 vetere
4119 1655 4298 1714 statu
4342 1657 4409 1713 et

2455 1727 2838 1793 valetudine
2883 1750 3136 1809 sumus,
3196 1751 3313 1812 pro
3357 1730 3591 1813 quibus
3635 1752 3794 1815 rogo
3837 1735 4115 1816 precetis
4159 1733 4405 1799 studio-

2455 1814 2712 1879 sissime
2757 1813 3116 1881 Christum.
3202 1815 3390 1881 Bene
3445 1817 3624 1894 vale,
3682 1819 3775 1882 mi
3831 1820 4051 1884 frater.
4154 1818 4408 1906 Scripsi

2455 1899 2715 1965 Bernae
2758 1900 2966 1983 pridie
3011 1901 3150 1967 Cal.
3197 1900 3390 1966 Febr.
3439 1902 3565 1967 An.
3622 1906 3801 1967 1543.

2631 2035 2864 2103 Saluta
2907 2058 3176 2102 uxorem
3223 2045 3289 2102 et
3331 2049 3745 2123 symmystas.

3754 2177 3827 2242 T.
3876 2175 4234 2242 Sultzerus.

3355 2702 3509 2774 450.

2888 2841 3498 2928 PALEARIU81)
3539 2841 3966 2908 oALleo.

2631 3011 2835 3078 Illum
2877 3018 2935 3078 et
2987 3013 3289 3096 evanqelii
3337 3013 3577 3094 pwrius
3629 3014 3887 3080 docendi
3927 3014 4297 3097 coryphaeos
4337 3016 4408 3081 in

2462 3098 2813 3163 Germania
2863 3100 3150 3165 certiores
3200 3099 3359 3181 facit
3399 3099 3476 3165 de
3527 3100 3614 3164 iis
3677 3119 3835 3180 quae
3898 3102 4084 3166 ouria
4145 3121 4410 3167 romana

2454 3183 2851 3251 machinatur
2892 3186 2960 3249 in
3004 3186 3236 3268 neyotio
3293 3185 3559 3251 concilii.
3654 3184 3870 3251 Severe
3901 3186 4132 3250 notatis
4172 3188 4406 3270 episco-

2445 3289 2681 3349 porum
2721 3271 2930 3349 vitiis,
2989 3270 3144 3351 quid
3187 3291 3228 3336 a
3283 3270 3507 3336 talium
3549 3270 3782 3354 synodo
3823 3272 4171 3351 exspectari
4203 3273 4411 3355 possit

2454 3355 2680 3420 iisdem
2731 3356 3194 3436 dispiciendum
3235 3357 3564 3440 proponit,
3629 3355 3821 3422 simul
3885 3356 4107 3423 addita
4168 3358 4408 3425 ratione

2660 3626 2719 3692 ὅ)
2765 3626 3111 3698 Guelferbyto
3143 3627 3632 3710 idm-Amystis
3681 3626 3818 3682 1542
3865 3645 3903 3683 a
3951 3627 4312 3712 Landqravio
4359 3636 4409 3685 et

2458 3694 2680 3775 βαι-οπο
2726 3702 3052 3777 eaepuqnato,
3099 3696 3527 3779 Bruaemnms
3576 3697 3859 3752 molemus-a
3903 3697 4245 3779 adversarias
4293 3714 4407 3754 na·

2453 3779 2622 3844 iorem
2654 3769 2915 3818 terrorem
2946 3782 3061 3819 tam
3094 3781 3208 3846 non
3243 3772 3482 3847 epau-tere
3511 3772 3779 3848 poterant.
3870 3763 4018 3834 ῥυτά
4062 3781 4187 3821 vero
4236 3766 4406 3822 Ment—

2453 3847 2759 3899 mmyenses
2808 3834 2879 3887 ab
2931 3848 2992 3888 eo
3037 3834 3274 3916 penculi
3339 3839 3619 3889 timuermt
3681 3834 3837 3904 apud
3908 3833 4178 3889 Unoldum
4247 3834 4403 3901 (Res.

2460 3901 2651 3955 Geseh.
2704 3917 2754 3954 υ.
2810 3900 2923 3964 Μ.)
2976 3908 3027 3956 et
3078 3903 3213 3957 alibi
4000 3903 4277 3958 Caeterum
4331 3905 4403 3971 ef.

2458 3969 2656 4024 Ranke
2692 3968 2799 4024 IV.
2835 3968 2952 4023 203.
3023 3969 3190 4053 Eleia.
3265 3972 3314 4026 I.
3353 3971 3471 4054 276.
3543 3972 3835 4028 Hortleder
3872 3971 3924 4025 I.
3966 3970 4066 4024 771
4103 3986 4177 4026 ss.

2659 4037 2720 4171 ξ)
2876 4039 3023 4163 44⁵5oe
3054 4040 3309 4163 iptso3dte
3341 4041 3598 4096 enchoata
3645 4049 3789 4095 sunt.
3868 4039 4069 4095 Teoetus
4100 4045 4405 4109 corruptas.

2832 4147 2843 4159 .
2983 4148 2998 4175 ,
3032 4123 3141 4162 no.
3213 4148 3225 4162 .

2486 4242 2619 4326 459.
2657 4174 2719 4312 g)
2751 4177 3022 4300 ww
3039 4246 3189 4368 Em
3208 4174 3289 4300 Geli
3326 4216 3537 4328 taen-itis:
3581 4245 3756 4328 Apm'i
3798 4245 4051 4326 Palearii
4103 4259 4153 4298 v.
4202 4242 4402 4324 disser-

2453 4318 2574 4435 is».
2611 4314 2835 4437 1728Ῑᾷ
2854 4315 3004 4466 ἓῗὲῥ
3033 4384 3262 4465 caeterea
3300 4313 3625 4463 carf‘fschn:
3636 4384 3666 4464 '.
3684 4390 3720 4450 ι,
3766 4327 4401 4463 εῗὲεῗῖοῗεῗωὸὲῖἓῖ

2457 4449 2566 4504 XI.
2610 4449 2695 4504 47.
2778 4450 3015 4520 Ser-epm
3056 4453 3146 4507 dle
3191 4456 3336 4507 mter
3381 4451 3497 4506 alia
3542 4453 3830 4506 Actionem
3880 4467 3937 4503 m
3987 4450 4280 4504 Pontifices
4314 4466 4402 4504 ro·

2453 4534 2641 4573 manos
2671 4527 2733 4601 et
2766 4537 2953 4574 eorum
2988 4521 3221 4575 asseclas
3254 4520 3323 4575 ad
3360 4520 3763 4603 imperatorem,
3800 4520 3980 4601 {leges
4027 4525 4084 4573 et
4117 4519 4402 4588 Principes

2452 4588 2566 4669 chr.
2604 4605 2738 4669 reip.
2776 4606 3011 4670 summos
3047 4605 3376 4670 oecumenici
3412 4589 3624 4642 concilu
3658 4589 3936 4670 praesides
3973 4605 4136 4657 quum
4173 4589 4241 4642 de
4276 4604 4402 4643 con·

2452 4656 3610 4809 ffssaeff'ssssafffflssssfssffiafffflmffi
3631 4657 4403 4794 ¹52,*;⁰;m⁸“02”⁸m{2„3,22”3

2445 4793 2798 4875 praefatione
2828 4795 2924 4849 ab·
2958 4795 3120 4851 dmt:
3156 4796 3311 4876 Meae
3347 4796 3537 4875 literae
3571 4810 3710 4874 unae
3746 4800 3912 4876 atque
3947 4796 4151 4876 alterae
4186 4793 4401 4847 adHel-

2453 4868 2633 4918 vetios
2678 4869 2737 4916 et
2780 4862 3078 4918 Germanos
3121 4880 3278 4917 anms
3330 4864 3701 4933 superioribus
3756 4869 4018 4932 scriptae,
4077 4878 4194 4915 s1ne
4244 4877 4400 4943 prae·

2450 4931 2657 4987 satione
2711 4932 2944 5014 nominis
2956 4972 2979 5014 ,ι
3024 4947 3165 5013 quae
3211 4948 3366 5002 spes,
3414 4932 3561 5000 quod
3608 4932 3919 5014 consilium,
3970 4932 4062 5000 qui
4097 4933 4260 5011 animi
4293 4931 4401 4984 mei

2451 5016 2655 5082 sensus·
2693 4999 2882 5066 fuerit,
2934 5001 3238 5082 significare
3289 5005 3601 5082 potuerunt.
3693 5001 3855 5082 Vides
3901 5015 4018 5082 eum
4063 4999 4165 5081 has
4214 4999 4402 5052 lateo-ao

2452 5083 2738 5138 ser-psum
2769 5070 3140 5139 superioribus
3175 5086 3360 5137 annis,
3405 5083 3571 5138 quam
3616 5068 3774 5123 Actio
3820 5073 4028 5136 scripta
4072 5073 4148 5122 snt
4178 5081 4239 5121 eo
4275 5072 4399 5121 teu·-

2554 5154 2583 5192 e
2756 5137 2824 5192 de
2855 5138 3083 5220 conenit?
3129 5137 3276 5192 Trid.
3312 5137 3494 5219 adhue
3522 5136 3931 5219 deliberaretur.
4003 5131 4098 5189 Ex
4144 5135 4244 5191 hoc
4287 5135 4400 5191 solo

2638 5207 2777 5330 ..th
2820 5205 3908 5344 oefflffiawwamw
3931 5201 4177 5329 2233
4197 5204 4401 5330 Ῑὲῗῖἒ

2449 5290 2577 5330 esse.
2755 5291 2827 5330 ra
3135 5291 3223 5330 rto
3565 5289 3693 5331 vero
3907 5289 3936 5328 e

2447 5343 2677 5399 honum
2710 5350 2762 5399 et
2796 5343 3060 5415 Mam
3094 5344 3147 5399 11.
3181 5346 3244 5399 in
3276 5345 3476 5399 uotiua
3508 5344 3588 5399 lit.
3627 5345 3680 5399 Π.

3288 3910 3477 3957 rastra
3526 3903 3908 3973 quaesivimus.

3890 5426 3989 5482 32*
