5050 6167
378 396 490 458 721

373 583 661 650 maxima
808 583 937 649 tuit
994 583 1334 650 atrocitate
1387 584 1457 649 in
1521 605 1644 651 nos
1700 583 2135 651 debacchatus
2202 590 2319 649 est.

374 668 671 736 Aderant
772 671 866 735 eri
882 670 940 752 ⁶)
1004 670 1263 736 circiter
1326 671 1690 755 sexaginta,
1752 691 1955 753 quum
2010 670 2082 735 in
2134 678 2325 736 coetu

374 758 696 839 scriptura
735 762 1147 821 tractaretur.
1235 757 1404 821 Erat
1460 757 1533 820 in
1586 756 1889 821 manibus
1944 755 2060 820 ille
2111 757 2318 822 locus:

373 842 781 909 Exhibentes
846 862 966 907 nos
1030 852 1346 925 tanquam
1413 843 1542 908 Dei
1605 842 1894 907 ministri
1910 892 1926 922 ,
2009 842 2079 906 in
2143 841 2323 907 omni

374 927 722 994 tolerantia
778 935 898 993 etc.
922 929 977 1008 ⁷)
1088 927 1448 993 Contexuit
1504 937 1888 1012 perpetuam
1946 927 2323 1007 antithesin,

373 1022 449 1080 ut
535 1033 756 1079 rorsus
801 1014 980 1078 omni
1026 1035 1108 1078 ex
1151 1022 1339 1096 parte
1381 1014 1714 1079 contraria
1759 1013 1980 1077 omnia
2018 1014 2089 1078 in
2133 1012 2323 1078 nobis

372 1111 438 1167 et
476 1036 731 1166 ὅὴιίειί
774 1099 1092 1165 ministris
1136 1099 1526 1165 ostenderet.
1616 1099 1815 1164 Lusit
1847 1119 2004 1184 ergo
2037 1100 2107 1163 in
2146 1099 2323 1165 hunc

371 1184 667 1252 modum:
734 1183 1018 1250 Paulum
1083 1185 1285 1251 fuisse
1344 1206 1609 1252 servum
1668 1186 1827 1264 Dei,
1892 1206 2015 1250 nos
2072 1185 2323 1250 servire

372 1270 574 1337 nobis.
666 1271 903 1336 Fuisse
944 1269 1131 1335 illum
1180 1271 1763 1353 patientissimum,
1808 1290 1927 1335 nos
1968 1271 2322 1353 impatien-

370 1358 675 1423 tissimos.
797 1356 1128 1441 Vigilasse
1193 1356 1379 1422 illum
1445 1356 1527 1421 de
1593 1369 1784 1422 nocte
1861 1365 1938 1420 ut
2013 1356 2323 1422 ecclesiae

370 1440 804 1508 aedificationi
870 1464 941 1508 se
993 1442 1430 1526 impenderet,
1500 1462 1617 1507 nos
1679 1440 1964 1507 ludendo
2022 1441 2319 1526 vigilare.

370 1528 685 1596 Sobrium
726 1527 912 1593 illum
955 1529 1176 1606 fuisse,
1221 1549 1338 1594 nos
1374 1527 1677 1593 ebriosos.
1765 1527 1965 1593 Illum
2009 1535 2324 1593 vexatum

368 1615 573 1681 fuisse
608 1613 1054 1693 seditionibus,
1087 1635 1210 1679 nos
1247 1634 1358 1679 eas
1393 1634 1819 1679 commovere.
1885 1612 2085 1679 Illum
2120 1614 2324 1679 fuisse

369 1708 645 1779 castum,
691 1721 811 1767 nos
855 1721 997 1766 esse
1041 1706 1448 1765 scortatores.
1547 1699 1750 1764 Illum
1807 1720 2063 1764 carcere
2122 1700 2324 1764 fuisse

367 1785 719 1864 inclusum,
780 1807 898 1851 nos
957 1784 1290 1850 includere
1347 1787 1403 1851 si
1457 1787 1602 1869 quis
1656 1785 1856 1850 verbo
1908 1806 2029 1850 nos
2084 1783 2320 1850 laedat.

367 1871 571 1938 Illum
638 1892 831 1937 usum
893 1872 1095 1937 fuisse
1160 1873 1457 1953 potentia
1517 1870 1675 1948 Dei,
1739 1891 1859 1935 nos
1923 1872 2023 1936 uti
2089 1871 2321 1936 aliena.

368 1958 577 2023 Illum
633 1958 713 2024 ab
770 1958 914 2023 aliis
955 1977 1228 2042 passum
1282 1956 1517 2034 fuisse,
1581 1977 1701 2022 nos
1763 1957 2065 2039 persequi
2129 1957 2324 2021 inno-

370 2055 612 2110 centes.
702 2042 881 2125 Quid
924 2043 1186 2125 quaeris
1229 2041 1556 2126 amplius?
1658 2042 1821 2106 Fuit
1861 2043 2129 2108 omnino
2172 2062 2324 2108 san-

370 2130 674 2214 guinaria
708 2130 934 2194 oratio.
1004 2129 1208 2194 'Pacui
1231 2129 1299 2192 in
1325 2128 1710 2211 praesentia,
1750 2148 1836 2193 ne
1862 2127 2325 2194 accenderetur

368 2235 592 2281 coram
637 2222 736 2278 tot
779 2215 1110 2280 extraneis
1154 2214 1361 2279 maior
1395 2215 1755 2280 contentio:
1802 2213 1916 2279 sed
1952 2213 2131 2296 apud
2165 2236 2324 2297 syn-

369 2301 551 2368 dicos
594 2308 991 2384 conquestus
1035 2321 1200 2386 sum.
1223 2301 1284 2383 ε5)
1386 2300 1570 2366 Haec
1616 2300 1909 2364 omnium
1955 2300 2324 2365 schismati-

368 2408 599 2453 corum
654 2387 922 2452 fuerunt
975 2387 1281 2470 auspicia.
1367 2386 1513 2469 Ego
1558 2391 1637 2448 ut
1676 2383 1963 2451 hominis
2005 2387 2322 2468 intempe-

365 2475 535 2538 riem
600 2473 961 2554 reprimere
1032 2471 1386 2549 studerem,
1465 2491 1597 2535 non
1675 2479 1934 2535 tantum
2014 2492 2327 2554 perversa

367 2558 616 2643 agendi
685 2558 940 2623 ratione
1018 2567 1087 2622 et
1152 2556 1646 2623 maledicentiae
1716 2557 2112 2639 procacitate
2176 2577 2326 2622 sum

366 2650 755 2724 commotus,
801 2642 916 2709 sed
958 2644 1112 2727 quia
1154 2642 1524 2708 falsissimis
1577 2642 1921 2708 calumniis
1979 2663 2101 2709 nos
2157 2642 2324 2708 infa-

363 2738 688 2798 maverat.

542 2813 751 2881 Vides
773 2818 826 2896 ⁹)
884 2837 1065 2882 nunc
1118 2816 1357 2899 quibus
1411 2836 1673 2901 premar
1727 2814 2069 2900 angustiis.
2180 2813 2324 2880 Iam

365 2923 526 2968 vero
585 2924 671 2968 ne
726 2902 882 2987 quid
936 2902 1195 2968 deesset
1248 2900 1334 2967 ad
1398 2902 1734 2968 miseriam
1793 2901 1900 2966 vel
1965 2900 2184 2983 potius
2241 2900 2323 2966 ad

363 2988 673 3054 miserias
705 3009 905 3066 meas,
939 2988 1140 3072 legati
1163 2988 1552 3078 Bet-natium
1579 2987 1849 3071 Neylius
1870 2994 1939 3050 et
1958 2984 2326 3052 ,Eo-lacensis

366 3076 593 3139 senior
655 3075 814 3140 hinc
867 3094 1079 3158 nuper
1132 3074 1519 3158 gravissime
1578 3073 1813 3138 offensi
1865 3071 2324 3150 discesserunt,

363 3158 545 3243 quod
626 3159 707 3226 de
769 3160 1011 3227 finibus
1076 3159 1260 3224 nulla
1323 3160 1535 3242 potuit
1597 3158 1879 3223 inveniri
1940 3158 2111 3223 ratio
2177 3177 2327 3223 cum

364 3246 617 3313 nostris
659 3245 1085 3331 transigendi,
1139 3243 1313 3328 quod
1356 3264 1434 3309 eo
1477 3253 1579 3310 est
1630 3243 1964 3328 indignius
2016 3241 2187 3326 quod
2244 3242 2328 3308 de

363 3340 586 3406 nihilo
607 3332 1075 3422 propemodum
1112 3331 1475 3417 litigabant.
1539 3331 1633 3395 Et
1668 3329 1932 3412 quidam
1966 3328 2329 3411 importuni

364 3426 675 3492 homines
708 3445 817 3488 me
851 3422 924 3486 in
958 3418 1193 3495 triviis,
1238 3425 1315 3482 ut
1348 3416 1564 3493 audie,
1600 3422 1913 3498 tanquam
1947 3434 2329 3498 sponsorem

364 3514 553 3597 pacis
598 3510 951 3594 appellant,
1005 3525 1207 3589 quum
1262 3502 1699 3569 obstinatione
1751 3501 1878 3583 ipsi
1930 3520 2052 3565 sua
2104 3510 2171 3564 et
2224 3500 2326 3565 in-

365 3619 534 3665 sana
580 3595 818 3661 ferocia
859 3613 1087 3678 pacem
1130 3589 1343 3674 quoad
1386 3591 1459 3654 in
1501 3609 1572 3654 se
1615 3593 1715 3652 est
1757 3587 2168 3668 abrumpant.

544 3683 744 3748 Nunc
821 3700 980 3746 vero
1045 3678 1127 3742 ad
1192 3684 1343 3741 tuas
1420 3675 1663 3740 literas.
1700 3674 1755 3712 ¹⁰
1906 3670 2329 3737 Marcurtium

367 3775 646 3836 eatenus
691 3784 1160 3834 excusaveram
1215 3783 1300 3827 ne
1344 3769 1611 3845 putares
1665 3760 1749 3822 ist
1800 3779 1882 3823 uc
1935 3756 2191 3822 venisse
2244 3777 2329 3821 ex

366 3855 752 3938 composite.
862 3850 1167 3918 Sciebam
1231 3849 1406 3913 enim
1470 3844 1648 3910 aliud
1714 3844 1916 3909 fuisse
1980 3841 2324 3909 consilium

364 3941 793 4025 profectionis
809 3990 823 4016 ,
880 3959 1016 4003 non
1072 3944 1295 4000 tamen
1351 3933 1673 4016 negabam
1717 3931 1874 4013 quin
1917 3937 1986 3993 et
2027 3928 2326 4010 volupta-

363 4035 503 4092 tem
551 4027 837 4108 cepisset
887 4045 970 4088 ex
1026 4021 1269 4100 turbis,
1323 4026 1391 4084 et
1444 4038 1554 4083 eas
1607 4036 1726 4100 pro
1783 4014 1960 4080 virili
2014 4014 2322 4079 auxisset.

365 4111 717 4196 Collegam
755 4120 945 4175 tuum
969 4111 987 4148 ¹
1006 4112 1054 4182 ¹)
1100 4106 1267 4172 nihil
1312 4106 1515 4170 miror
1548 4102 1752 4168 fuisse
1785 4101 1859 4165 in
1902 4120 2009 4164 me
2053 4120 2330 4165 commo-

365 4205 534 4264 tum.
627 4197 871 4263 Libere
913 4194 1091 4259 enim
1134 4191 1331 4257 bilem
1376 4211 1593 4256 meam
1636 4197 1778 4255 tum
1819 4187 1996 4271 apud
2039 4185 2333 4252 Marem-

585 4436 646 4496 6)
681 4436 734 4490 d.
782 4433 1005 4488 Veneris
1028 4431 1113 4489 30.
1142 4432 1305 4488 Maii.
1367 4431 1560 4487 Coetus
1582 4431 1668 4486 iai
1702 4431 1867 4500 (quas
1887 4428 2332 4498 conynqatima

365 4505 656 4640 dicebarglg)
676 4502 1372 4638 ἐιοοοοῗεὸῗεξὺναὸαπιαν.
1610 4625 1615 4630 .

369 4717 452 4768 ωε
486 4641 641 4766 (ηεξ)
656 4638 1391 4791 ,ἒέιξῖἑέλαᾝρὲῗῗΐίἰ
1418 4638 1498 4773 ἴ.
1622 4649 1959 4770 mm*
1960 4648 2271 4784 „maqssomm
2267 4633 2334 4765 ’ἕξ

656 4795 883 4834 nomana
929 4785 1167 4832 recenset
1192 4774 1446 4859 ‚Gaberel
1480 4773 1529 4827 1.
1563 4770 1681 4826 360.
1731 4802 1810 4854 —·
1844 4772 1917 4826 M.
1953 4771 2145 4825 Oalvm
2180 4789 2213 4824 a
2247 4788 2332 4824 re-

368 4850 519 4904 velle
558 4865 668 4918 que
701 4865 803 4917 par
838 4864 906 4917 cy
940 4846 1142 4899 devant
1161 4847 1228 4928 ,11
1263 4862 1298 4898 a
1330 4845 1436 4897 heu
1478 4844 1748 4912 plusieurs
1794 4842 2094 4923 insolences
2142 4844 2333 4921 contre

369 4919 643 5040 ‹tl-uelqities
677 4916 954 4969 ministres
989 4918 1047 4969 et
1083 4914 1199 4984 quil
1234 4932 1305 4967 na
1327 4918 1444 4968 este
1455 4928 1563 5035 ἓῖο
1579 4912 1633 5032 {e
1654 4910 2332 5047 ωνοΠέ-Θὲιῗφιᾶειᾶιωᾶιᾶ

434 5003 546 5040 nan
608 5001 810 5055 pom-ce
847 4999 954 5066 que
988 4999 1058 5036 ne
1092 4999 1151 5036 se
1197 4998 1454 5052 appareas
1488 4999 1508 5033 1
1610 4979 1817 5033 uffisam
2205 5018 2217 5032 .

375 5049 1177 5193 Gomoafflsezdfflfflm
1244 5120 1308 5173 in
1356 5118 1698 5189 autoqraplso
1732 5118 1879 5172 linea
1913 5114 2145 5171 obducta
2178 5114 2329 5170 dam-

370 5191 880 5326 natumlgaysae
916 5190 989 5244 sit
1023 5161 1306 5244 Eundem
1342 5188 1376 5243 1.
1409 5189 1443 5241 1.

2156 396 2321 459 1544
2364 393 2591 461 MAL'

4266 403 4393 467 722

2424 583 2586 647 tium
2624 588 2770 647 tum
2809 581 2985 666 apud
3028 582 3189 649 alios
3233 584 3511 649 evomui.
3600 584 3708 650 De
3766 583 3974 651 Virdo
4026 584 4198 652 inita
4248 595 4398 656 erat

2426 669 2595 733 ratio
2640 689 2747 734 me
2789 669 3141 748 nesciente,
3186 689 3561 752 quanquam
3605 669 3675 735 id
3718 670 3983 753 quidem
4027 671 4197 754 quod
4288 695 4392 740 es-

2427 760 2570 818 tum
2622 761 2726 820 est
2780 775 3288 837 procuraveram
3335 755 3543 821 multo
3601 765 3754 821 ante
3811 763 3890 821 ut
3944 758 4150 823 fieret.
4240 694 4393 825 {ed

2426 858 2634 923 quum
2696 840 2922 906 Berna
2984 840 3232 906 reversi
3295 847 3518 907 essent
3580 841 3782 926 legati
3849 842 4060 907 nostri
4077 895 4093 922 ,
4173 844 4389 910 subito

2427 933 2688 1008 praeter
2730 946 2916 1008 spem
2959 926 3182 992 audivi
3216 926 3665 1010 impetratum,
3710 934 3786 991 ut
3828 926 3960 994 huc
4003 929 4261 996 veniret
4303 929 4390 996 ad

2426 1030 2547 1076 sex
2591 1031 2850 1076 menses
2893 1018 3121 1077 noster
3161 1012 3439 1077 futurus.
3474 1011 3555 1096 ¹²)
3635 1012 3768 1096 Egi
3811 1012 4050 1098 legatis
4092 1014 4392 1080 Beruen-

2427 1096 2610 1162 sibus
2665 1096 2915 1180 gratias
2972 1096 3143 1179 quod
3203 1095 3368 1162 mihi
3423 1096 3651 1161 datum
3716 1119 3872 1180 prae
3941 1118 4013 1164 se
4068 1099 4384 1165 ferebant.

2425 1181 2622 1247 Nunc
2665 1188 2874 1246 restat
2915 1188 2992 1246 ut
3032 1183 3269 1248 fratres
3314 1184 3777 1260 assentiantur,
3825 1183 3996 1265 quod
4039 1204 4174 1249 non
4221 1185 4389 1251 diffi-

2427 1266 2636 1333 culter
2679 1267 3098 1345 obtinebitur,
3144 1274 3220 1333 ut
3255 1289 3462 1351 spero.
3553 1268 3852 1335 Libellus
3880 1271 3967 1351 ¹¹¹)
4008 1270 4143 1335 iam
4186 1291 4390 1337 excu-

2426 1373 2538 1417 sus
2581 1354 2826 1431 fuisset,
2871 1353 3000 1419 nisi
3037 1363 3467 1437 occuparetur
3506 1353 3768 1437 prelum
3811 1356 3882 1419 in
3927 1353 4228 1439 Dialogis
4280 1356 4392 1421 Vi-

2424 1440 2562 1504 reti.
2590 1440 2675 1522 ¹⁴)
2762 1439 2869 1504 Ab
2923 1459 2999 1504 eo
3057 1459 3253 1521 opere
3307 1440 3489 1505 nolui
3544 1439 3989 1524 typographos
4054 1460 4387 1521 revocare,

2426 1545 2511 1589 ne
2576 1524 2836 1589 viderer
2902 1544 3048 1589 mea
3101 1524 3308 1607 pluris
3360 1525 3705 1591 aestimare
3760 1546 3955 1609 quam
4008 1546 4130 1609 par
4192 1533 4424 1592 esset.-

2427 1609 2634 1675 Brevi
2676 1617 2901 1675 tamen
2948 1610 3168 1675 exibit.
3240 1608 3557 1676 Salutant
3599 1617 3665 1675 te
3708 1611 4065 1694 plurimum
4100 1610 4389 1678 Bernar-

2425 1696 2651 1775 dinuS,
2727 1696 3133 1762 Geraistonius
3188 1703 3254 1761 et
3306 1696 3574 1780 reliqui,
3631 1697 3880 1761 familia
3937 1717 4094 1762 vero
4158 1707 4390 1764 nostra

2427 1782 2625 1846 etiam
2670 1789 2868 1863 atque
2912 1783 3143 1847 etiam:
3215 1782 3441 1846 Textov-
3483 1803 3609 1864 quo
3655 1803 3738 1847 ue
3780 1785 3891 1866 qui
3936 1782 4065 1848 huc
4109 1784 4389 1850 accersi·

2426 1874 2536 1933 tus
2580 1867 2707 1931 fuit
2751 1888 2791 1932 a
2833 1866 3161 1934 Banderio
3191 1869 3274 1950 ¹¹¹)
3318 1868 3429 1950 qui
3473 1803 3704 1932 incidit
3739 1869 3808 1932 in
3843 1865 4136 1950 ἀφωνίαν.
4201 1870 4390 1935 Mor-

2428 1953 2573 2032 bus,
2628 1959 2704 2018 ut
2745 1952 2970 2030 video,
3031 1954 3158 2017 erit
3199 1952 3601 2018 incurabilis.
3698 1954 3928 2018 Textov-
3970 1955 4305 2039 praesagit
4349 1976 4390 2020 a

2428 2038 2852 2104 suffocatione
2896 2058 3041 2103 esse
3075 2039 3459 2120 periculum,
3507 2038 3612 2103 sin
3657 2058 3814 2104 vero
3850 2039 4100 2117 evadet,
4145 2039 4214 2105 id
4249 2061 4391 2105 ma-

2428 2123 2571 2189 lum
2612 2122 2800 2188 brevi
2843 2131 3270 2206 sequuturam
3305 2121 3593 2207 ἀτροφίαν
3635 2145 3804 2206 quae
3839 2124 4028 2189 illum
4071 2126 4388 2193 absumet.

2427 2210 2647 2275 Pestis
2690 2230 2812 2274 nos
2866 2230 3132 2275 rursum
3177 2208 3437 2275 lacessit
3491 2218 3557 2273 et
3611 2209 3879 2275 videtur
3932 2211 4106 2276 vires
4159 2211 4391 2278 collec-

2428 2306 2598 2360 tura.
2687 2295 2926 2360 Filiola
2978 2314 3127 2358 mea
3177 2293 3343 2359 febri
3397 2294 3709 2359 continua
3764 2293 4034 2361 laborat.
4067 2297 4147 2371 ¹⁶)
4243 2296 4392 2362 Ru-

2430 2402 2575 2446 mor
2618 2381 2748 2447 huc
2791 2401 3004 2463 nuper
3047 2378 3128 2445 de
3171 2379 3385 2445 soluto
3419 2379 3746 2464 imperiali
3780 2387 4109 2446 conventu
4152 2381 4393 2449 allatus

2430 2474 2548 2532 est.
2576 2467 2661 2551 ¹⁷)
2776 2466 3126 2532 Gaesarem
3182 2464 3444 2530 aiebant
3497 2469 4017 2550 Argentoratum
4082 2468 4389 2551 cogitare,

2430 2573 2610 2618 nunc
2653 2553 2879 2617 ferunt
2919 2551 3159 2616 Metim
3202 2572 3450 2616 versus·
3540 2549 3882 2616 Nihildum
3925 2561 4148 2616 tamen
4206 2554 4387 2620 certi.

2426 2637 2512 2702 In
2566 2637 2767 2703 Italia
2831 2637 3150 2702 hactenus
3227 2636 3408 2702 Galli
3472 2657 3785 2720 prospere
3850 2659 3958 2703 res
4021 2645 4387 2721 gesserunt.

2427 2723 2684 2788 Verum
2720 2722 2990 2788 utriutri
3025 2722 3159 2786 sint
3194 2721 3576 2805 superiores,
3616 2744 3952 2788 successus
3975 2730 4198 2787 tamen
4235 2744 4389 2789 con·

2428 2810 2695 2874 iunctus
2732 2808 2860 2873 erit
2892 2828 3041 2874 cum
3077 2808 3371 2872 maxima
3402 2806 3578 2873 orbis
3613 2807 3956 2873 christiani
3994 2808 4387 2875 calamitate.

2429 2895 2758 2959 Dominus
2818 2914 2935 2959 nos
2993 2894 3314 2975 respiciat.
3415 2893 3587 2958 Vale
3644 2893 3886 2958 iterum
3905 2943 3920 2972 ‚
3977 2895 4183 2959 frater
4225 2894 4391 2960 mihi

2429 2980 2782 3045 carissime.
2887 2978 3119 3045 Saluta
3174 2998 3402 3043 omnes
3455 2978 3692 3043 fratres
3746 2986 3813 3043 et
3866 2978 4128 3044 domum
4184 2990 4388 3047 tuam.

2432 3065 2761 3131 Dominus
2804 3086 2920 3131 vos
2963 3071 3310 3130 conservet
3350 3084 3594 3129 omnes.
3621 3065 3708 3146 ¹⁸)

3355 3198 3644 3267 Ioannes
3685 3199 4003 3266 Calvinus
4045 3210 4218 3268 tuus.

3334 3693 3489 3764 555.

2826 3830 3499 3899 BULLINGERUS
3544 3826 3992 3895 VADIANO.

2612 4004 2908 4084 Queruwr
2961 4004 3039 4070 dc
3083 4002 3346 4068 Lutheri
3397 4003 3469 4067 in
3525 4021 3594 4066 re
3651 4000 4150 4066 sacramentaria
4191 4001 4301 4066 vix
4343 4021 4387 4067 a

2431 4087 2749 4154 catholicis
2801 4089 3216 4169 discrepantis
3262 4088 3549 4153 vecordia
3588 4091 3647 4151 et
3688 4085 3898 4150 hostili
3940 4086 4167 4151 animo.
4258 4086 4387 4151 Ne-

2432 4195 2552 4257 que
2599 4172 2933 4248 Calvinum
2974 4175 3099 4239 sibi
3131 4174 3327 4255 plane
3369 4172 3732 4254 satisfacere
3774 4171 4000 4236 innuit.

2608 4427 2702 4494 12)
2748 4425 2899 4509 Quae
2931 4442 3053 4495 spes
3086 4443 3206 4482 mm
3248 4427 3467 4495 fefellit,
3513 4426 3611 4482 sed
3644 4442 3754 4496 qua
3790 4425 3858 4479 dc
3889 4440 4063 4480 causa
4097 4431 4391 4481 memotrae

2435 4514 2550 4552 mm
2582 4496 3164 4698 ‘lgffissff'tl-zmhnaba
3202 4563 3377 4618 tiam.

2609 4631 2703 4766 ffi,
2739 4633 2824 4756 {⁸2
2850 4631 3206 4770 5232’2133‘4222
3265 4701 3485 4770 eiusque
3525 4699 3686 4769 filaus
3723 4700 4004 4753 Annam
4037 4714 4090 4755 a.
4136 4698 4276 4754 1525
4319 4699 4392 4756 aa

2436 4770 2780 4825 vindicanda
2820 4768 3208 4823 Genu-mmm
3257 4770 3503 4824 libertate
3547 4769 3677 4821 benc
3721 4769 3915 4821 meriti.
3988 4767 4083 4822 An
4117 4769 4184 4822 dc
4217 4770 4390 4824 altero

2435 4840 2629 4896 horum
2664 4838 2829 4903 dicat,
2864 4839 3142 4892 incertum.
3215 4837 3405 4919 Filius
3438 4837 3573 4891 obiit
3604 4837 3703 4890 hoc
3736 4851 3886 4889 anno
3917 4835 4152 4917 §Galiffe
4191 4835 4238 4892 1.
4273 4836 4388 4904 22.)

2431 4976 2596 5045 flebat
2611 4905 2762 5038 1(Εὲδὸ
2741 4905 2916 5029 Ωιὲιᾶῗ
2943 4905 3260 5041 1163‘bcrtcws
3291 4919 3614 5054 aamth
3651 4904 3959 4960 Febr-uano
3991 4912 4261 4960 mortuam
4295 4906 4390 4961 ds-

2610 5043 2696 5106 17)
2738 5042 2943 5098 Falsum
2974 5059 3179 5114 nempe,
3251 5058 3377 5096 uum
3407 5041 3498 5095 ⁸112
3530 5046 3826 5095 conventus
3858 5039 4072 5094 demum
4107 5039 4191 5095 10.
4231 5041 4391 5098 Inna

2433 5112 2915 5238 ῗὲιίἕὲιιέοηίἷιαείοιε.
2969 5111 3161 5182 (Sleid.
3260 5152 3273 5166 .
3299 5109 3450 5176 347.)
3490 5108 3797 5179 Imperator
3826 5123 4022 5164 revera
4053 5115 4243 5178 postea
4270 5112 4390 5166 Mo-

2430 5319 2528 5388 vit,
2559 5249 3004 5376 &Benaci-{llus
3037 5249 3336 5318 adscripsit
3369 5246 3451 5302 30.
3489 5245 3645 5302 Maii
3678 5242 3843 5313 1544,
3886 5244 3984 5301 scd
4017 5248 4082 5302 in
4116 5247 4210 5302 dic
4238 5263 4400 5305 cna-

3909 5402 3980 5456 46
