5050 6167
360 439 478 503 673

353 624 660 703 Domino,
703 625 810 692 vir
853 625 1291 695 eruditissime
1335 635 1405 693 et
1444 631 1649 696 frater
1685 631 1852 696 mihi
1893 633 1968 698 in
2008 630 2302 697 Domino

354 729 498 777 care
540 716 608 775 et
650 709 1074 779 observande.
1149 714 1429 793 Bernae,
1480 720 1576 781 17.
1620 716 1917 783 Ianuarii
1959 723 2157 785 Anno
2197 721 2300 782 44.

1579 887 1655 952 Τ.
1702 885 2062 956 Snltzerus.

1252 1360 1405 1433 53⁰.

886 1510 1357 1581 OALVINUS
1401 1514 1774 1582 VIRE'I'O.

521 1681 626 1749 De
660 1682 1038 1764 castellione,
1079 1685 1193 1766 qui
1234 1706 1427 1769 quum
1469 1707 1512 1752 a
1553 1689 1771 1753 senatu
1811 1693 1884 1752 ut
1922 1688 2304 1770 stipendium

345 1768 475 1835 sibi
508 1774 840 1852 auyeretur
872 1770 1205 1852 impetrare
1232 1792 1355 1837 uon
1377 1775 1671 1854 potuerit,
1706 1770 1863 1837 alibi
1896 1773 2302 1840 conditionem

346 1854 487 1920 iam
527 1856 791 1936 quaerit.
886 1853 1284 1923 Commendat
1323 1878 1463 1922 eum
1503 1859 1703 1924 amico
1744 1858 1856 1923 sed
1897 1859 2061 1925 satis
2101 1858 2300 1925 mbi-

342 1960 480 2026 9ua
522 1940 710 2006 laude
751 1946 1059 2006 ornatum

345 2126 462 2192 (Ex
479 2132 724 2209 ’autogra
761 2127 845 2209 ho·
868 2127 997 2183 cod.
1035 2127 1237 2183 Genev.
1273 2126 1399 2193 106,
1447 2128 1538 2182 fol.
1573 2127 1657 2182 99.
1739 2129 2077 2213 Opntulimus
2121 2147 2302 2185 exem-

345 2195 786 2319 amnia...
820 2195 1332 2335 ὲξζᾶὴὲέἷέὲθόᾄ
1355 2195 1854 2321 ἕωῖεῑέθξῖῗὲΐ
1886 2198 2305 2339 ἓὲἓῃέἐξᾷἰξ

982 2334 1182 2402 legitur
1215 2334 1365 2388 Tom.
1402 2334 1443 2388 1.
1478 2351 1532 2405 p.
1568 2333 1688 2388 379.

342 2518 572 2587 Fideli
628 2519 882 2585 Christi
935 2521 1237 2586 ministro
1278 2522 1481 2588 Petro
1523 2521 1755 2587 Vireto
1806 2523 2305 2589 Lausannensis

604 2605 918 2672 ecclesiae
960 2607 1210 2690 pastori
1250 2607 1440 2672 fratri
1481 2607 1646 2671 mihi
1690 2608 2044 2674 carissimo.

529 2740 943 2808 Sebastianus
967 2740 1016 2827 ¹)
1072 2741 1154 2808 ad
1198 2763 1318 2808 vos
1374 2764 1523 2809 cum
1566 2743 1776 2809 literis
1819 2745 2060 2810 nostris
2102 2746 2300 2829 profi-

346 2828 639 2896 ciscitur.
727 2826 1006 2893 Utinam
1063 2837 1181 2893 aut
1234 2827 1377 2911 ipse
1430 2828 1554 2893 sibi
1610 2829 1844 2896 melius
1907 2830 2301 2911 consuleret,

344 2921 470 2980 ant
511 2912 702 2979 nobis
755 2912 976 2995 aliqua
1027 2921 1200 2979 esset
1255 2912 1425 2979 ratio
1474 2935 1605 2996 qua
1644 2935 1980 2997 possemus
2019 2916 2118 2981 illi
2160 2918 2303 2982 sine

345 2999 665 3068 ccclesiae
706 2997 1117 3064 incommodo
1165 2998 1523 3064 consulere.
1613 2998 1839 3080 Quum
1882 3000 1981 3065 illi
2024 3002 2305 3084 pristina

343 3084 640 3154 conditio
674 3084 940 3168 integra
982 3105 1098 3168 per
1141 3105 1261 3150 nos
1293 3094 1609 3162 maneret,
1656 3106 1926 3152 manere
1968 3088 2040 3151 in
2082 3108 2161 3153 sa
2196 3109 2300 3153 re-

343 3170 640 3249 cusavit,
713 3170 839 3234 nisi
902 3168 1151 3253 aliquid
1226 3168 1309 3233 ad
1375 3169 1776 3254 stipendium
1855 3170 2224 3238 adderetur.
2245 3173 2303 3257 ²)

343 3257 504 3323 Hoc
548 3277 589 3321 a
632 3263 864 3321 senatu
899 3274 1035 3320 non
1077 3255 1293 3338 potuit
1324 3256 1680 3338 impetrari.
1744 3256 1919 3322 Mihi
1961 3258 2170 3325 satius
2209 3258 2306 3322 vi-

345 3341 647 3420 debatur,
693 3360 957 3406 causam
991 3360 1111 3405 cur
1154 3340 1237 3405 ad
1271 3340 1712 3405 ministerium
1754 3363 1887 3406 non
1928 3340 2306 3409 admittere-

343 3434 466 3493 tur
507 3427 832 3493 subticere
848 3477 864 3504 ‚
926 3434 1043 3492 aut
1094 3424 1505 3492 subindicare
1558 3446 1701 3492 esse
1744 3427 1986 3510 aliquid
2032 3429 2308 3512 impedi-

344 3513 582 3593 menti,
625 3523 693 3576 et
731 3520 953 3576 tamen
998 3511 1195 3577 simul
1230 3511 1493 3577 obviam
1534 3511 1634 3577 ire
1667 3513 1888 3594 pravis
1922 3514 2307 3597 suspicioni-

345 3598 495 3677 bus,
561 3603 637 3662 ut
700 3596 801 3661 illi
863 3617 984 3662 sua
1049 3596 1445 3662 existimatio
1512 3596 1699 3662 salva
1760 3605 2108 3664 constaret.
2205 3600 2309 3665 Eo

345 3681 739 3768 spectabant
781 3702 929 3747 mea
971 3682 1240 3747 consilia
1283 3689 1360 3746 ut
1401 3681 1502 3746 illi
1544 3703 1898 3765 parcerem.
1989 3682 2184 3764 Quod
2228 3684 2309 3749 li-

346 3769 589 3837 benter
624 3768 914 3833 facturus
952 3787 1129 3831 eram
1167 3767 1569 3850 (quanquam
1604 3788 1740 3831 non
1762 3769 2006 3851 absque
2025 3767 2308 3851 invidia)

349 3856 411 3921 si
456 3855 596 3937 ipse
638 3874 871 3937 passus
921 3852 1166 3918 fuisset.
1258 3850 1478 3917 Oausa
1519 3852 1744 3936 igitur,
1790 3873 1867 3918 eo
1910 3853 2307 3936 postulante,

348 3940 606 4024 agitata
648 3945 748 4003 est
787 3939 858 4002 in
904 3947 1138 4002 senatu
1154 3988 1171 4016 ,
1231 3937 1347 4003 sed
1401 3938 1564 4004 citra
1607 3940 2104 4003 contentionem.
2194 3938 2309 4005 Me

349 4024 782 4092 vehementer
824 4024 963 4090 eius
1005 4022 1292 4101 miseret,
1312 4021 1370 4106 ⁸)
1427 4043 1629 4106 eoque
1684 4023 1898 4108 magis
1955 4022 2129 4106 quod
2194 4045 2308 4090 ve-

413 4312 545 4375 580.
587 4314 637 4377 1)
677 4310 991 4367 Castelliani
1052 4326 1164 4365 non
1227 4325 1554 4380 maqnopere
1600 4311 1810 4379 favisse
1868 4311 2131 4367 Nostrum
2194 4313 2309 4367 iam

354 4397 537 4451 upra
569 4380 806 4436 vidimus
844 4379 918 4434 N.
951 4376 1058 4432 416
1090 4385 1142 4433 et
1172 4376 1292 4431 421.
1366 4379 1477 4433 Hie
1523 4385 1703 4433 tamen
1748 4396 1867 4434 eum
1913 4382 2055 4435 satis
2092 4385 2312 4436 comiter

355 4450 857 4508 Lausannensibus
904 4447 1263 4515 commendat,
1308 4446 1548 4513 fortasse
1590 4464 1703 4502 non
1747 4464 1907 4514 aem-e
1948 4449 2132 4510 ferens
2165 4448 2311 4519 quod

355 4520 516 4576 abire
549 4519 728 4585 vellen
758 4523 896 4572 certe
928 4532 1040 4571 non
1074 4515 1212 4570 adeo
1245 4516 1462 4585 uiarum
1506 4516 1606 4570 hoc
1650 4523 1884 4584 tempore
1930 4518 2185 4573 habuisse
2231 4519 2311 4573 oi-

358 4588 523 4645 aanor
596 4603 719 4641 uam
753 4601 873 4640 eum
909 4586 1024 4653 ipss
1057 4589 1109 4640 et
1143 4584 1295 4638 Besa
1324 4589 1517 4653 postea
1546 4586 1807 4649 fecerunt.

604 4656 630 4713 δ
667 4654 811 4709 Eius
856 4669 1027 4709 eausa
1073 4655 1134 4708 in
1180 4658 1371 4707 senatu
1418 4658 1544 4707 aeta
1589 4659 1670 4706 est
1719 4653 1809 4707 dd.
1857 4650 1941 4708 14.
1975 4659 2024 4708 et
2059 4652 2146 4707 28.
2182 4654 2310 4709 Ian.

357 4720 520 4779 1544.
602 4723 740 4778 Vide
772 4722 968 4794 Heary
1004 4721 1092 4776 11.
1127 4719 1247 4776 385.
1319 4721 1548 4787 Battara,
1599 4720 1808 4790 Colle'ye
1851 4721 1918 4776 de
1965 4721 2105 4777 Rive
2134 4738 2191 4792 p.
2229 4721 2312 4779 14.

366 4791 624 4848 castellio
642 4797 982 4862 auqmentum
1000 4790 1266 4859 stipendii
1275 4790 1566 4871 postulans
1581 4790 1853 4857 repulsam
1887 4789 2027 4859 tulit,
2058 4790 2125 4845 de
2155 4792 2318 4847 rebus

361 4860 689 4931 doymatieis
739 4875 893 4927 vero,
937 4873 1077 4930 quas
1128 4857 1390 4912 Calvinus
1434 4859 1662 4928 uryebat
1705 4858 2041 4925 (descensum
2087 4859 2202 4914 scil.
2239 4860 2316 4914 ad

360 4931 575 4996 &iseros
607 4934 659 4984 et
704 4929 715 4942 ⁸
901 4928 1183 4983 etationem
1224 4923 1438 4981 Cantici
1464 4968 1478 4995 ,
1502 4926 1753 4996 prudens
1773 4933 1996 4982 senatus
2011 4942 2103 4982 eos
2119 4927 2318 4984 audire

363 4998 546 5054 noluit
578 5004 629 5051 et
661 4998 793 5055 haee
825 5002 970 5052 mter
1003 5010 1060 5050 se
1091 4996 1243 5063 ipsos
1277 5010 1379 5049 oen
1480 5011 1540 5050 re
1556 4998 1733 5050 iussit.
1791 4993 2072 5051 Caeterum
2094 5012 2316 5053 munere

365 5080 468 5124 suo
503 5065 718 5121 demum
751 5082 820 5119 m.
857 5066 1007 5120 Iulio
1041 5079 1099 5117 se
1127 5078 1190 5116 re
1224 5078 1356 5118 vera
1390 5063 1682 5119 abdicavit.

573 5133 632 5204 3)
667 5133 759 5188 De
791 5133 1062 5204 stipendio
1095 5130 1244 5202 quod
1267 5132 1588 5201 mebatur,
1623 5132 1733 5187 duo
1749 5131 2106 5208 baccalaurei,
2141 5132 2204 5189 id
2236 5140 2316 5191 est

481 5204 493 5217 ‘
647 5203 892 5273 colleoae,
927 5199 1318 5258 remunerandi
1349 5207 1523 5256 erant.
1766 5202 1778 5216 ·
1809 5202 1820 5215 ·
2009 5216 2165 5256 suam
2189 5205 2315 5259 role-

368 5272 684 5329 rabiliorem
725 5270 908 5337 faeere
943 5271 1212 5341 potuisset
1254 5268 1309 5322 si
1354 5266 1614 5325 Calvinus
1666 5286 1786 5326 eum
1829 5270 1890 5325 in
1940 5270 2316 5328 ministrorum

367 5354 653 5396 mmm
683 5342 923 5409 recipere
954 5338 1227 5395 voluisset.

1784 448 1950 512 1544
1988 440 2924 513 IANUAR—FEBRUAR.

4237 461 4366 527 674

2381 650 2557 696 ¹reor
2596 653 2684 697 ne
2723 632 2860 698 illic
2902 653 3035 698 non
3090 655 3165 700 re
3247 634 3381 700 riat
3432 637 3604 719 quod
3656 640 3853 723 cupit.
3950 639 4093 708 Vos
4146 645 4364 727 quoad

2403 717 2721 866 Egteritis,
2766 717 2864 782 illi
2897 719 3262 802 prospiclte.
3355 720 3569 803 Quale
3613 721 3693 790 de
3734 746 3842 791 me
3883 724 4197 795 iudicium
4239 730 4363 796 ha·

2487 810 2572 882 at,
2617 801 2788 867 nihil
2831 823 3069 869 moror.
3091 804 3151 889 ⁴)
3241 805 3658 890 Raymondus
3671 810 3732 887 ⁵)
3777 817 3952 877 certe
3991 834 4189 896 quam
4243 838 4362 899 po-

2405 887 2537 950 tuit
2577 889 2997 956 atrocissimis
3039 889 3401 958 maledictis
3460 894 3794 960 absentem
3848 917 3955 962 me
4009 920 4221 983 nuper
4262 901 4359 967 la-

2405 971 2684 1037 cerabat.
2773 972 2961 1038 Nihil
3004 995 3167 1058 opus
3210 986 3312 1044 est
3351 998 3460 1044 me
3507 978 3627 1043 tibi
3669 979 4015 1048 molestum
4060 1007 4201 1051 esse
4242 986 4360 1052 illa

2405 1055 2764 1122 referendo.
2831 1058 2981 1125 Hoc
3020 1082 3231 1127 unum
3267 1063 3472 1130 habe:
3516 1065 3843 1131 neminem
3890 1066 3997 1134 hic
4041 1090 4184 1136 esse
4219 1078 4358 1138 tam

2404 1149 2790 1225 protervum
2822 1144 2938 1225 qui
2971 1144 3319 1212 dimidium
3355 1149 3612 1215 audeat.
3669 1151 3844 1218 Fero
3877 1159 4101 1220 tamen
4138 1158 4359 1222 omnia

2405 1245 2483 1292 ac
2537 1226 2873 1294 dissimulo
2889 1279 2906 1308 ,
2972 1230 3102 1298 nisi
3166 1233 3335 1316 quod
3398 1236 3575 1300 inter
3629 1236 3866 1303 fratres
3921 1241 4355 1325 expostulavi,

2405 1332 2550 1377 esse
2608 1313 2720 1395 qui
2777 1312 2856 1380 de
2911 1336 3019 1382 me
3072 1339 3206 1384 non
3260 1320 3428 1384 satis
3482 1320 3862 1387 humaniter
3915 1326 4237 1391 sentirent
4292 1334 4361 1393 et

2404 1396 2849 1480 loquerentur.
2975 1400 3111 1467 Sed
3186 1404 3451 1470 valeant
3526 1407 3672 1472 ista.
3805 1407 3953 1475 Scis
4030 1411 4356 1479 Abbatem

2406 1481 2638 1549 Sancti
2692 1484 2989 1551 Victoris
3051 1493 3121 1552 et
3180 1486 3403 1557 Gor-nei
3454 1498 3737 1556 matrem
3757 1490 3812 1579 ⁶)
3880 1515 4000 1560 suo
4057 1498 4359 1582 coniugio

2403 1568 2730 1651 prolixam
2771 1570 3031 1637 iocandi
3080 1577 3426 1640 materiam
3465 1575 3654 1642 nobis
3698 1577 3969 1644 dedisse.
4055 1581 4226 1648 Vale
4263 1582 4360 1648 mi

2403 1652 2626 1718 frater.
2717 1652 2957 1721 Saluta
3003 1655 3294 1738 Coelium,
3343 1660 3670 1743 Ribittum,
3709 1664 4024 1729 familiam
4066 1674 4249 1733 tuam
4290 1674 4359 1732 et

2405 1738 2688 1822 reliquos
2736 1761 2965 1806 omnes
3009 1744 3267 1811 amicos.
3327 1745 3654 1813 Dominus
3696 1756 3764 1813 te
3807 1757 3872 1814 et
3906 1749 4053 1816 illos
4096 1771 4357 1819 conser-

2404 1832 2537 1890 vet.
2626 1830 2722 1890 11.
2767 1826 3085 1895 Febrnar.
3105 1830 3163 1914 ⁷)

3327 1966 3610 2034 Ioannes
3653 1968 3971 2039 Calvinus
4013 1981 4185 2041 tuus.

3192 2258 3604 2271 ῃ

3305 2475 3453 2547 531.

2407 2621 2839 2691 MINISTRI
2876 2626 3496 2698 GENEVENSES
3519 2632 3647 2697 DE
3685 2631 4353 2705 CASTELLIONE.

2579 2795 3633 2880 Amoribusetfideinmunere
3680 2803 4356 2887 explendoconspioua

2407 2901 2548 2945 eum
2601 2882 2868 2948 laudant
2933 2887 2992 2948 et
3057 2887 3305 2951 omnino
3362 2887 3624 2971 dignum
3675 2886 4035 2954 habuissent
4095 2891 4209 2971 qui
4272 2891 4357 2957 ad

2406 2966 2832 3032 ministerium
2853 2976 3353 3051 promoveretur,
3409 2973 3541 3038 nisi
3580 2973 3658 3040 de
3703 2970 4058 3039 Salomonis
4102 2973 4358 3043 cantico

2405 3057 2464 3117 et
2500 3049 2738 3118 Christi
2778 3053 3073 3120 descensu
3114 3056 3202 3120 ad
3243 3057 3479 3138 inferos
3520 3059 3613 3124 ita
3652 3060 3946 3125 sensisset
3977 3064 4049 3124 ut
4088 3062 4356 3127 seanda-

2409 3136 2542 3202 lum
2583 3138 2767 3222 vuzyo
2808 3139 2954 3205 inde
2983 3141 3225 3220 parari
3266 3140 3558 3208 debuerit.

2410 3325 2541 3446 ἓξὲξ.
2560 3325 2688 3446 s.
2713 3323 3227 3448 ..saffira
3235 3326 3681 3451 &123¹th
3727 3328 3955 3452 5353?ss
3975 3331 4358 3469 ζ’ῗᾶὲωωὲἒ·

2411 3461 2643 3516 Simlero
2689 3460 3096 3529 descripserunt
3140 3463 3226 3516 He
3381 3464 3446 3521 Τ.
3482 3464 3555 3518 ΙΙ.
3604 3482 3637 3517 a
3675 3483 3727 3535 p.
3778 3483 3832 3536 p.
3870 3465 3972 3521 109
4018 3473 4076 3521 et
4121 3441 4355 3542 Machly,

2481 3529 2626 3584 Cast.
2660 3546 2713 3599 p.
2752 3527 2870 3582 110.
2943 3529 3020 3583 of.
3059 3481 3599 3588 etiamngstsllionis
3672 3534 3999 3590 efensionem
4035 3553 4088 3605 p.
4124 3535 4271 3604 854.)

2585 3698 2811 3780 Quum
2833 3698 3260 3769 Sebastianus
3286 3701 3563 3770 Castalio
3606 3703 3867 3771 scholae
3908 3714 4169 3773 nostrae
4203 3707 4362 3774 hac-

2393 3792 2609 3855 .tenus
2662 3784 3072 3868 praefuisset,
3099 3786 3147 3872 ¹)
3203 3786 3581 3854 missionem
3648 3791 3836 3871 petiit
3888 3811 3929 3855 a
3990 3800 4219 3857 senatu
4284 3812 4360 3860 ac

2412 3869 2812 3953 impetravit.
2877 3871 3022 3936 Ista
3063 3873 3239 3938 enim
3282 3872 3430 3958 lege
3463 3883 3840 3957 susceperat
3879 3874 4050 3940 hanc
4090 3877 4362 3959 provin-

2413 3956 2580 4021 ciam
2625 3962 2702 4020 ut
2743 3955 2868 4021 sibi
2907 3957 3240 4042 integrum
3285 3959 3455 4025 foret
3498 3979 3645 4023 eam
3688 3959 4074 4042 relinquere,
4115 3963 4170 4026 si
4297 3968 4363 4028 st

2414 4039 2672 4123 aliquod
2729 4043 3041 4127 temporis
3098 4044 3384 4127 spatium
3453 4045 3652 4111 nimis
3703 4042 3829 4110 sibi
3885 3982 4362 4115 incommoffim

2616 4311 2678 4379 4)
2718 4312 2918 4368 Metuit
2950 4314 3066 4367 scil.
3091 4329 3159 4368 ne
3179 4312 3427 4370 Castellio
3450 4315 3516 4370 de
3548 4332 3604 4371 se
3635 4316 3790 4385 apud
3818 4318 4054 4373 Viretum
4082 4321 4363 4387 queratur.

2619 4383 2680 4447 5)
2718 4379 2810 4436 De
2860 4379 3157 4448 Ohauoeto,
3215 4382 3276 4437 V.
3314 4381 3388 4436 D.
3429 4384 3510 4437 M.
3563 4385 3887 4453 Genevensi,
3936 4400 4048 4439 non
4094 4391 4173 4441 est
4217 4385 4367 4456 quod

3105 4489 3121 4506 .
3158 4450 3381 4505 Pollam·
3408 4450 3494 4508 26.
3531 4453 3696 4508 Maii.

2621 4515 2682 4583 6)
2724 4517 2933 4572 Frane.
2969 4517 3036 4572 de
3101 4519 3380 4575 onnivard
3398 4535 3458 4574 eo
3490 4522 3612 4589 ipso
3634 4528 3867 4602 tempore
3883 4520 4136 4576 secundis
4152 4524 4365 4592 nuptiis

2416 4584 2578 4641 duxit
2622 4601 2847 4641 uxorem
2895 4586 3161 4641 Ioannem
3204 4587 3260 4643 α’
3403 4590 3481 4642 eis
3531 4591 3646 4644 iam
3693 4590 3779 4644 bns
3831 4589 4054 4644 viduam
4068 4629 4081 4655 ,
4141 4599 4367 4649 matrem

2420 4651 2463 4706 S
2577 4655 2651 4708 ici
2694 4654 2989 4710 Amblardi
3048 4653 3252 4722 Corne,
3299 4655 3365 4710 de
3408 4672 3519 4737 qua
3565 4673 3619 4711 o.
3666 4672 3733 4711 su
3802 4674 3838 4712 a
3888 4657 3962 4713 N.
3999 4656 4121 4730 515,
4167 4666 4278 4717 not.
4314 4660 4369 4732 6,

2415 4720 2451 4776 ⁵
2520 4762 2536 4790 ’
2569 4720 2690 4855 ⁵²53
2722 4726 2834 4844 ’12⁰2‘
2857 4719 3007 4844 {2320
3023 4721 3653 4847 ‹fflffguaeffiggen-
3673 4725 3803 4848 ΙῙαίιι
3814 4724 4194 4852 ωξὶἶηαεηηε
4236 4798 4368 4852 bene

2415 4858 3796 5049 ffumim‘mwwswaa
3819 4869 4020 4987 sta
4068 4866 4371 4989 <aas

2469 5036 2481 5048 .
2539 4993 2660 5061 527,
2726 4995 2927 5050 scilicet
2986 4998 3299 5064 nuperrime
3354 4945 3624 5052 Gen-{vam
3680 4950 3937 5054 allatae?
3993 4948 4242 5055 ῧοᾱϊὸαε
4294 5015 4365 5055 eae

2416 5065 2819 5121 commanos-iis
2867 5069 3093 5119 senatus
3151 5064 3381 5120 Muscas
3435 5081 3550 5121 rem
3606 5066 3685 5121 ad
3738 5069 3920 5123 ocndos
3974 5069 4367 5127 demonstrant.

2416 5131 4368 5207 HabmtmdomaunmflmryetBonminva-a.anquea.

2417 5202 2533 5258 Hic
2563 5207 2744 5257 tamen
2775 5202 2840 5256 in
2874 5200 3185 5257 Nouoeauoe
3214 5200 3377 5259 rdeits
3401 5219 3462 5273 p.
3495 5202 3582 5274 68,
3628 5205 3816 5261 scribit
3866 5202 4004 5259 1545
4036 5212 4086 5261 et
4121 5205 4366 5277 Maehly,

2422 5268 2677 5327 Oastsliio
2704 5286 2761 5340 p.
2802 5267 2881 5336 12,
2915 5285 2970 5327 a.
3003 5268 3156 5325 1543.

2467 5338 2592 5401 581.
2627 5338 2683 5407 1)
2717 5338 3011 5410 profuisset
3045 5339 3126 5396 H.

2412 4451 2625 4519 συρέτω,
2659 4449 2787 4504 vide
2818 4450 2974 4515 infra

3847 5423 3920 5480 43
