5050 6167
437 402 557 465 729

432 587 604 652 tuita
644 586 1027 652 remissione
1070 591 1490 668 peccatorum
1523 584 1596 649 in
1637 583 1903 649 nomine
1936 581 2093 648 Iesu
2114 581 2388 661 Christi,

433 693 637 757 quum
706 672 776 736 in
832 670 1250 756 dogmatibus
1316 691 1453 736 non
1507 668 1941 736 dissideamus
2006 667 2116 735 vel
2180 668 2390 734 latum

432 757 643 841 pilum
657 808 674 835 ‚
738 756 910 842 quod
966 757 1211 822 dicitur
1225 807 1242 835 ,
1314 777 1357 820 a
1406 753 1823 840 dogmatibus
1880 753 2270 839 apostolicae
2324 762 2390 819 et

430 843 807 927 primitivae
849 841 1179 920 ecclesiae,
1224 863 1427 926 quum
1477 848 1743 908 sanctus
1785 849 1851 906 et
1895 840 2227 925 legitimus
2272 861 2389 906 no-

433 931 533 996 bis
594 951 755 996 usus
818 930 905 994 sit
967 936 1529 995 sacramentorum
1544 978 1560 1004 ,
1628 925 1912 1010 denique
1975 947 2178 1009 quum
2254 926 2391 991 vita

431 1023 693 1090 nostra,
746 1015 893 1080 Deo
934 1014 1237 1093 iuvante,
1295 1015 1430 1078 imo
1473 1023 1788 1096 operante
1831 1034 1952 1097 per
1992 1032 2132 1089 nos,
2177 1011 2387 1078 incul-

429 1110 586 1184 pata
628 1102 732 1180 sit,
778 1112 847 1166 et
888 1100 1339 1166 sanctissimae
1384 1099 1576 1165 nobis
1619 1097 1932 1165 ccclesiae
1973 1097 2135 1175 sint,
2181 1096 2390 1163 nostri

429 1186 780 1253 ministerii
822 1186 1035 1252 sancti
1079 1195 1147 1250 et
1188 1185 1347 1251 iusti
1390 1192 1610 1263 testes,
1666 1194 1736 1249 et
1780 1204 1942 1249 vera
1984 1182 2389 1266 apostolatus

428 1273 710 1357 legitimi
753 1271 1122 1357 signacula,
1180 1293 1297 1337 cur
1350 1270 1455 1336 vir
1506 1278 1736 1335 tantus
1779 1270 1983 1335 tantis
2026 1268 2388 1333 immeritos

429 1357 735 1424 adobruit
769 1357 1081 1425 conviciis
1123 1365 1316 1439 atque
1350 1354 1809 1422 contumeliis?
1875 1355 2166 1420 Exstant
2199 1374 2388 1437 prae-

427 1454 612 1510 terea
654 1444 809 1509 libri
853 1443 1063 1508 nostri
1103 1442 1260 1508 fidei
1311 1450 1379 1507 et
1420 1441 1753 1507 doctrinae
1796 1448 2061 1506 nostrae
2102 1438 2388 1523 locuple-

426 1530 671 1597 tissimi
715 1537 932 1596 testes.
1022 1527 1374 1595 Certemus
1431 1535 1662 1593 contra
1705 1527 2098 1610 Epicureos,
2157 1533 2390 1591 contra

423 1615 667 1698 impios
711 1623 781 1680 et
823 1615 1204 1692 sceleratos,
1262 1621 1491 1679 contra
1553 1611 1856 1678 infideles
1915 1622 1981 1676 et
2036 1611 2386 1678 antichris-

422 1703 641 1767 tianos
656 1753 672 1780 ,
729 1722 849 1784 pro
902 1699 1270 1765 orthodoxa
1324 1698 1454 1764 fide
1508 1707 1577 1764 et
1618 1696 1964 1780 disciplina
2006 1697 2382 1762 christiana.

420 1787 694 1871 Magnis
736 1807 885 1853 cum
927 1785 1256 1852 laboribus
1310 1793 1377 1849 et
1429 1784 1605 1850 curis
1659 1782 1876 1850 studia
1918 1792 1987 1849 et
2028 1783 2388 1866 rempubli-

419 1894 574 1940 cam
614 1889 1012 1957 reparamus.
1081 1871 1281 1936 Multi
1323 1879 1695 1936 nostrorum
1741 1877 2009 1953 propter
2042 1867 2385 1934 Christum

418 1960 815 2044 sanguinem
875 1979 1069 2023 suum
1128 1956 1504 2022 effuderunt
1562 1963 1630 2020 et
1686 1956 1939 2020 animas
1982 1976 2136 2021 suas
2181 1953 2386 2019 tradi·

418 2044 672 2110 derunt
726 2064 842 2128 pro
893 2050 1284 2108 testamento
1324 2041 1470 2107 Dei.
1561 2039 1704 2107 Cur
1740 2062 1897 2124 ergo
1944 2040 2277 2120 Μαίας,
2320 2048 2387 2106 et

416 2152 532 2196 eos
593 2131 708 2214 qui
762 2130 1042 2195 feliciter
1096 2128 1589 2194 obdormierunt
1640 2127 1714 2191 in
1766 2126 2085 2206 Domino,
2145 2136 2213 2191 et
2264 2147 2386 2192 nos

413 2217 533 2301 qui
581 2215 776 2281 hodie
820 2214 1036 2280 adhuc
1088 2235 1209 2298 pro
1251 2212 1515 2279 modulo
1558 2220 1782 2278 nostro
1827 2220 1896 2277 et
1942 2212 2156 2295 gratia
2197 2212 2386 2278 nobis

413 2323 457 2368 a
479 2301 756 2368 Christo
801 2299 955 2365 data
988 2299 1360 2366 laboramus
1402 2300 1473 2363 in
1517 2299 1713 2363 vinea
1733 2297 2025 2378 Domini,
2068 2307 2383 2381 tanquam

409 2386 736 2471 bipedum
787 2387 1224 2470 nequissimos
1275 2384 1576 2462 damnat,
1622 2384 1844 2450 abiicit
1884 2391 2080 2466 atque
2122 2383 2384 2451 concul-

410 2473 574 2539 cat?
640 2471 1000 2538 Redundat
1040 2472 1169 2537 ista
1208 2471 1449 2536 iniuria
1491 2490 1623 2553 qua
1663 2490 1784 2535 nos
1826 2469 2047 2534 affecit
2084 2470 2158 2534 in
2193 2489 2381 2535 sanc-

408 2569 518 2625 tas
563 2559 819 2625 Christi
865 2558 1200 2636 ecclesias,
1257 2577 1539 2640 quarum
1591 2554 1912 2634 ministri,
1971 2561 2038 2619 et
2089 2555 2382 2639 legitime

407 2644 688 2730 quidem
724 2645 939 2710 vocati
980 2642 1267 2708 ministri
1310 2663 1556 2707 sumus.
1644 2638 2003 2706 Redundat
2045 2649 2383 2707 contume-

402 2730 503 2797 lia
550 2730 673 2796 illa
714 2739 781 2795 et
819 2731 893 2795 in
936 2731 1150 2811 ipsum
1194 2727 1560 2793 Dominum
1604 2725 1839 2804 Iesum,
1895 2734 2110 2809 caput,
2156 2747 2380 2811 regem

404 2827 477 2883 et
535 2816 920 2901 pontificem
976 2822 1305 2891 nosm,
1369 2814 1475 2879 cui
1532 2811 1890 2889 credimus,
1947 2811 2380 2878 adhaeremus

401 2911 617 2987 atque
659 2902 1001 2968 servimus.

594 2987 781 3054 Haec
837 2985 1012 3071 apud
1068 2992 1167 3063 te,
1236 2984 1566 3066 Philippo,
1637 2983 1920 3048 amicum
1976 2989 2045 3048 et
2105 2982 2380 3048 fratrem

401 3095 645 3141 coram
688 3072 995 3150 Domine,
1039 3070 1396 3154 querimur,
1452 3079 1519 3134 et
1561 3068 1735 3152 apud
1778 3066 2040 3134 fidelem
2083 3079 2150 3134 et
2194 3069 2380 3134 iusti-

398 3162 543 3227 tiae
596 3158 1126 3225 amantissimum
1168 3156 1331 3221 haec
1365 3154 1774 3237 deponimus,
1819 3162 1896 3219 ut
1929 3176 2013 3221 ex
2056 3154 2141 3221 iis
2185 3153 2378 3219 intel-

430 3249 445 3263 ’
632 3244 858 3329 quales
901 3244 1132 3309 literae
1190 3242 1323 3307 sint
1375 3261 1543 3324 quae
1597 3262 1681 3306 ex
1723 3241 1962 3307 vestris
2006 3240 2380 3324 regionibus

539 3351 675 3398 nos
726 3328 1244 3414 perscribuntur.
1332 3327 1689 3392 Possemus
1742 3334 1811 3391 et
1861 3326 2063 3391 huius
2117 3327 2379 3410 generis

398 3418 582 3485 alias
645 3437 900 3500 quoque
970 3412 1312 3493 exhibere,
1380 3433 1545 3495 quas
1600 3432 1720 3495 per
1776 3410 2206 3477 christianam
2260 3433 2378 3495 pa-

393 3503 722 3571 tientiam
779 3502 1115 3583 hucusque
1163 3498 1621 3578 devoravimus
1676 3503 1870 3579 atque
1934 3496 2376 3563 concoximus.

390 3591 783 3657 Dubitatur
824 3596 1043 3652 autem
1102 3586 1282 3650 inter
1323 3603 1443 3649 nos
1485 3590 1555 3648 et
1597 3581 1678 3648 de
1722 3582 2001 3648 aliorum
2045 3581 2219 3664 apud
2262 3604 2379 3649 vos

394 3675 833 3742 eruditorum
877 3671 1135 3751 iudicio,
1179 3691 1382 3753 quum
1417 3670 1475 3735 is
1509 3669 1621 3752 qui
1702 3669 2015 3734 rimatum
2050 3688 2090 3732 a
2135 3666 2224 3732 ud
2258 3688 2379 3734 vos

392 3762 675 3829 obtinet
714 3758 794 3825 de
837 3757 1024 3824 nobis
1067 3765 1204 3821 tam
1245 3755 1532 3839 maligne
1574 3755 1641 3819 iu
1693 3755 1838 3820 'cat.
1927 3750 2075 3835 Quo
2164 3753 2222 3819 si
2267 3752 2377 3819 alii

393 3867 681 3933 quoque
724 3844 966 3911 eruditi
1022 3853 1090 3909 et
1140 3841 1561 3908 ecclesiarum
1613 3838 1948 3924 praesides
2005 3859 2124 3922 per
2165 3837 2378 3903 Saxo-

390 3936 602 4001 niam
647 3953 724 3996 eo
758 3931 832 3995 in
875 3951 996 3996 nos
1039 3929 1260 3994 animo
1306 3927 1556 3991 fuerint
1640 3947 1726 3990 uo
1770 3933 2027 3991 constat
2070 3924 2381 3990 affectum

392 4042 553 4087 esse
608 4017 987 4095 Lutherum,
1041 4015 1190 4096 quis
1233 4034 1367 4078 non
1420 4012 1748 4095 intelligat
1791 4017 2038 4094 quanto
2082 4031 2232 4075 cum
2276 4031 2381 4075 eo-

390 4106 773 4174 clesiarum
813 4099 1138 4178 scandale,
1181 4109 1426 4183 quanto
1469 4116 1618 4162 cum
1665 4098 1985 4163 bonorum
2019 4102 2085 4160 et
2128 4094 2381 4178 simpli-

390 4193 591 4261 cium
642 4189 990 4255 hominum
1033 4184 1252 4251 dolore
1295 4204 1370 4250 ac
1427 4182 1820 4248 detrimento
1861 4180 1986 4247 hoc
2029 4180 2216 4246 ulcus
2261 4180 2380 4245 ali-

388 4275 682 4363 quando
741 4282 1129 4358 erupturum
1185 4268 1313 4337 sit?
1413 4269 1589 4333 Nam
1645 4269 1701 4334 si
1758 4268 1869 4333 isti
1922 4267 2015 4331 ita
2070 4285 2380 4348 perrexe-

389 4365 574 4441 rint,
641 4381 954 4445 cogemur
997 4355 1264 4423 tandem
1308 4363 1603 4420 nostram
1648 4362 1716 4419 et
1758 4360 2135 4418 nostrarum
2175 4351 2380 4417 eccle-

388 4451 673 4518 siarum
695 4445 1157 4521 innocentiam,
1195 4442 1541 4508 veritatem
1577 4438 2152 4523 integritatemque
2186 4437 2379 4502 tueri.

593 4533 952 4599 Caeterum
996 4530 1052 4595 si
1099 4537 1202 4608 tu,
1259 4526 1735 4592 humanissime
1778 4524 2199 4607 piissimeque
2244 4522 2383 4588 Me-

385 4618 780 4694 lanchthon,
836 4617 1016 4682 vires
1069 4616 1139 4679 in
1189 4614 1319 4679 enii
1373 4622 1443 4679 et
1497 4609 1810 4676 humeros
1866 4608 2239 4675 admoveris
2283 4610 2381 4674 rei

386 4706 667 4789 alioqui
711 4703 873 4769 satis
916 4702 1139 4784 pericu
1168 4721 1349 4775 osae,
1406 4706 1481 4763 ut
1524 4695 1692 4761 nihil
1735 4717 1869 4760 non
1911 4695 2199 4779 capescis
2242 4694 2379 4759 ala-

387 4796 622 4860 criter
665 4788 836 4873 quod
881 4807 1001 4870 pro
1047 4785 1256 4870 gloria
1293 4785 1419 4850 Dei
1462 4793 1528 4848 et
1570 4782 1989 4848 ecclesiarum
2034 4781 2378 4847 incolumi-

385 4891 547 4945 tate
625 4875 818 4951 facit,
885 4873 1090 4938 lenire
1155 4868 1329 4954 apud
1395 4879 1540 4934 tuos
1604 4869 1726 4933 hoc
1790 4867 2041 4932 malum
2104 4869 2378 4949 poteris:

383 4983 662 5046 nempe
706 4961 764 5026 si
805 4979 925 5042 pro
968 4966 1086 5022 tua
1128 4958 1513 5032 autoritate,
1568 4974 1698 5036 qua
1740 4954 1973 5017 merito
2016 4949 2190 5033 apud
2234 4960 2381 5018 tuos

380 5051 630 5137 polles
674 5046 1052 5130 plurimum,
1095 5049 1164 5108 te
1206 5039 1695 5124 interposueris,
1733 5048 2007 5121 tuosque
2050 5046 2120 5101 et
2162 5037 2380 5122 gravi-

382 5151 502 5203 ter
554 5141 639 5200 et
676 5133 1056 5215 frequentor
1108 5127 1499 5204 modestiae,
1558 5125 1904 5207 aequitatis
1957 5141 2035 5188 ao
2090 5122 2382 5189 iustitiae

382 5219 861 5294 admonueris,
921 5226 997 5281 ut
1037 5213 1285 5280 scilicet
1326 5222 1552 5278 nostra
1594 5210 1972 5294 diligentius
2012 5208 2242 5294 legant
2280 5218 2380 5272 atf-

382 5329 538 5396 que
609 5302 991 5389 expendant
1056 5302 1437 5384 priusquam
1495 5316 1616 5363 nos
1679 5294 2025 5376 damnent,
2090 5295 2383 5381 cogitent

2245 397 2410 461 1544
2451 393 2640 461 IUN.

4326 408 4454 472 730

2491 583 2655 649 item
2710 604 2831 649 nos
2897 604 3155 668 quoque
3215 586 3550 652 vocatione
3614 596 3844 653 sancta
3896 597 3969 654 et
4015 588 4310 675 legitima
4363 592 4451 660 ad

2490 670 2619 735 hoc
2681 669 3126 736 ministerium
3204 678 3506 737 sanctum
3576 681 3843 739 vocatos
3905 675 4242 743 ministros
4304 697 4450 746 esse

2495 754 2748 820 Christi
2791 757 3081 834 Domini,
3136 757 3250 840 qui
3295 777 3413 840 per
3456 768 3757 825 nostrum
3801 767 3870 825 et
3909 781 4135 827 eorum
4178 763 4293 845 qui
4334 763 4450 830 ob-

2492 840 2903 906 dormierunt
2943 843 3076 906 iam
3120 841 3370 908 dudum
3407 844 3480 908 in
3502 845 3787 910 Domino
3823 846 4259 912 ministerium
4299 848 4451 914 bar-

2492 926 2687 991 baros
2730 936 2798 991 et
2837 925 3219 1006 indomitos,
3279 927 3444 995 adde
3501 938 3569 995 et
3610 929 4024 997 Antichristo
4081 933 4450 1002 addictissi-

2491 1033 2634 1077 mos
2675 1013 2952 1096 populos
3008 1013 3091 1079 ad
3146 1035 3216 1080 se
3260 1016 3615 1095 convertit,
3671 1016 3869 1100 inque
3914 1017 4240 1085 Helvetiis
4298 1041 4450 1104 per-

2491 1097 2737 1162 multas
2771 1097 3076 1165 ecclesias
3111 1107 3287 1165 certe
3326 1099 3619 1167 illustres
3652 1104 4011 1184 constituit,
4053 1125 4220 1188 quae
4255 1128 4449 1191 prop·

2492 1191 2597 1247 ter
2616 1182 2962 1249 Christum
3000 1184 3211 1250 multa
3232 1193 3300 1250 et
3332 1206 3574 1271 magna
3595 1187 3895 1253 fecerunt
3916 1210 3991 1255 ac
4014 1191 4445 1272 pertulerunt,

2494 1289 2663 1351 quae
2703 1268 3048 1336 Christum
3101 1291 3261 1336 vera
3310 1270 3442 1336 fide
3486 1273 3970 1355 amplectuntur
4013 1287 4082 1341 et
4119 1277 4449 1358 invocant,

2492 1375 2652 1420 vera
2690 1355 2852 1419 item
2895 1355 3231 1440 religione,
3269 1357 3540 1423 caritate
3584 1356 3885 1442 vitaeque
3925 1360 4299 1428 innocentia
4341 1383 4450 1429 co-

2491 1439 2658 1518 lunt,
2703 1441 3189 1507 Antichristum
3234 1451 3463 1508 contra
3505 1452 3574 1509 et
3614 1464 3875 1509 omnem
3919 1448 4450 1529 superstitionem

2492 1534 2562 1591 et
2614 1527 3015 1611 impietatem
3073 1528 3363 1611 fugiunt.
3466 1529 3665 1611 Apud
3722 1552 3841 1596 nos
3897 1531 4079 1597 nullo
4126 1554 4290 1616 opus
4344 1547 4450 1601 est

2491 1612 2847 1688 hortatore,
2894 1633 3095 1695 quum
3140 1613 3432 1678 omnium
3490 1615 3694 1679 animi
3749 1615 3833 1680 ad
3878 1638 4101 1700 pacem
4150 1635 4216 1683 et
4258 1640 4449 1685 sanc-

2491 1707 2627 1762 tam
2673 1696 3088 1764 concordiam
3133 1698 3452 1782 proclives
3494 1701 3644 1779 sint,
3689 1708 3883 1785 teque
3921 1704 4242 1787 inprimis,
4293 1705 4452 1772 Phi-

2490 1782 2663 1864 lipps
2705 1784 3028 1867 piissime,
3087 1783 3324 1849 deinde
3377 1785 3539 1851 alios
3596 1807 3826 1852 omnes
3868 1788 3971 1853 tui
4014 1789 4261 1856 similes
4306 1792 4447 1874 pios

2493 1867 2717 1935 doctos
2761 1882 2826 1934 et
2869 1868 3200 1936 modestos
3244 1870 3526 1956 diligant
3568 1892 3652 1937 ex
3697 1873 3936 1938 animo.
4023 1875 4291 1941 Efficiet
4330 1898 4446 1942 au-

2491 1961 2627 2018 tem
2671 1955 2832 2021 haec
2876 1954 3236 2020 moderatio
3292 1964 3358 2022 et
3411 1958 3783 2022 animorum
3841 1961 4213 2026 coniunctio
4270 1962 4448 2028 inter

2490 2060 2610 2105 nos
2654 2049 2883 2106 mutua
2935 2049 3014 2106 ut
3067 2042 3123 2107 si
3183 2063 3353 2125 quae
3409 2042 3718 2109 videntur
3758 2044 3830 2108 in
3872 2044 4164 2111 ecclesiis
4206 2048 4448 2114 nostris

2490 2123 2705 2193 adhuc
2748 2124 2965 2192 doceri
3009 2135 3079 2192 et
3111 2128 3251 2211 geri
3288 2127 3534 2212 dispari
3568 2130 3823 2195 ratione
3859 2151 3899 2194 a
3933 2132 4190 2210 vestris,
4227 2135 4447 2200 cuius-

2488 2211 2668 2276 modi
2709 2222 2809 2277 est
2851 2232 3076 2278 sacrae
3118 2232 3380 2293 coenae,
3425 2214 3848 2280 confessionis
3884 2224 3951 2281 et
3988 2222 4289 2299 privatae
4334 2219 4448 2286 ab·

2489 2295 2862 2375 solutionis,
2934 2297 3215 2382 denique
3268 2299 3771 2366 simulacrorum
3821 2302 4190 2385 negotium,
4249 2303 4448 2370 dilee-

2487 2382 2667 2448 tione
2724 2390 2793 2448 et
2846 2382 3064 2450 studio
3121 2383 3438 2469 gliscente
3490 2393 3723 2450 mutuo
3741 2437 3756 2465 ,
3815 2395 4107 2470 tempore
4162 2389 4325 2454 item
4378 2397 4446 2455 et

2487 2469 2859 2552 cognitione
2902 2491 3127 2535 rerum
3163 2471 3508 2549 exactiore,
3555 2478 3699 2536 tum
3743 2478 3812 2536 et
3853 2473 4263 2556 experientia
4302 2497 4443 2540 ma-

2485 2555 2695 2635 gistra
2746 2554 3193 2621 intercedente
3207 2606 3224 2634 ,
3281 2556 3544 2641 singula
3596 2563 3665 2622 et
3716 2558 3954 2623 rectius
4010 2558 4093 2624 ab
4147 2560 4444 2644 utrisque

2484 2638 2962 2724 intelligantur,
3009 2648 3075 2706 et
3119 2639 3199 2707 de
3233 2641 3315 2709 iis
3347 2641 3695 2721 iudicetur,
3742 2644 4046 2727 sepositis
4082 2646 4444 2729 affectibus,

2482 2725 2737 2807 purius.
2827 2725 3036 2793 Recte
3106 2727 3286 2792 enim
3344 2749 3570 2795 mones
3628 2749 3713 2793 ex
3755 2729 4001 2795 Basilio
4020 2781 4038 2810 ,
4106 2751 4237 2795 non
4302 2739 4444 2798 tam

2484 2810 2791 2877 sinistrae
2833 2832 2999 2895 opus
3042 2833 3184 2878 esse
3228 2812 3462 2879 dextra
3505 2834 3702 2898 quam
3746 2815 4054 2881 ecclesiae
4098 2816 4445 2884 concordia

2483 2893 2873 2963 docentium.
2894 2898 2955 2980 ⁴)
3052 2897 3234 2982 Ergo
3293 2899 3466 2982 quod
3527 2900 3856 2982 promittis
3914 2908 3978 2966 te
4035 2909 4442 2984 curaturum,

2482 3004 2567 3047 ne
2609 2983 2822 3069 magis
2856 2981 3235 3049 dilabantur
3269 3005 3344 3050 ac
3379 2982 3784 3051 divellantur
3816 2993 4079 3052 nostrae
4112 2987 4441 3069 ecclesiae,

2481 3066 2600 3133 sed
2641 3076 2720 3135 ut
2761 3069 2973 3154 magis
3016 3070 3566 3155 constringantur,
3611 3070 3735 3136 hoc
3765 3070 3984 3154 ipsum
4032 3080 4098 3138 et
4140 3072 4222 3138 de
4255 3074 4445 3141 nobis

2482 3153 2606 3219 tibi
2654 3156 2910 3239 tuisque
2963 3155 3390 3239 pollicebaris.
3480 3157 3947 3241 Astringemus
3990 3158 4170 3223 enim
4214 3166 4283 3225 et
4324 3181 4445 3227 nos

2482 3246 2781 3332 nostram
2839 3241 3393 3320 coniunctionem,
3450 3261 3586 3306 non
3649 3241 4131 3325 dissipabimus.
4222 3245 4444 3329 Atque

2482 3323 2648 3391 haec
2689 3333 2790 3392 est
2831 3347 2980 3392 mea
3013 3333 3081 3391 et
3122 3326 3525 3410 reliquorum
3558 3337 4082 3413 symmystarum
4117 3330 4443 3412 voluntas,

2484 3410 2567 3476 de
2609 3432 2739 3495 qua
2782 3413 3050 3478 rescribi
3094 3434 3134 3478 a
3172 3434 3280 3478 me
3324 3412 3606 3478 volebas.
3673 3413 3859 3478 Haec
3902 3422 4124 3480 autem
4160 3415 4444 3500 simplici

2483 3505 2550 3562 et
2607 3498 2864 3564 sincero
2923 3498 3140 3564 animo
3189 3518 3409 3564 coram
3463 3498 3774 3564 Domino
3805 3499 4033 3566 scribo.
4087 3537 4175 3547 —
4228 3538 4312 3550 —-
4355 3539 4444 3552 —

2484 3621 2564 3631 —
2612 3619 2697 3632 —
2744 3620 2825 3629 —
2872 3583 3109 3669 'I'iguri
3152 3587 3255 3650 22.
3300 3584 3481 3650 Iunii
3524 3602 3696 3649 anno
3738 3585 3863 3650 Do.
3917 3589 4100 3652 1544.

3409 3720 3817 3787 Heinrichus
3858 3721 4292 3806 Bullingerus

3597 3814 3749 3872 tuus
3792 3826 3877 3870 ex
3920 3807 4159 3873 animo.

3258 4114 3667 4128 m—

3389 4366 3543 4440 560.

3017 4519 3414 4587 VIRE'I‘US
3460 4520 3897 4588 CALV’INO.

2658 4692 2945 4760 Remum
2967 4693 3331 4776 propediem
3356 4693 3755 4774 profecturus
3795 4692 3872 4758 dc
3906 4693 4127 4758 itinere
4170 4692 4442 4758 amioum

2481 4776 2643 4862 facit
2681 4781 3019 4860 certiorem,
3061 4784 3129 4844 ut
3161 4797 3295 4843 una
3327 4781 3473 4843 eant
3513 4778 3575 4842 si
3604 4777 3934 4859 placuerit.
4037 4778 4239 4844 Varia
4281 4797 4444 4844 nova

2484 4864 2676 4931 obiter
2717 4869 3163 4932 commemorat.

2775 5036 2889 5102 (Ex
2924 5034 3263 5107 autographo
3298 5033 3430 5089 Ood.
3465 5032 3670 5088 Gener.
3707 5033 3850 5087 111⁸.
3877 5033 3970 5089 fol.
4003 5032 4149 5101 134.)

2693 5310 2755 5379 4)
2798 5311 2985 5368 Esau·
3019 5312 3151 5370 saec
3186 5318 3237 5369 et
3273 5311 3554 5382 aequatio
3591 5309 4034 5367 mazamet-om
4065 5313 4194 5366 m
4226 5306 4407 5365 υονω.
