5050 6167
434 429 559 493 369

433 615 836 684 remotiores.
945 613 1163 678 Aiunt
1224 610 1478 676 Mosam
1544 610 1911 694 principem
1985 610 2390 676 saecularem

437 703 561 781 (sio
626 699 1000 766 didicerunt
1055 697 1139 763 ab
1195 704 1425 762 autore
1488 697 1840 781 dogmatis)
1891 696 2391 779 praescripsisse

436 787 692 854 Aaroni
746 785 938 851 fratri
979 783 1228 862 omnia,
1284 780 1610 849 Davidem
1668 803 1891 866 regem
1948 781 2391 847 sacerdotibus

440 875 729 956 aliosque
772 891 962 956 reges
1001 870 1175 952 pios:
1219 867 1446 951 quidni
1487 869 1688 951 igitur
1723 870 1910 934 fieret
1949 867 2128 932 idem
2169 868 2243 932 in
2285 889 2391 935 sa-

440 957 727 1027 cerdotio
769 957 926 1022 novi
961 953 1380 1020 testamenti?
1470 952 1651 1035 Quid
1690 954 1746 1018 si
1788 952 1973 1018 laicis
2015 951 2389 1019 huiusmodi

677 1043 851 1109 entis
892 1042 1092 1106 fuerit
1136 1060 1525 1123 persuasum
1538 1039 1570 1102 7
1658 1039 1846 1104 Η666
1888 1038 2173 1104 breviter
2217 1038 2393 1122 apud

442 1138 512 1196 te
553 1130 730 1197 dicta
769 1128 988 1207 velim,
1029 1148 1166 1191 non
1201 1127 1399 1191 etiam
1444 1123 1618 1208 apud
1652 1124 1842 1190 alios:
1889 1133 1956 1189 et
1997 1133 2263 1208 gratum
2297 1124 2393 1189 fa-

444 1236 628 1284 ceres
643 1267 661 1295 ,
727 1216 785 1279 61
839 1234 960 1297 per
1013 1214 1222 1277 otium
1287 1210 1371 1276 ad
1427 1232 1507 1276 ea
1559 1210 1990 1294 responderes
2042 1209 2395 1293 aliquando

443 1301 629 1379 mihi,
673 1322 797 1383 par
837 1296 1202 1376 reddituro,
1259 1296 1488 1363 ubiubi
1541 1297 1742 1361 fuerit
1792 1297 2040 1361 occasio
2081 1303 2151 1360 et
2192 1294 2395 1360 facul-

444 1396 566 1454 tas.
664 1386 772 1452 De
829 1384 1040 1449 Vireto
1054 1388 1111 1458 ⁴)
1157 1382 1437 1449 scribam
1489 1382 1572 1446 ad
1625 1383 1950 1447 Bcrnates
2003 1401 2202 1463 quum
2259 1381 2395 1463 pri-

445 1494 632 1540 mum
675 1478 924 1554 potero,
971 1469 1089 1534 sed
1129 1469 1411 1533 fratrum
1453 1468 1720 1533 nomine
1737 1518 1752 1546 ‚
1810 1475 1887 1531 ut
1943 1466 2258 1532 autoritas
2311 1465 2400 1530 sit

446 1560 675 1637 maior,
722 1558 780 1622 si
823 1555 983 1639 quid
1024 1555 1365 1639 impetrari
1407 1554 1640 1619 valeat.
1727 1551 2070 1618 Vellemus
2111 1552 2287 1617 enim
2332 1558 2401 1616 et

447 1667 568 1712 nos
608 1645 806 1710 istam
852 1640 1196 1707 ecclesiam
1237 1660 1396 1718 esse,
1442 1640 1514 1704 in
1556 1639 1804 1705 bonum
1847 1637 2144 1716 aliarum,
2203 1657 2400 1719 quam

448 1729 1047 1797 instructissimam.
1137 1725 1429 1790 Bucen-3
1470 1725 1629 1791 abiit
1644 1775 1661 1803 ,
1717 1724 1771 1788 si
1834 1724 2066 1802 nescis,
2134 1720 2399 1805 Spiram

452 1816 536 1882 ad
589 1815 872 1892 comitia,
887 1813 948 1896 ⁶)
991 1812 1404 1896 profecturus
1445 1811 1722 1875 forsitan
1761 1809 1917 1874 inde
1959 1807 2323 1875 Coloniam.
2344 1806 2399 1891 θ)

454 1900 636 1983 Quid
684 1900 824 1966 11116
866 1898 1114 1982 negotii
1157 1896 1271 1974 sit,
1329 1894 1622 1961 nondum
1664 1895 1964 1978 comperi.
2052 1894 2157 1959 De
2198 1893 2400 1959 comi·

452 1990 692 2054 tiorum
735 1985 900 2053 actis
939 1982 1090 2049 ideo
1131 2002 1329 2047 nemo
1372 1980 1723 2065 quidquam
1769 1981 1978 2046 movit
1991 2029 2010 2058 ,
2071 1978 2242 2061 quod
2285 1978 2402 2044 ad-

452 2074 586 2140 huc
619 2093 754 2138 non
797 2091 1024 2136 omnes
1067 2077 1228 2134 sunt
1268 2068 1663 2152 congregati.
1751 2065 2107 2150 Spargitur
2148 2062 2400 2129 dissen-

451 2161 704 2226 sionem
736 2178 880 2223 esse
911 2156 1088 2221 inter
1120 2154 1449 2238 principes
1483 2160 1550 2217 et
1590 2152 1887 2218 civitates
1920 2151 2004 2217 ob
2036 2150 2400 2234 pecuniam,

452 2255 523 2311 et
562 2244 806 2309 milites
847 2239 1095 2308 dandos
1151 2249 1380 2305 contra
1423 2239 1721 2303 Turcam.
1746 2240 1803 2315 ⁷)
1906 2236 2180 2303 Gaudeo
2231 2234 2404 2319 quod

451 2330 762 2396 Christus
818 2327 1146 2394 Dominus
1211 2337 1344 2403 est,
1412 2323 1649 2407 alioqui
1706 2331 1884 2389 totus
1937 2321 2400 2405 desperassem.

451 2416 578 2483 1110
632 2422 854 2482 servet
902 2412 1248 2480 ecclesiam
1297 2431 1502 2477 suam.
1603 2408 1773 2475 Vale
1828 2410 1897 2474 111
1944 2406 2210 2474 Ohristo
2253 2427 2405 2473 cum

468 2501 677 2568 Virdo
712 2500 874 2566 mihi
908 2497 1265 2577 carissimo,
1306 2505 1374 2562 et
1408 2517 1556 2564 cum
1595 2502 1735 2560 tota
1767 2493 2042 2562 ecclesia
2075 2502 2203 2558 tua.
2273 2492 2406 2558 Ba-

407 2619 416 2630 ·
454 2587 672 2667 sileae,
717 2609 782 2651 x.
828 2584 1193 2662 Februarii,
1239 2603 1415 2649 611116
1465 2585 1646 2646 1542.

1509 2718 1624 2787 Os.
1667 2717 2016 2802 Myconius
2056 2722 2232 2781 tuus.

1299 3275 1310 3284 -
1354 3230 1507 3301 387.

955 3367 1445 3437 MYOONIUS
1490 3365 1916 3434 GALVINO.

523 3494 534 3502 ’
634 3542 738 3609 De
794 3541 1091 3626 Azberyio
1168 3539 1357 3606 cauo
1419 3558 1586 3604 mm
1640 3537 1943 3604 Rasum
2007 3541 2414 3604 commorante

457 3650 577 3698 cur
601 3629 887 3697 Genava
927 3628 999 3692 in
1039 3645 1344 3692 carcerem
1377 3627 1678 3691 coniectus
1714 3623 1912 3706 fuerit
1945 3623 2183 3689 edoceri
2222 3624 2407 3706 cupit.

705 3800 818 3866 (Ex
853 3796 1191 3868 autographo
1224 3796 1366 3848 Bibl.
1403 3795 1609 3850 Gcnev.
1647 3794 1777 3849 Ood.
1813 3792 1932 3860 110,
1965 3793 2057 3848 fol.
2089 3791 2171 3858 6.)

457 4009 547 4076 1).
607 4006 889 4074 Calvino
949 4002 1321 4068 doctissimo
1383 3999 1917 4083 pientissimoque
1974 3996 2225 4065 Christi
2285 3999 2412 4064 mi-

459 4096 676 4161 nistro
736 4087 911 4175 apud
968 4088 1344 4187 Genavates
1394 4086 1641 4184 optimo
1699 4093 2099 4171 symmystae
2158 4086 2228 4149 in
2273 4084 2411 4151 Do·

1071 4194 1251 4238 mino
1293 4190 1631 4238 carissimo
1675 4192 1811 4236 suo.

639 4314 712 4381 8.
777 4314 1094 4379 Putaram
1150 4309 1525 4375 Genevates
1588 4315 1734 4372 tuos
1796 4306 1950 4372 hinc
2013 4306 2279 4385 abiisse,
2348 4312 2420 4370 et

464 4422 618 4469 ecce
659 4410 808 4484 post
851 4397 1026 4462 diem
1069 4404 1373 4461 octavum
1415 4391 1698 4458 redeunt
1753 4391 1837 4457 ad
1889 4413 1996 4457 me
2010 4443 2026 4471 ,
2076 4392 2250 4456 inter
2290 4390 2421 4456 alia

465 4491 940 4570 conquerentes
984 4481 1065 4548 de
1109 4481 1404 4566 Albcryio
1446 4478 1644 4544 Gallo
1667 4478 1718 4560 ¹)
1761 4498 1953 4561 quem
1998 4477 2188 4556 nosti,
2247 4474 2421 4559 quod

464 4573 719 4659 negotii
774 4566 1022 4653 aliquid
1077 4568 1302 4633 fecerit
1320 4619 1334 4645 ,
1404 4573 1482 4630 ut
1532 4573 1880 4648 propterea
1942 4563 2192 4629 vocarit
2240 4562 2419 4645 ipsos

464 4667 739 4727 senatus
781 4663 1018 4721 noster.
1087 4651 1410 4737 Equidem
1447 4649 1640 4716 valde
1675 4670 1822 4715 sum
1857 4648 2216 4715 admiratus
2249 4645 2421 4729 quod

683 4929 746 4993 4)
785 4927 1198 4983 Gemmsibm
1231 4923 1448 4980 diutius
1481 4921 1832 4977 concedendo.

686 4997 742 5062 5)
779 4997 1028 5053 skadau.
1071 4996 1163 5050 ΙΙ.
1199 4994 1316 5049 262.
1389 4992 1652 5048 Seokend.
1698 4991 1824 5046 III.
1857 4989 1975 5044 382.
2048 4987 2264 5043 Hanck
2297 4987 2424 5041 III.

470 5071 599 5140 gp·
636 5066 1167 5205 “ignem-mm
1199 5132 1507 5188 Elector-em
1552 5130 1619 5184 in
1659 5126 2018 5196 reformanda
2066 5125 2291 5181 ecclesia
2322 5122 2425 5180 ad·

686 5246 1118 5341 7336616117.
1159 5268 1273 5324 187.

525 5329 2394 5413 asmunehoqvidempramswma'zafflstamsoe.

625 5427 846 5484 Galm‘ni
874 5443 1060 5497 opera.
1145 5425 1255 5481 Vol.
1293 5424 1399 5478 XI.

2117 424 2280 488 1542
2322 421 2790 492 FEBRUAR.

4329 435 4458 503 370

2492 611 2855 677 narrabant
2906 612 3111 678 istum
3154 635 3360 699 grave
3412 614 3744 699 quidpiam
3801 622 4087 686 tentasse
4133 619 4455 690 Genevae

2493 704 2727 762 contra
2761 707 2859 776 te,
2924 718 3053 780 qua
3095 697 3176 765 de
3218 721 3291 766 16
3332 707 3558 766 tamen
3600 723 3687 768 ne
3728 703 4006 769 verbum
4049 706 4314 788 quidem
4353 710 4450 776 fe-

2493 790 2677 848 cerat
2713 781 2891 866 apud
2931 806 3069 863 me,
3128 783 3287 850 dum
3346 786 3596 870 reliqua
3649 808 3815 870 quae
3869 790 4015 856 istic
4072 791 4450 859 acciderant

2495 869 2909 951 exposuisset
2949 870 3186 935 omnia.
3273 872 3436 937 Post
3487 871 3738 938 obitum
3781 872 3867 939 D.
3919 874 4232 958 Grynaei,
4287 900 4450 962 quo-

2495 954 2621 1018 ties
2666 954 2794 1020 huc
2836 955 3018 1019 venit
3060 955 3321 1040 saepius
3362 979 3470 1023 me
3507 959 3767 1037 invisit,
3823 967 3892 1024 at
3940 960 4019 1026 de
4077 961 4273 1028 rebus
4315 965 4449 1030 tuis

2495 1038 2665 1103 nihil
2710 1040 3013 1123 exposuit
3069 1062 3397 1125 unquam,
3454 1064 3666 1126 neque
3722 1065 3843 1129 ego
3895 1048 4215 1127 quaesivi:
4279 1049 4450 1114 nihil

2497 1126 2676 1189 enim
2720 1123 2804 1189 ad
2845 1147 2970 1191 me.
3060 1125 3249 1208 Quae
3287 1129 3356 1193 in
3398 1129 3635 1194 itinere
3684 1129 4033 1212 aliquando
4075 1132 4451 1200 acciderunt

2499 1211 2816 1276 narravit.
2904 1211 3091 1278 Inter
3128 1234 3296 1296 quae
3338 1215 3605 1280 fuerunt
3646 1235 3815 1298 6666
3858 1215 4269 1283 obvenerunt
4313 1219 4450 1286 Ge-

2498 1316 2723 1374 nevae‚
2769 1316 2937 1379 quae
2972 1305 3193 1362 tamen
3237 1301 3457 1365 omnia
3489 1302 3641 1384 quia
3674 1302 3744 1365 in
3782 1300 4051 1366 dubium
4097 1311 4449 1385 verteram,

2499 1382 2826 1463 praeterii,
2870 1403 3075 1466 usque
3118 1381 3275 1448 dum
3310 1406 3351 1449 a
3382 1386 3517 1451 tuis
3549 1406 3707 1451 vera
3741 1407 3886 1452 esse
3920 1387 4234 1453 intellexi.
4298 1390 4451 1456 Non

2500 1467 2670 1548 quod
2716 1466 2787 1531 hi
2827 1489 2966 1532 rem
3001 1489 3262 1534 omnem
3299 1470 3604 1549 dixerint,
3649 1471 3763 1536 sed
3806 1479 4063 1537 tantum
4099 1475 4272 1556 quod
4306 1475 4451 1541 fue·

2501 1552 2593 1615 rit
2635 1552 2965 1619 coniectus
2999 1555 3070 1618 in
3105 1574 3431 1621 carcerem
3468 1565 3536 1620 et
3568 1558 3709 1622 eius
3745 1557 3843 1621 rei
3878 1577 4162 1623 causam.
4230 1558 4453 1640 Quam

2502 1636 2763 1719 quidem
2820 1659 3086 1704 causam
3143 1640 3258 1706 ubi
3309 1640 3537 1706 eodem
3586 1663 3713 1725 666
3771 1661 4150 1726 acceperam
4207 1644 4311 1710 die
4352 1644 4454 1710 illi

2500 1723 2813 1788 referrem
2855 1725 2951 1788 ita
2990 1726 3275 1809 negavit,
3331 1734 3408 1791 ut
3458 1733 3712 1810 peteret
3753 1733 3933 1792 terra
3975 1728 4346 1815 deglutiret,
4392 1729 4454 1797 si

2503 1829 2610 1873 res
2652 1808 2803 1874 talis
2847 1810 2918 1874 in
2960 1819 3248 1876 mentem
3291 1812 3401 1877 vel
3443 1832 3601 1896 erga
3642 1821 3708 1877 te
3750 1812 3853 1878 vel
3900 1834 4057 1897 erga
4101 1814 4308 1880 alium
4341 1836 4455 1881 ve·

2503 1895 2714 1960 nisset
2756 1915 3064 1978 unquam.
3151 1896 3297 1980 Ego
3337 1898 3410 1961 in
3452 1896 3667 1962 medio
3707 1905 3826 1975 sto,
3870 1919 4003 1963 non
4047 1897 4311 1982 quidem
4353 1901 4456 1966 iu-

2506 1976 2654 2057 dex,
2697 1980 2815 2045 sed
2857 1987 3120 2046 tantum
3165 1979 3458 2047 auditor:
3503 1982 3740 2048 vellem
3785 1984 3951 2049 scire
3994 1984 4195 2068 igitur
4238 2007 4324 2049 ex
4366 1995 4453 2066 te,

2505 2062 2662 2146 quid
2697 2086 2949 2145 verum,
2989 2064 3146 2148 quid
3188 2066 3445 2146 falsum,
3495 2088 3632 2132 non
3673 2074 3850 2134 certe
3894 2068 4069 2150 quod
4111 2070 4241 2136 tuis
4285 2069 4457 2136 diffi-

2507 2148 2686 2228 dam,
2755 2150 2870 2216 sed
2926 2150 3097 2232 quod
3154 2153 3293 2218 eius
3346 2159 3486 2218 tam
3544 2173 3776 2219 secura
3830 2155 4092 2237 negatio
4152 2155 4458 2221 nonnihil

2505 2234 2745 2314 iniecit,
2790 2237 3215 2318 quamobrem
3257 2259 3343 2303 ex
3394 2247 3461 2303 te
3507 2237 3651 2321 ipso
3694 2257 3997 2321 cuperem
4053 2258 4249 2304 nosse
4291 2260 4459 2322 quae

2508 2340 2706 2386 causa
2738 2322 3017 2388 carceris
3058 2322 3156 2387 illi
3198 2324 3446 2389 fuisset.
3511 2324 3606 2388 Et
3637 2343 3756 2388 cur
3793 2322 3935 2403 hoc,
3978 2323 4240 2407 inquis?
4308 2324 4457 2392 8616

2508 2426 2704 2489 quam
2772 2406 3201 2491 decipiamur,
3268 2408 3468 2474 etiam
3520 2407 3911 2491 periculose,
3976 2409 4058 2476 66
4115 2409 4459 2477 6116111666

2509 2493 2621 2575 661
2672 2491 2867 2557 hodie
2931 2492 3039 2557 hic
3092 2514 3237 2559 cras
3295 2492 3547 2577 degunt
3601 2491 3774 2559 alibi.
3862 2495 3955 2559 Et
4009 2495 4162 2577 quia
4222 2515 4459 2580 parum

2508 2577 2640 2655 ille,
2720 2585 3039 2662 quantum
3115 2600 3237 2663 ego
3299 2581 3453 2646 novi
3469 2628 3486 2659 ,
3564 2576 3767 2644 distat
3828 2579 3909 2644 ab
3973 2579 4105 2646 illis
4121 2631 4137 2659 ,
4217 2580 4460 2647 vellem

2512 2661 2594 2727 de
2657 2683 2736 2728 eo
2811 2665 3052 2730 certior
3126 2665 3273 2730 fieri
3347 2666 3405 2730 si
3479 2663 3716 2729 alicubi
3792 2663 4205 2748 designasset
4286 2664 4460 2749 quod

2511 2769 2648 2813 non
2704 2756 2877 2815 esset
2930 2749 3088 2815 boni
3141 2750 3271 2815 viri
3285 2801 3301 2829 ,
3366 2770 3496 2833 quo
3550 2770 3782 2815 cavere
3836 2751 4082 2833 possim
4152 2750 4460 2834 deinceps

2511 2833 2766 2900 melius.
2875 2833 3044 2900 Nolo
3108 2841 3315 2900 totam
3395 2834 3799 2918 trQoediam
3863 2856 4027 2918 quae
4091 2836 4240 2902 istic
4316 2847 4463 2903 acta

2512 2927 2631 2999 est,
2711 2917 2827 2985 sed
2902 2926 3163 2985 tantum
3237 2941 3403 3003 6666
3488 2941 3686 2986 66666
3771 2920 4067 2987 66166116.
4201 2919 4461 3001 Quaeso

2511 3012 2611 3083 te,
2682 3026 2788 3070 me
2841 3004 3077 3071 liberes
3146 3005 3205 3072 si
3255 3007 3401 3072 fieri
3455 3006 3728 3089 poterit,
3784 3027 3905 3089 per
3959 3006 4187 3071 otium.
4275 3004 4464 3071 Nihil

2510 3108 2689 3155 nunc
2763 3098 2913 3173 peto
2990 3097 3105 3155 aut
3181 3090 3328 3157 volo
3399 3089 3593 3157 aliud.
3713 3090 3902 3172 Quae
3972 3091 4225 3174 reliqua
4305 3097 4465 3157 sunt

2512 3177 2710 3254 enim,
2752 3176 2822 3240 in
2863 3176 3189 3259 prioribus
3238 3176 3449 3243 literis
3491 3178 3778 3258 exposui.
3866 3176 4037 3241 Vale
4078 3176 4150 3241 in
4193 3174 4464 3242 Ohristo

2513 3259 2807 3326 Domino
2845 3282 2995 3327 cum
3037 3260 3312 3328 ecclesia
3351 3269 3468 3327 tua
3509 3269 3648 3327 tota
3688 3269 3756 3326 et
3787 3259 4098 3327 fratribus
4141 3262 4461 3328 omnibus.

2512 3346 2815 3412 Basileae
2855 3347 3098 3429 raptim
3147 3351 3244 3414 19.
3288 3347 3484 3414 Febr.
3529 3367 3702 3413 anno
3754 3351 3934 3411 1542.

3559 3481 3672 3550 Os.
3720 3482 4071 3567 Myconius
4115 3492 4286 3549 tuus.

3405 3974 3561 4047 388.

2517 4113 2949 4181 ΜΙΝΙΒΤΒΙ
3012 4110 3697 4180 ΝΕΟΟΟΜΕΝ8Ε8
3764 4109 4467 4178 ΤΠΒΙΟΕΝ8ΙΒΠ8.

2695 4283 2987 4350 Narrant
3037 4285 3272 4349 exitum
3326 4282 3585 4350 dissidii
3636 4281 3844 4348 civilis
3905 4282 3983 4348 de
4049 4280 4291 4348 Farelli
4351 4282 4470 4348 mi-

2523 4370 2784 4436 nisterio
2826 4370 3043 4436 exorti.

2522 4542 2636 4609 (Ex
2679 4540 3016 4611 autographo
3063 4538 3227 4594 Arch.
3264 4538 3444 4592 Turio.
3478 4536 3609 4590 olim
3641 4537 3708 4590 Β.
3743 4536 3893 4590 Τ6111.
3929 4537 3974 4590 1.
4022 4553 4167 4591 116116
4200 4537 4343 4591 Plut.
4379 4537 4474 4592 VI.

2522 4612 2632 4665 vol.
2674 4608 2790 4676 105,
2825 4610 2918 4664 sol.
2955 4605 3075 4662 341.
3148 4604 3489 4728 Subscripgilo
3509 4605 3672 4740 {angla
3706 4605 3877 4659 adest.
3914 4632 3977 4642 —
4015 4606 4273 4661 8111116166
4307 4605 4476 4662 habet

3368 4691 3403 4728 v
3464 4713 3478 4728 .
3581 4711 3593 4724 .

2698 4865 2904 4932 Omni
2945 4863 3189 4949 pietate
3232 4862 3600 4929 eruditione
3637 4867 3704 4927 et
3736 4861 4008 4926 caritate
4042 4859 4479 4927 ornatissimis

2529 4952 2884 5037 'rig-urinae
2921 4949 3232 5017 ecclesiae
3277 4947 3643 5032 pastoribus
3676 4947 3863 5013 nobis
3895 4946 3963 5011 in
4001 4945 4288 5012 Domino
4323 4944 4480 5012 Iesu

2528 5058 2726 5120 quam
2766 5036 3057 5102 maxime
3098 5031 3540 5101 observandis.
3566 5038 3613 5111 ¹)
4056 5029 4302 5115 Tiguri.

2701 5172 3003 5239 Salutem
3046 5171 3325 5257 gratiam
3370 5176 3440 5235 et
3479 5149 3705 5253 pacem
3746 5188 3787 5233 a
3826 5168 3971 5233 Deo
4006 5175 4193 5250 patre
4241 5174 4308 5234 et
4330 5143 4481 5235 ‘Do-

2564 5326 2702 5388 888.
2739 5328 2795 5395 1)
2832 5324 3187 5397 Respondent
3217 5323 3296 5379 aa
3329 5323 3407 5379 N.
3442 5322 3563 5377 375.

3996 5365 4075 5458 24⁹
