5050 6167
2391 1711 2864 1797 MDXLII.

1518 1993 1672 2065 384.

1291 2131 1761 2199 OALVINUS
1807 2134 1891 2200 Ν.

793 2306 1018 2372 Amico
1060 2304 1311 2370 cuidam
1365 2303 1555 2386 lonye,
1611 2309 1682 2367 ut
1735 2304 2009 2381 videtur,
2068 2328 2110 2371 a
2160 2305 2409 2372 Geaeoeva
2461 2307 2575 2374 Ῑια-

621 2395 844 2461 bitanti
893 2396 1118 2456 narrat
1170 2409 1333 2473 quae
1374 2388 1500 2453 sibi
1553 2389 1906 2455 acciderunt
1947 2411 2224 2473 quaeque
2265 2393 2400 2474 ipse
2434 2414 2574 2477 9⁶8·

621 2481 711 2546 sit
749 2484 806 2544 et
856 2478 1050 2559 effecit
1090 2496 1168 2542 ex
1210 2494 1332 2557 quo
1373 2494 1442 2539 eo
1482 2474 1686 2539 redzit.
1779 2475 2064 2542 Maxime
2104 2498 2245 2543 vero
2286 2479 2362 2545 de
2403 2479 2574 2544 colle-

618 2569 724 2651 95⁸
764 2565 1065 2647 quantur.

622 2736 926 2804 (Impressa
960 2732 1163 2788 Gener.
1209 2729 1314 2851 {3⁰2
1330 2728 2011 2868 157Α61ὡ1ἰ1.ῃῖ1ἕ,05οξ6111ἧ1.)
2035 2750 2087 2802 p.
2126 2731 2256 2802 585,
2306 2735 2482 2788 Amst.
2519 2751 2574 2803 p.

793 3006 890 3075 Ut
928 3005 1009 3072 de
1052 3005 1249 3071 rebus
1292 3005 1457 3070 meis
1514 3004 1759 3088 aliquid
1803 3003 1921 3069 tibi
1964 3005 2245 3071 referam
2287 3027 2374 3072 116
2427 3012 2572 3072 tan-

621 3101 767 3161 tum
811 3115 895 3157 ex
941 3090 1166 3156 auditu
1209 3092 1405 3170 scias,
1459 3090 1567 3157 hic
1611 3091 1848 3173 partim
1894 3091 1965 3155 in
2008 3091 2428 3158 restituendis
2467 3113 2573 3157 re-

620 3181 747 3248 bus
810 3177 1147 3260 collapsis,
1214 3177 1454 3260 partim
1508 3177 1580 3241 in
1633 3175 2079 3242 conservando
2136 3177 2573 3261 qualicunque

623 3272 800 3333 statu
843 3284 975 3327 non
1017 3261 1252 3326 leviter
1305 3282 1630 3327 exerceor.
1728 3262 1912 3328 Dum
1964 3283 2071 3326 me
2127 3263 2393 3329 comitia
2434 3284 2574 3327 mo-

621 3359 873 3425 rantur,
921 3348 1243 3413 Bernates
1294 3347 1576 3412 Viretum
1617 3347 1859 3412 nostris
1901 3347 2086 3412 velut
2126 3349 2418 3432 precario
2462 3349 2574 3414 de-

623 3434 861 3500 derant
915 3453 1119 3514 usque
1174 3431 1258 3497 ad
1311 3453 1534 3497 meum
1592 3431 1973 3497 adventum.
2073 3433 2145 3498 Is
2210 3434 2372 3498 mihi
2438 3442 2573 3499 11611

787 3541 853 3584 111
915 3517 1179 3601 quidem
1237 3516 1583 3583 levationis
1640 3518 1982 3597 attulerat,
2039 3520 2295 3585 efficere
2353 3529 2572 3584 tamen

619 3626 757 3672 11611
798 3610 1118 3688 potuerat,
1174 3603 1338 3685 quin
1379 3604 1599 3668 omnia
1642 3604 1855 3670 adhuc
1901 3613 2125 3670 essent
2168 3604 2569 3670 difficillima.

620 3691 848 3772 Quum
905 3709 977 3753 re
1023 3697 1383 3767 osceretur,
1448 3689 1702 3754 obtinui
1758 3698 1833 3754 ut
1887 3690 2055 3755 mihi
2108 3700 2574 3774 prorogaretur

618 3784 882 3859 tempus
925 3795 963 3839 a
1051 3794 1168 3838 sex
1211 3794 1489 3840 menses.
1577 3774 1743 3839 Eius
1787 3797 2013 3859 opera,
2073 3775 2360 3853 consili0‚
2423 3777 2571 3855 fide,

617 3862 837 3930 studio
874 3859 1155 3939 adiutus,
1200 3868 1530 3943 utcunque
1572 3860 1645 3924 in
1686 3860 2021 3926 meliorem
2063 3861 2339 3926 formam
2383 3863 2573 3927 resti-

620 3948 720 4013 tui
753 3967 919 4029 quae
952 3945 1063 4011 vel
1096 3965 1367 4028 prorsus
1403 3966 1633 4011 eversa
1665 3945 1771 4010 vel
1806 3947 2031 4025 fracta,
2078 3946 2293 4012 lacera
2327 3968 2402 4012 ac
2439 3947 2571 4012 dis-

618 4033 836 4117 sipata
891 4039 1097 4096 erant.
1201 4031 1537 4114 Principio
1593 4030 1748 4096 hinc
1806 4032 1934 4095 fuit
1984 4030 2446 4111 inchoandum,
2495 4042 2572 4098 ut

618 4119 799 4204 leges
852 4116 1323 4182 ecclesiasticae
1378 4116 1830 4182 scriberentur.
1858 4116 1908 4198 ¹)
2017 4117 2222 4183 Nobis
2279 4118 2570 4184 adiuncti

620 4212 777 4271 sunt
834 4225 952 4269 sex
1006 4224 1042 4267 e
1100 4209 1334 4267 senatu
1389 4202 1501 4285 qui
1560 4223 1670 4266 eas
1725 4204 2155 4285 conciperent.
2251 4204 2441 4269 Intra
2486 4208 2570 4269 20

620 4289 758 4354 dies
800 4287 1146 4353 formulam
1191 4289 1692 4371 composuimus,
1752 4309 1886 4353 non
1928 4288 2112 4353 illam
2156 4287 2420 4371 quidem
2465 4311 2570 4354 sa-

619 4374 706 4439 tis
748 4373 1131 4448 absolutam,
1177 4372 1290 4438 sed
1326 4392 1445 4456 pro
1489 4373 1801 4456 temporis
1842 4373 2223 4439 infirmitate
2267 4375 2570 4441 tolerabi-

616 4459 768 4526 lem.
856 4459 960 4523 Ea
1002 4459 1337 4540 suffragiis
1390 4458 1614 4542 populi
1673 4467 1933 4542 recepta
1985 4459 2125 4524 fnit.
2148 4462 2206 4542 2)
2305 4460 2569 4526 Consti-

617 4551 841 4610 tutum
878 4541 1111 4609 deinde
1146 4543 1457 4608 iudicium
1493 4543 1667 4627 quod
1703 4565 1960 4609 morum
1998 4565 2342 4611 censuram
2379 4566 2569 4611 6161·-

619 4638 779 4708 ceat,
825 4648 902 4695 66
945 4628 1255 4694 666166166
1312 4628 1527 4693 ordini
1571 4629 1895 4695 servando
1947 4629 2261 4715 invigilet.
2286 4632 2340 4713 ⁸)
2431 4632 2567 4696 Vo-

616 4715 713 4781 lui
756 4715 952 4790 enim,
997 4713 1167 4780 sicut
1209 4736 1487 4798 aequum
1531 4723 1659 4794 est,
1717 4715 2120 4800 spiritualem
2175 4723 2569 4800 potestatem

618 4823 662 4867 6
712 4799 885 4866 civili
940 4797 1181 4865 iudicio
1238 4800 1569 4886 distingui.
1657 4800 1765 4866 Ita
1819 4802 1892 4866 in
1951 4822 2144 4867 usum
2202 4802 2396 4868 rediit
2450 4825 2566 4868 61-

653 5022 801 5083 884.
839 5020 1023 5088 1)De
1054 5020 1145 5075 his
1176 5026 1230 5076 et
1343 5036 1393 5090 q.
1429 5021 1920 5092 &Kampsa-bulte
1945 5039 2009 5093 Ρ.
2039 5022 2231 5078 39266.
2265 5023 2566 5079 etAmwtt.

619 5096 843 5147 nostras
882 5091 1030 5147 Tom.
1064 5090 1141 5144 X.
1181 5036 1343 5144 Ra?
1375 5107 1431 5158 Ρ.
1471 5091 1552 5146 15.

833 5158 894 5225 2)
932 5159 1003 5213 20
1036 5164 1089 5214 et
1121 5159 1208 5214 25.
1246 5159 1594 5215 Novembris.

825 5229 886 5295 3)
930 5229 994 5284 V.
1029 5227 1132 5282 Ka
1223 5229 1331 5284 6611.
1360 5244 1425 5298 Ρ.
1460 5229 1594 5298 431,
1645 5229 1878 5286 Gabord
1917 5228 2105 5300 Ρίὀοεε
2139 5229 2331 5298 judit*-
2359 5245 2423 5299 Ρ.
2467 5229 2568 5284 118

620 5300 676 5353 d
704 5302 954 5354 nostran
987 5297 1145 5353 Edit.
1204 5299 1290 5353 .l.
1320 5313 1386 5367 Ρ.
1423 5298 1505 5353 22.
1542 5299 1628 5354 29.

2679 1997 3195 2064 communicatio.
3288 1995 3619 2078 Quoniam
3675 1998 3878 2081 pestis
3935 1999 4007 2063 in
4066 1998 4431 2065 Germania
4487 2021 4629 2067 sae-

2679 2084 2917 2161 viebat,
2966 2093 3033 2146 et
3074 2082 3280 2147 altera
3339 2104 3423 2148 61
3465 2091 3652 2166 parte
3697 2082 3957 2164 bellum,
4017 2084 4141 2149 feci
4182 2093 4259 2149 ut
4302 2085 4628 2169 supplica-

2680 2170 2893 2235 tiones
2962 2167 3521 2233 extraordinariae
3594 2166 4115 2235 decernerentur.
4151 2172 4208 2248 ⁴)
4295 2171 4628 2238 Precatio-

2680 2275 2800 2319 nes
2843 2252 3076 2337 quibus
3131 2254 3202 2318 in
3254 2254 3334 2318 iis
3384 2262 3722 2319 uteremur
3777 2256 4148 2338 conscripsi.
4169 2255 4226 2341 ⁵)
4315 2254 4423 2322 Ad
4467 2258 4628 2326 11666

2682 2351 2760 2405 111
2816 2340 2886 2404 111
2960 2347 3518 2405 sacramentorum
3578 2339 4145 2406 administratione
4212 2342 4488 2424 amplior
4552 2364 4629 2411 66

2679 2425 3070 2491 luculentior
3112 2423 3463 2489 haberetur
3505 2425 3868 2507 explicatio,
3914 2448 4119 2493 novas
4160 2428 4475 2494 formulas
4513 2428 4629 2494 ad-

2681 2509 2832 2575 didi.
2923 2508 3215 2574 Tandem
3263 2509 3414 2574 veni
3474 2509 3556 2574 ad
3600 2512 4095 2591 caoechismum,
4156 2513 4228 2577 111
4285 2534 4414 2595 quo
4468 2515 4626 2580 scri-

2680 2596 2892 2662 bendo
2916 2596 3275 2660 Dominum
3320 2594 3485 2659 mihi
3519 2593 3802 2661 adfuisse
3846 2598 4113 2663 confido.
4138 2597 4195 2683 ⁶)
4257 2599 4629 2667 Paucorum

2682 2681 2935 2746 dierum
2991 2689 3150 2746 sunt
3211 2680 3377 2746 istae
3419 2680 3932 2761 lucubrationes,
3989 2685 4226 2748 fateor:
4295 2685 4407 2749 sed
4450 2686 4629 2752 inter

2680 2776 2779 2832 tot
2821 2773 3246 2832 avocamenta
3299 2764 3533 2849 quibus
3589 2767 3866 2833 subinde
3923 2768 4052 2835 huc
4108 2768 4266 2834 illuc
4323 2770 4625 2854 abripior,

2681 2852 2906 2917 nullus
2962 2851 3148 2917 labor
3200 2873 3331 2916 non
3390 2851 3690 2918 difficilis.
3790 2853 3939 2918 Non
3996 2856 4169 2919 enim
4227 2857 4501 2921 memini
4543 2879 4629 2923 61

2679 2958 2806 3020 quo
2847 2937 2955 3003 hic
2999 2959 3173 3014 sum,
3232 2937 3395 3002 duas
3453 2938 3651 3002 horas
3698 2939 3838 3003 sine
3896 2940 4420 3024 interpellatione
4461 2941 4627 3007 1111111

2681 3023 2868 3089 datas
2922 3044 3080 3088 esse.
3167 3021 3357 3088 Adde
3412 3022 3581 3106 quod
3636 3023 4123 3090 Institutionem
4186 3025 4457 3092 latinam
4513 3029 4628 3094 ab·

2681 3108 2933 3174 solvere
2977 3109 3280 3192 oportuit,
3339 3109 3407 3173 in
3465 3130 3593 3191 qua
3646 3119 3989 3193 postquam
4048 3113 4309 3190 exierit,
4369 3111 4626 3179 videbis

2680 3215 2785 3259 me
2830 3216 2961 3259 non
3003 3194 3235 3259 leviter
3278 3193 3563 3259 sudasse.
3587 3196 3640 3270 ⁷)
3722 3196 3902 3260 Haec
3937 3205 4157 3261 tamen
4199 3199 4419 3263 omnia
4462 3199 4627 3264 mihi

2678 3279 2896 3346 facilia
2938 3288 3092 3345 sunt
3133 3278 3446 3358 toleratu,
3503 3289 3738 3364 praeut
3788 3292 3888 3346 est
3942 3282 4118 3347 aliud
4161 3283 4407 3347 malum
4451 3283 4625 3368 quod

2679 3387 2785 3430 me
2826 3365 3102 3431 mirifice
3145 3365 3495 3431 excruciat.
3584 3366 3923 3432 Habemus
3967 3369 4140 3433 enim
4178 3368 4457 3453 collegas
4500 3370 4625 3434 mi-

2679 3451 2855 3516 nime
2900 3452 3083 3516 nobis
3126 3450 3522 3516 commodos:
3585 3472 3861 3534 quorum
3908 3452 4038 3519 duo
4058 3505 4072 3531 ,
4131 3476 4328 3537 quum
4366 3455 4627 3539 expulsi

2679 3558 2986 3613 essemus,
3031 3537 3106 3600 in
3147 3535 3365 3601 locum
3408 3544 3705 3601 nostrum
3742 3538 4129 3621 irruperant.
4145 3538 4205 3623 ⁸)
4291 3539 4483 3605 Alter
4520 3542 4625 3606 in-

2679 3633 2856 3687 terea
2899 3623 3112 3687 nescio
3156 3621 3477 3704 quomodo
3519 3622 3820 3705 obrepsit.
3845 3625 3900 3704 ⁹)
3986 3624 4156 3689 Nam
4216 3624 4343 3690 duo
4399 3648 4482 3691 61
4539 3626 4624 3693 116

2676 3707 2789 3790 qui
2834 3729 3106 3774 vacuam
3151 3707 3622 3790 possessionem
3675 3708 3863 3772 initio
3906 3723 4340 3793 occuparunt,
4401 3713 4624 3796 fugam

2677 3792 2799 3857 sibi
2824 3793 3300 3859 consciverunt.
3334 3791 3413 3877 ¹⁰)
3460 3793 3722 3857 Tertius
3739 3798 3755 3837 ¹
3775 3793 3821 3879 ¹)
3846 3794 4044 3859 etiam
4068 3816 4174 3861 me
4196 3797 4412 3879 aliqua
4433 3805 4621 3881 parte

2675 3878 3008 3944 molestiae
3053 3877 3186 3942 iam
3229 3878 3495 3956 levavit,
3549 3879 3701 3960 quia
3743 3881 3937 3962 petiit
3978 3881 4376 3960 missionem,
4422 3903 4623 3967 quam

2676 3986 2809 4028 non
2869 3963 3217 4030 difficulter
3274 3964 3669 4046 impetravit.
3772 3965 4140 4031 Restabant
4202 3967 4417 4035 adhuc
4473 3968 4618 4048 duc,

2676 4050 2787 4132 qui
2830 4050 2991 4114 mihi
3048 4048 3406 4132 plurimum
3462 4050 3703 4132 negotii
3745 4051 4095 4129 facessent,
4149 4054 4275 4116 nisi
4330 4054 4619 4137 resipue-

2677 4136 2827 4199 rint.
2899 4134 3087 4199 Alter
3129 4133 3327 4199 feroci
3372 4133 3480 4198 vel
3515 4136 3733 4218 potius
3769 4137 4136 4202 truculento
4171 4139 4435 4223 ingenio
4470 4139 4620 4204 nul-

2676 4219 2757 4284 lis
2816 4221 2992 4285 sanis
3048 4218 3339 4285 consiliis
3395 4220 3816 4304 obtemperat.
3919 4223 4109 4288 Alter
4172 4233 4394 4289 autem
4439 4226 4620 4291 vafer

2674 4327 2750 4371 ac
2791 4305 3157 4388 versipellis
3213 4315 3387 4370 totus
3444 4327 3527 4370 61
3579 4304 3936 4373 mendaciis
3992 4317 4060 4372 et
4114 4317 4258 4375 astu
4301 4312 4618 4378 conflatus

2877 4543 2939 4606 4)
2975 4543 3277 4613 Kampsch.
3311 4560 3370 4610 p.
3408 4544 3525 4598 386.

2878 4612 2939 4680 5)
2981 4613 3127 4681 ΟΡΡ.
3169 4613 3231 4667 Τ.
3274 4612 3377 4668 VI.
3406 4630 3463 4682 Ρ.
3496 4611 3597 4666 161
3634 4616 3687 4666 et
3721 4611 3968 4681 Proleyy.
4003 4632 4060 4682 Ρ.
4105 4613 4185 4671 14.

2879 4680 2935 4744 6)
2978 4681 3122 4750 ΟΡΡ.
3174 4682 3233 4735 Τ.
3276 4681 3380 4735 VI.
3419 4696 3485 4749 Ρ.
3524 4681 3554 4733 1
3600 4696 3673 4736 ss.
3756 4681 3888 4750 Ray.
3940 4681 4019 4736 du
4055 4683 4298 4753 Gomess,
4345 4684 4430 4739 24.
4469 4687 4617 4746 Nov.

2680 4748 2837 4803 1541:
2890 4751 3004 4814 Que
3051 4753 3103 4804 le
3155 4750 3455 4820 dymenche
3503 4751 3593 4804 lon
3639 4767 3809 4821 suyve
3856 4769 3889 4804 a
3923 4753 4042 4822 lyre
4078 4761 4135 4806 et
4168 4755 4281 4807 fero
4318 4758 4615 4824 respondi-e

2673 4819 2752 4873 les
2788 4817 2976 4872 enfans
3010 4819 3083 4871 du
3117 4819 3455 4873 catechismo.

2831 4885 2940 4967 ⁰7)
2977 4886 3066 4940 Dc
3099 4886 3226 4941 edit.
3261 4886 3388 4941 III.
3435 4886 3680 4955 loquim-
3722 4901 3864 4956 Quae
3913 4892 4095 4944 tamen
4135 4889 4351 4946 ᾱεηιιιηι
4385 4911 4441 4948 a.
4479 4892 4616 4950 1543

2876 5023 2933 5086 8)
2967 5023 3089 5077 Iac.
3122 5021 3387 5077 Rev-nard
3418 5027 3470 5076 ct
3500 5022 3577 5077 H.
3615 5023 3684 5077 de
3714 5023 3773 5078 la
3807 5025 3987 5080 Mare.

2876 5092 2931 5155 9)
2968 5091 3095 5146 Am.
3134 5091 3526 5159 C'hampereau.
3609 5093 3715 5156 (N.
3749 5093 3896 5160 362.)

2842 5159 2932 5225 10)
2969 5161 3105 5215 Ant.
3140 5161 3436 5214 Marcum-t
3468 5165 3519 5214 et
3551 5161 3636 5215 Io.
3674 5162 3941 5218 Mon-and.

2848 5230 2939 5295 11)
2979 5229 3348 5284 Ρνοόαϋᾶίια·
3379 5229 3460 5283 Η.
3496 5230 3565 5284 de
3596 5230 3655 5285 la
3688 5232 3874 5302 Mare,
3922 5232 4022 5302 qui
4051 5233 4167 5288 iam
4202 5233 4494 5304 Epi-stolae
4529 5235 4610 5294 N.

2671 5297 2776 5352 362
2808 5312 2927 5353 non
2958 5298 3302 5367 subscripsit.
