5050 6167
406 405 523 470 165

1293 622 1441 693 284.

840 757 1312 827 GALVINUS
1358 758 1893 827 BERNARDO.

575 932 750 1016 Quod
812 933 1023 1016 ipsum
1065 932 1153 999 ad
1206 932 1646 998 resumendum
1717 930 2068 997 Geneveuse
2131 930 2351 996 minis-

394 1018 1084 1099 ter-iumhortatussit,
1144 1018 2020 1101 ideumbonafidefeoisse
2074 1016 2348 1083 nondu-

392 1106 568 1171 hicat.
660 1102 822 1170 Sunt
863 1109 1068 1170 tomen
1110 1105 1412 1171 nonnullo
1450 1106 1615 1171 serio
1669 1103 2126 1171 consideranda
2179 1107 2349 1167 ante-

393 1212 587 1275 quam
643 1191 891 1273 aliquid
942 1191 1092 1256 certi
1146 1196 1419 1255 statuere
1483 1196 1680 1272 queat.
1799 1190 1972 1272 Quae
2045 1188 2195 1254 olim
2258 1186 2350 1253 ibi

392 1277 750 1342 aeciderunt
786 1277 993 1361 mayis
1035 1276 1401 1343 dissuadere
1437 1276 1709 1342 reditum
1738 1280 2013 1356 possent,
2073 1280 2129 1339 et
2157 1294 2349 1355 prae-

392 1383 540 1429 sens
579 1362 857 1445 officium
898 1383 1026 1427 nou
1067 1361 1278 1429 leviter
1320 1367 1377 1428 et
1416 1367 1637 1427 temere
1694 1361 2111 1427 obiiciendum
2142 1364 2344 1442 putat.

394 1448 666 1514 ⁴Interim
722 1448 1014 1532 cotteym
1066 1452 1267 1513 monet
1321 1468 1397 1512 ne
1447 1447 1649 1515 verbis
1704 1453 1761 1514 et
1795 1444 2349 1529 protestationibus

391 1534 603 1617 officio
643 1556 757 1601 suo
799 1534 1177 1616 satisfecisse
1215 1534 1339 1599 sibi
1378 1533 1592 1619 finyat.

394 1704 616 1773 (Edidit
649 1704 792 1758 Beza
824 1704 883 1758 in
919 1704 1232 1785 Appendice
1268 1704 1523 1758 editionis
1558 1721 1686 1758 suae
1723 1702 1923 1758 GeneV.
1962 1700 2116 1772 15⁷6,
2153 1701 2346 1773 p.416,

390 1775 541 1827 unde
589 1772 751 1827 etiam
798 1774 1021 1826 transiit
1068 1774 1121 1826 in
1173 1773 1256 1826 ed.
1318 1771 1464 1840 1617,
1510 1791 1566 1844 p.
1611 1771 1717 1827 580
1762 1778 1820 1825 et
1864 1771 2089 1825 Amstel.
2134 1788 2189 1842 p.
2226 1768 2347 1824 260.

392 1843 461 1897 In
508 1843 741 1896 caeteris
789 1842 1145 1896 desideratur.
1231 1841 1438 1896 Gallice
1482 1859 1641 1896 versa
1684 1842 1881 1906 legitur
1924 1840 2110 1897 Gelon.
2160 1857 2214 1911 p.
2262 1840 2350 1907 39,

962 1912 1171 1981 anglice
1206 1912 1240 1964 1.
1276 1928 1325 1965 c.
1361 1911 1421 1965 Τ.
1458 1912 1504 1965 1.
1542 1929 1594 1980 p.
1628 1909 1779 1976 210.)

395 2100 488 2165 Ic.
513 2098 835 2166 calvinus
856 2098 1087 2165 Iacobo
1109 2099 1452 2165 Bernardo
1474 2099 1890 2165 Genevensis
1933 2099 2243 2164 ecclesiae
2276 2098 2349 2162 in

394 2186 583 2252 verbi
605 2186 737 2251 Dei
760 2185 1246 2268 dispensatione
1288 2186 1608 2264 ministro,
1653 2186 1843 2250 fratri
1885 2185 2049 2249 mihi
2092 2183 2345 2250 dilecto.

571 2320 641 2388 S.
687 2322 955 2388 Literae
990 2333 1140 2387 tuae
1170 2324 1219 2406 ¹)
1263 2322 1426 2387 mihi
1471 2321 1763 2388 redditae
1801 2334 1959 2387 sunt
1993 2341 2195 2406 quum
2218 2322 2351 2385 iam

393 2409 478 2475 ad
538 2407 1042 2492 ingrediendum
1099 2409 1225 2479 iter
1288 2429 1579 2473 essemus
1645 2409 2005 2492 compositi.
2115 2406 2223 2471 Ita
2266 2427 2351 2471 ue

395 2495 744 2560 excusabis
819 2494 877 2559 si
941 2495 1422 2576 exspectatione
1500 2503 1615 2559 tua
1690 2494 1899 2560 serius
1974 2514 2208 2576 respon
2336 2542 2349 2556 .

392 2581 596 2647 Hanc
640 2601 891 2663 quoque
934 2578 1294 2661 epistolam,
1332 2581 1387 2647 si
1424 2580 1644 2646 brevis
1667 2581 1795 2645 erit
1817 2587 1884 2644 et
1904 2578 2349 2662 incomposita,

392 2666 601 2735 velim
646 2666 768 2731 hoc
812 2666 1075 2731 nomine
1117 2678 1499 2732 excusatam
1543 2664 1814 2745 habeas,
1872 2663 2044 2748 quod
2086 2686 2171 2731 ex
2214 2685 2352 2729 me-

395 2753 505 2819 dio
548 2752 805 2817 itineris
849 2750 1174 2816 curriculo
1218 2752 1539 2818 scribitur.
1634 2750 1825 2833 Quod
1868 2772 1975 2816 me
2019 2749 2101 2815 ad
2146 2750 2353 2815 susci-

394 2836 706 2923 piendam
751 2836 1058 2903 ecclesiae
1100 2838 1511 2905 Genevensis
1554 2837 2190 2903 administrationem
2229 2855 2352 2919 pro

393 2933 517 2991 tua
557 2932 743 3008 parte
786 2923 1099 3003 hortaris,
1144 2922 1215 2988 id
1258 2936 1323 2989 te
1364 2924 1535 2990 bona
1587 2922 1717 2989 fide
1771 2922 2056 3005 adeoque
2109 2922 2353 3004 optimo

392 3011 619 3077 animo
660 3011 874 3076 facere
915 3030 1047 3074 non
1092 3008 1336 3088 dubito,
1384 3009 1554 3093 quod
1589 3031 1735 3075 eam
1770 3030 1906 3074 non
1940 3008 2131 3073 aliter
2165 3028 2355 3091 posse

392 3097 661 3163 restitui
706 3096 973 3175 iudicas,
1019 3116 1215 3178 quam
1260 3097 1317 3160 si
1350 3094 1640 3163 subsidio
1675 3097 1981 3160 venerint
1999 3095 2045 3158 ii
2076 3114 2354 3177 quorum

393 3181 691 3249 discessu
728 3182 973 3248 factum
1015 3190 1115 3247 est
1157 3190 1231 3246 ut
1272 3183 1367 3247 ita
1407 3182 1643 3248 misere
1677 3182 2097 3265 affligeretur.
2186 3180 2354 3244 Pro·

392 3268 554 3334 inde
597 3277 1063 3352 argumentum
1104 3266 1297 3348 illud,
1351 3290 1478 3352 quo
1522 3287 1903 3351 permovere
1946 3288 2053 3332 me
2107 3265 2350 3344 studes,

394 3353 576 3438 apud
633 3375 737 3419 me
795 3374 1054 3438 semper
1105 3354 1389 3420 multum
1454 3353 1760 3437 ponderis
1826 3351 2070 3418 habuit.
2179 3349 2355 3432 Quia

393 3442 577 3506 enim
620 3440 897 3505 verebar
937 3460 1023 3504 ne
1066 3439 1209 3505 Deo
1254 3440 1656 3519 resisterem,
1714 3438 1901 3503 illam
1943 3437 2354 3503 vocationem

394 3546 745 3609 nunquam
809 3546 1007 3591 ansus
1070 3546 1216 3590 sum
1283 3525 1646 3610 repudiare.
1756 3525 2052 3589 Rursum
2125 3522 2199 3587 in
2275 3544 2355 3587 ea

396 3633 601 3694 quam
644 3610 937 3677 sustineo
981 3611 1318 3677 vocatione
1361 3612 1792 3678 constrictum
1832 3631 1941 3675 me
1982 3614 2165 3674 tenet
2206 3630 2354 3674 mea

395 3698 817 3773 conscientia,
852 3717 977 3763 nec
1020 3694 1318 3763 deserere
1359 3697 1549 3765 facile
1590 3698 1799 3780 ipsam
1841 3695 2108 3779 patitur.
2186 3695 2353 3759 Esse

395 3786 579 3849 enim
620 3783 983 3866 legitimam
1027 3794 1097 3847 et
1136 3792 1432 3849 sanctam
1476 3797 1619 3848 tum
1649 3782 1908 3847 animus
1927 3802 2115 3846 meus
2131 3801 2355 3847 coram

394 3868 733 3950 Doctum
777 3868 967 3933 multi
1009 3869 1103 3952 pii
1146 3889 1365 3935 coram
1410 3868 1656 3935 mundo
1700 3876 1900 3933 testes
1934 3874 2106 3931 sunt.
2180 3865 2355 3932 Nam

394 3964 549 4040 post
591 3954 1035 4021 calamitatem
1070 3954 1273 4033 illam,
1318 3976 1521 4037 quum
1555 3954 1719 4019 mihi
1756 3953 2090 4020 videretur
2123 3951 2354 4017 infelix

396 4043 893 4123 infaustumque
959 4061 1181 4106 meum
1245 4041 1687 4106 ministerium
1706 4091 1721 4118 ,
1793 4046 2155 4105 statueram
2214 4060 2351 4103 om·

396 4128 560 4193 nino
615 4124 791 4209 apud
832 4147 937 4190 me
981 4125 1237 4191 nullum
1282 4147 1573 4210 unquam
1630 4126 1958 4209 suscipere
2016 4123 2351 4189 ecclesias·

398 4213 607 4278 ticum
669 4232 948 4289 munus,
1008 4212 1137 4276 nisi
1202 4233 1310 4277 me
1362 4212 1541 4277 clara
1606 4231 1764 4277 voce
1822 4209 2147 4276 Dominus
2212 4210 2354 4292 ipse

398 4305 780 4377 accerseret,
805 4297 929 4364 hoc
951 4308 1067 4376 est,
1105 4298 1233 4361 nisi
1269 4319 1399 4380 qua
1434 4305 1621 4362 tanta
1640 4297 1993 4362 necessitas
2016 4294 2356 4363 accidisset

336 4450 341 4455 .
398 4394 477 4449 ut
516 4383 827 4449 reluctari
870 4405 1005 4449 non
1047 4403 1324 4467 possem.
1410 4383 1586 4449 Huic
1643 4383 2007 4448 sententiae
2063 4381 2354 4465 pertina-

399 4472 565 4537 citer
607 4471 1024 4535 insistentem
1059 4492 1190 4534 non
1234 4468 1629 4535 destiterunt
1651 4471 1714 4535 A
1795 4468 2170 4533 entincnses
2204 4488 2354 4550 per-

396 4555 639 4621 cellere
679 4555 907 4619 multis
948 4554 1304 4635 machinis,
1361 4554 1565 4620 donec
1620 4564 1732 4619 tan
1780 4575 1885 4619 em
1929 4553 2353 4637 impulerunt.

399 4642 635 4725 Neque
677 4651 902 4706 tamen
943 4641 1282 4726 fregerunt
1336 4641 1550 4723 primo
1606 4640 1872 4723 impetu.
1975 4637 2112 4705 Sed
2155 4659 2356 4722 quum

401 4724 704 4792 viderent
745 4748 816 4791 se
858 4746 1093 4810 parum
1136 4728 1481 4811 proficere,
1541 4726 1765 4791 multis
1823 4725 2229 4809 argumentis
2273 4724 2356 4789 ad

402 4821 774 4879 extremum
832 4813 1064 4878 minati
1120 4820 1307 4892 sunt,
1363 4833 1471 4878 me
1524 4833 1656 4877 non
1710 4832 1901 4895 posse
1954 4811 2166 4895 magis
2228 4809 2356 4876 Dei

402 4919 678 4964 manum
743 4897 1239 4983 tergiversando
1305 4899 1591 4983 effugere
1668 4919 1869 4981 quam
1939 4897 2136 4963 Ionas
2201 4896 2358 4962 olim

406 4985 761 5071 effugisset.
784 4986 838 5064 2)
907 4984 1142 5068 Itaque
1184 4986 1553 5065 stationem,
1599 4985 1669 5048 in
1713 5004 1842 5068 qua
1886 5004 1989 5048 me
2033 4983 2356 5048 Dominus

442 5186 1069 5382 mssffiqffsssm
1104 5258 1167 5313 in
1206 5258 1391 5324 Praef.
1432 5258 1507 5312 ad
1549 5257 1795 5313 Psatmos
1844 5256 1909 5311 de
1944 5256 2048 5312 hac
2080 5255 2361 5311 vocatione

2163 403 2319 467 1541
2368 400 2653 493 mm.

4291 407 4416 469 166

2449 589 2811 669 collocavit,
2856 610 2992 655 non
3033 590 3281 653 mirum
3323 595 3425 655 est
3467 591 3523 656 si
3567 612 3702 656 non
3746 590 3979 658 leviter
4021 590 4410 675 relinquam.

2452 674 2720 760 Alioqui
2764 696 2895 740 non
2938 676 3031 740 ita
3074 696 3221 740 sum
3264 673 3405 741 loco
3441 677 3708 755 affixus,
3765 677 3926 760 quin
3967 688 4238 761 paratus
4282 678 4412 744 sim

2451 759 2812 826 identidem
2855 761 3171 846 migrare,
3230 762 3479 845 quoties
3538 762 3845 829 ecclesiae
3908 762 4149 829 iudicio
4207 764 4412 829 fuerit

2453 848 2903 912 constitutum.
2993 846 3249 911 Verum
3294 848 3435 913 sine
3478 847 3706 912 ordine
3749 848 4039 932 legitimo
4084 870 4220 914 non
4260 871 4409 915 sum

2452 932 2767 998 facturus.
2871 933 3058 999 Haec
3110 933 3236 997 fuit
3290 953 3487 999 causa
3546 953 3664 998 cur
3722 941 3926 999 totam
3971 934 4142 1000 hanc
4184 937 4411 1020 cogni-

2453 1018 2703 1083 tionem
2766 1015 2849 1083 ad
2926 1018 3233 1085 ecclesiae
3308 1026 3574 1084 nostrae
3651 1017 3994 1084 arbitrium
4073 1020 4407 1086 referrem.

2450 1102 2662 1169 Porro
2706 1104 2941 1169 fratres
2977 1124 3051 1170 ac
3093 1103 3378 1189 collegae
3413 1104 3563 1185 mei,
3607 1126 3769 1189 quos
3805 1126 3926 1190 ego
3959 1127 4078 1189 pro
4113 1107 4410 1191 ipsorum

2451 1189 2690 1254 merito
2753 1189 2829 1254 in
2893 1190 3179 1255 Domino
3241 1211 3556 1269 veneror,
3616 1210 3691 1256 ac
3744 1212 4019 1273 quorum
4077 1193 4412 1261 autoritati

2452 1273 2672 1340 defero
2718 1296 2849 1340 non
2895 1295 3083 1341 secus
3128 1297 3203 1342 ac
3246 1277 3300 1341 si
3344 1285 3647 1359 parentes
3689 1277 3937 1356 forent,
3998 1279 4257 1342 tametsi
4301 1299 4411 1343 me

2449 1361 2833 1427 invitissimi
2878 1361 3244 1439 dimittunt,
3304 1381 3382 1427 eo
3437 1371 3659 1427 tamen
3715 1363 4122 1429 inclinabant
4168 1372 4244 1428 ut
4286 1383 4409 1449 ego

2450 1468 2603 1512 cum
2627 1445 2874 1513 Bucero
2911 1448 3076 1513 istuc
3098 1450 3152 1527 ⁸)
3189 1448 3651 1531 proficiscerer,
3688 1468 3764 1513 ac
3799 1449 4063 1534 cognito
4098 1449 4409 1515 ecclesiae

2451 1540 2628 1597 statu
2708 1534 3257 1599 constitueremus
3334 1532 3513 1617 quod
3589 1534 3876 1599 maxime
3956 1534 4116 1599 utile
4191 1536 4409 1601 visum

2452 1625 2655 1683 esset:
2715 1618 2830 1683 sed
2886 1619 2955 1684 id
3008 1619 3357 1702 quominus
3423 1620 3644 1683 statim
3711 1640 4223 1703 exsequeremur
4285 1622 4409 1686 hac

2452 1703 2850 1788 profectione
2895 1726 3123 1770 sumus
3165 1704 3480 1788 impediti.
3555 1704 3772 1770 Simul
3819 1726 3974 1770 vero
4021 1726 4096 1771 ac
4140 1705 4410 1772 domum

2451 1788 2857 1867 redierimus,
2904 1810 3045 1854 rem
3088 1788 3275 1855 nobis
3320 1810 3512 1855 curae
3563 1790 3850 1855 futuram
3895 1812 4025 1856 non
4081 1800 4181 1856 est
4235 1790 4409 1875 quod

2455 1875 2731 1940 dubites.
2822 1873 3016 1956 Quod
3060 1874 3145 1940 ad
3187 1884 3254 1939 te
3294 1876 3604 1959 privatim
3641 1878 3894 1953 attinet,
3941 1877 4068 1941 scis
4111 1888 4410 1943 vestrum

2453 1962 2746 2026 omnium
2788 1961 3160 2045 ingressum
3204 1963 3438 2025 merito
3481 1982 3741 2044 semper
3784 1963 3950 2027 mihi
3987 1963 4408 2046 displicuisse.

2453 2048 2548 2112 Et
2604 2047 2685 2113 ab
2742 2047 2931 2113 initio
2990 2057 3125 2112 tam
3179 2047 3586 2131 inauspicato
3643 2048 3811 2112 nihil
3863 2047 4016 2113 boni
4060 2049 4247 2132 potui
4293 2071 4409 2115 ex-

2455 2142 2786 2216 spectare,
2844 2133 2976 2198 nisi
3027 2132 3199 2216 quod
3255 2133 3621 2197 Dominum
3670 2153 3928 2218 semper
3980 2136 4293 2220 rogabam
4335 2144 4412 2200 ut

2454 2238 2577 2284 vos
2632 2219 2755 2284 sibi
2811 2219 3055 2285 faceret
3110 2218 3377 2284 idoneos
3431 2219 3789 2284 ministros.
3891 2220 4158 2286 Interea
4201 2221 4409 2287 multa

2455 2304 2909 2370 referebantur
2964 2326 3131 2388 quae
3185 2325 3305 2369 nec
3358 2304 3605 2370 libebat
3659 2305 3954 2386 credere,
4013 2328 4131 2372 nec
4187 2316 4410 2372 tamen

2457 2389 2753 2456 refellere
2827 2389 3086 2456 licebat.
3213 2390 3410 2456 Oerte
3485 2412 3620 2455 non
3701 2392 3943 2474 absque
4022 2392 4408 2477 gravissimo

2454 2496 2754 2541 moerore
2789 2474 3132 2541 audiebam
3168 2497 3335 2558 quae
3371 2498 3402 2540 s
3452 2486 3665 2542 ectare
3687 2476 4115 2559 providebam
4151 2486 4409 2543 tantum

2458 2560 2543 2626 ad
2615 2562 2784 2628 sacri
2860 2562 3210 2626 ministerii
3290 2561 3369 2626 de
3417 2583 3587 2627 ecus.
3692 2563 3865 2626 Nam
3928 2562 4102 2644 quod
4175 2584 4410 2648 parum

2459 2648 2667 2712 amice
2711 2651 2981 2712 tractari
3027 2668 3132 2712 me
3173 2648 3536 2730 fratresque
3580 2669 3758 2713 meos
3794 2646 4155 2726 audiebam,
4201 2649 4268 2713 id
4306 2651 4409 2714 vel

2458 2732 2625 2797 nihil
2670 2732 2963 2797 animum
3008 2754 3232 2797 meum
3278 2733 3513 2811 affecit,
3554 2734 3661 2798 vel
3706 2734 3799 2798 ita
3840 2733 4077 2800 leviter
4128 2734 4414 2818 pupugit

2458 2826 2536 2883 ut
2584 2817 2839 2883 nullum
2898 2818 3083 2883 ulcus
3140 2818 3397 2883 faceret.
3511 2817 3906 2902 Quanquam
3975 2820 4141 2884 mihi
4202 2821 4414 2884 fateor

2460 2905 2627 2968 tanti
2691 2905 2891 2969 fuisse
2960 2903 3284 2969 Farellum
3349 2911 3416 2968 et
3483 2903 3850 2985 Goraldum,
3921 2914 4122 2988 prout
4186 2924 4414 2969 eorum

2459 2991 2689 3073 pistae,
2735 2988 3046 3067 eruditio,
3104 2989 3415 3055 sanctitas
3458 2991 3862 3071 merebatur,
3920 2999 3996 3055 ut
4039 3012 4171 3073 non
4215 2992 4413 3056 susti-

2458 3097 2685 3141 nerem
2739 3077 2960 3159 aequis
3018 3074 3284 3140 auribus
3340 3073 3513 3158 quod
3556 3075 3624 3139 in
3683 3096 3905 3141 eorum
3950 3076 4412 3142 contumeliam

2460 3159 2789 3227 diceretur
2834 3162 3153 3245 excipere.
3244 3159 3393 3226 Hoc
3435 3159 3580 3225 ideo
3627 3181 3761 3225 non
3807 3160 4147 3248 dissimulo
4194 3170 4266 3228 ut
4309 3162 4414 3227 in·-

2459 3248 2718 3332 telligas
2784 3269 2889 3313 me
2954 3247 3227 3313 candide
3304 3268 3379 3312 ac
3452 3247 3835 3331 simpliciter
3911 3258 4130 3313 tecum
4200 3270 4411 3333 agere.

2457 3333 2604 3399 Iam
2649 3354 2805 3399 vero
2848 3334 3001 3418 quia
3034 3334 3374 3418 egregium
3411 3333 3701 3398 animum
3749 3333 3822 3397 in
3856 3333 4062 3398 literis
4100 3333 4413 3412 ostendiS,

2458 3426 2526 3484 et
2589 3420 2963 3484 interiorem
3030 3420 3335 3485 affectum
3403 3418 3798 3502 respondere
3853 3420 4072 3486 verbis
4137 3419 4412 3498 confido,

2457 3505 2823 3590 plurimum
2868 3505 2987 3570 tibi
3030 3504 3343 3591 gratulor.
3433 3506 3498 3570 A
3542 3525 3648 3569 me
3693 3505 3983 3569 vicissim
4034 3527 4150 3571 exs
4198 3512 4413 3571 ectare

2459 3610 2685 3657 secure
2727 3598 2932 3674 potes,
2978 3612 3053 3657 ac
3098 3600 3272 3655 certo
3297 3588 3418 3654 tibi
3461 3590 3769 3673 polliceri,
3813 3589 3983 3673 quod
4029 3591 4111 3657 ab
4196 3594 4412 3657 omine

2458 3677 2743 3761 primum
2796 3676 2974 3760 pacis
3032 3683 3294 3742 amante
3350 3684 3417 3740 et
3484 3696 3524 3739 a
3589 3676 4113 3743 contentionibus
4180 3674 4412 3755 alieno,

2460 3760 2695 3828 deinde
2772 3762 2980 3827 amico
3060 3762 3182 3828 tibi
3251 3771 3529 3844 tuaeque
3607 3762 3839 3826 salutis
3918 3760 4415 3842 studiosissime,

2506 3856 2788 3913 ostremo
2845 3848 2916 3912 in
2979 3846 3391 3912 remittendis
3449 3847 3914 3912 offensionibus
3962 3869 4097 3912 non
4142 3846 4411 3913 difficili.

2457 3869 2723 3999 {nterea
2785 3955 2905 4017 per
2969 3954 3209 3998 nomen
3276 3933 3404 3997 Dei
3470 3934 3787 4012 obtestor,
3855 3952 3930 3997 ac
3997 3933 4412 3998 tremendum

2460 4020 2603 4085 eius
2639 4018 2976 4097 iudicium,
3023 4027 3102 4084 ut
3143 4041 3293 4085 cum
3337 4039 3411 4082 eo
3457 4019 3573 4085 tibi
3618 4020 3956 4103 negotium
4000 4040 4142 4085 esse
4183 4020 4416 4083 memi-

2461 4106 2671 4183 neris,
2729 4106 2838 4189 qui
2899 4104 3056 4171 olim
3122 4104 3531 4169 severissimo
3586 4104 3890 4169 examine
3951 4106 4243 4169 omnium
4307 4125 4413 4168 ra-

2457 4192 2705 4256 tionem
2751 4191 2990 4275 exiget,
3037 4211 3157 4257 nec
3193 4189 3408 4256 verbis
3445 4191 3568 4255 sibi
3611 4191 3894 4273 patietur
3930 4191 4253 4267 satisfieri,
4300 4200 4416 4254 aut

2456 4276 2592 4341 levi
2637 4276 2852 4360 aliqua
2895 4277 3330 4341 excusatione.
3422 4275 3680 4342 Deinde
3725 4283 3798 4339 ut
3841 4275 4102 4340 assidue
4146 4284 4413 4360 reputes

2457 4370 2526 4427 te
2579 4362 2652 4426 in
2705 4383 2978 4428 munere
3035 4362 3316 4440 versari,
3375 4370 3448 4425 ut
3492 4362 3786 4426 omnium
3875 4363 4412 4439 raestantissimO,

2458 4449 2552 4513 ita
2594 4449 2881 4514 maxime
2923 4448 3300 4532 periculose,
3346 4447 3473 4512 nisi
3517 4469 3773 4512 summa
3870 4447 4163 4533 'ligentia
4196 4450 4414 4514 inten-

2458 4535 2765 4618 tioneque
2826 4532 3167 4598 incumbas
3230 4532 3313 4597 ad
3378 4534 3682 4599 officium.
3795 4531 3989 4614 Quod
4056 4535 4112 4600 si
4177 4556 4283 4598 me
4351 4546 4416 4599 te

2459 4622 2819 4704 approbare
2862 4619 2998 4699 vis,
3054 4641 3262 4684 unum
3320 4618 3443 4684 hoc
3497 4628 3564 4684 te
3608 4640 4031 4701 praemoneo,
4087 4620 4253 4685 nihil
4307 4640 4414 4684 me

2461 4707 2577 4772 abs
2621 4716 2687 4771 te
2730 4706 3083 4789 requirere,
3133 4704 3256 4770 nisi
3302 4712 3377 4768 ut
3420 4705 3625 4770 fidum
3667 4716 3731 4770 te
3780 4706 4239 4789 sincerumque
4274 4705 4416 4770 Do-

2460 4794 2639 4858 mino
2683 4813 2948 4857 servum
2990 4792 3323 4874 praebeas,
3392 4791 3578 4869 Vale,
3617 4793 3821 4856 frater
3864 4792 4026 4857 mihi
4062 4791 4417 4857 carissime.

2460 4878 2790 4943 Dominus
2834 4877 3022 4943 Iesus
3065 4885 3133 4942 te
3176 4877 3415 4959 spiritu
3450 4898 3567 4942 suo
3611 4877 3695 4942 ad
3730 4898 3923 4944 omne
3968 4898 4133 4962 opus
4168 4878 4419 4942 bonum

2460 4972 2808 5048 praeparet
2850 4985 2927 5029 ac
2968 4964 3329 5029 confirmet.
3419 4961 3651 5028 Saluta
3706 4985 3945 5046 quaeso
3989 4966 4134 5048 pios
4187 4982 4426 5027 omnes.

2461 5072 2607 5116 mec
2653 5049 2933 5116 nomine.
3021 5048 3256 5117 Ulmae
3301 5047 3569 5114 Oalend.
3616 5050 3881 5117 Martiis
3930 5054 4112 5114 1541.

2671 5238 2727 5305 3)
2769 5240 3044 5292 Genavam
3079 5237 3194 5293 sea.
3229 5243 3292 5291 ut
3326 5239 3456 5293 bens
3488 5239 3651 5293 vertit
3689 5238 3898 5293 Gallus.

3904 5407 4008 5462 11·
