5050 6167
630 421 751 485 155

629 608 645 624 ‘
699 608 833 673 ‘tur
894 626 1014 689 per
1076 603 1421 671 christum
1483 603 1774 668 obtestor
1850 610 1925 668 ut
1989 603 2585 686 Argentoratenses

625 692 837 761 literis
912 689 1375 774 interpellatio,
1453 685 1757 772 idemque
1821 697 1902 753 ut
1964 694 2253 772 praestet
2315 694 2585 753 senatus

627 778 1000 855 hortemini,
1030 785 1111 842 ut
1134 774 1465 843 Calvinum
1487 774 1568 839 ab
1591 773 1894 841 omnibus
1918 773 2112 839 anxie
2134 779 2586 857 exspectatum

627 865 761 933 hue
782 864 1106 940 emittant,
1151 860 1495 928 eoelesiam
1538 880 1738 942 quam
1781 858 1987 927 ooluit
2029 868 2098 924 et
2129 858 2295 926 fovit
2335 859 2588 923 instau-

624 958 944 1019 raturum.
1035 947 1261 1030 Quum
1302 945 1626 1013 malorum
1669 966 1867 1013 suasu
1910 966 1950 1010 a
1991 953 2132 1009 tam
2173 944 2420 1022 multis,
2471 944 2585 1026 qui

626 1036 943 1105 adversus
978 1033 1233 1101 Christi
1273 1032 1713 1098 ministerium
1755 1032 2279 1110 coniuraverunt,
2324 1030 2586 1113 expulsi

627 1130 848 1189 essent
890 1128 960 1186 et
1000 1119 1227 1186 reiecti
1268 1118 1526 1196 fratres,
1581 1118 1794 1183 literis
1836 1117 2259 1184 ecelesiarum
2302 1116 2583 1182 helveti-

626 1228 873 1284 earum,
900 1208 985 1290 ¹¹)
1040 1204 1482 1271 Bernensium
1543 1204 1869 1290 legatione
1931 1201 2581 1279 commendabantur,

627 1314 860 1361 eorum
894 1313 1094 1359 eausa
1127 1289 1499 1357 fovebatur:
1548 1309 1725 1355 nuno
1759 1310 1934 1367 vero,
1985 1296 2332 1372 postquam
2376 1288 2586 1353 maior

628 1389 730 1447 est
759 1379 1130 1446 animorum
1163 1377 1235 1441 in
1258 1369 1625 1442 revocando
1648 1396 1842 1459 quam
1867 1374 2181 1441 eiioiendo
2204 1394 2580 1452 consensus,

628 1472 877 1551 quanto
923 1463 1135 1547 magis
1172 1483 1294 1546 par
1332 1470 1435 1527 est
1476 1461 1544 1526 id
1589 1460 1747 1527 dare
1766 1481 2033 1545 operam
2054 1469 2129 1526 ut
2161 1460 2384 1526 miseri
2406 1460 2584 1525 cives

628 1552 768 1619 suis
797 1550 1068 1616 minime
1089 1549 1487 1614 flustrentur
1510 1546 1865 1626 desideriis,
1889 1547 2020 1611 illis
2046 1544 2126 1632 ¹²)
2149 1547 2583 1612 restituantur

626 1638 743 1721 qui
799 1636 1157 1702 multorum
1214 1635 1490 1700 faotione
1542 1642 1609 1699 et
1662 1633 2107 1699 coniuratione
2164 1633 2353 1697 eiecti
2406 1651 2586 1697 nuno

627 1724 923 1789 omnium
966 1742 1123 1787 vooe
1161 1720 1448 1787 elamore
1503 1727 1572 1785 et
1614 1720 1931 1803 applausu
1986 1728 2393 1802 repetuntur,
2452 1717 2586 1782 nisi

625 1810 703 1875 in
744 1807 983 1873 animis
1028 1807 1370 1872 hominum
1412 1806 1715 1872 volumus
1759 1806 1934 1871 hano
1966 1803 2335 1888 relinquere
2372 1804 2584 1886 suspi-

625 1895 884 1963 oionem
926 1891 994 1957 id
1038 1902 1178 1957 tum
1213 1892 1372 1968 iooo,
1419 1913 1549 1956 non
1581 1891 1770 1970 seri0‚
1815 1898 2162 1968 tentatum,
2206 1897 2276 1955 et
2295 1889 2586 1955 voluisse

626 1979 699 2047 in
764 2001 964 2048 eausa
1017 1985 1154 2043 tam
1222 1976 1444 2042 divina
1499 1976 1741 2044 ludere.
1831 1975 2048 2057 Quam
2114 1974 2196 2041 ob
2262 1997 2402 2041 rem
2465 1995 2583 2041 vos

625 2067 868 2132 iterum
902 2072 1097 2148 atque
1118 2064 1359 2129 iterum
1379 2083 1514 2141 oro,
1538 2064 1846 2141 obtestor,
1868 2061 2153 2141 obseom,
2194 2068 2272 2125 ut
2304 2062 2584 2126 miserae

626 2151 939 2219 eeclesiae
971 2149 1329 2216 confidatis.
1359 2150 1439 2228 ¹⁸)
1518 2148 1717 2213 Viam
1752 2156 1975 2214 autem
2011 2169 2146 2213 non
2180 2145 2370 2213 video
2404 2166 2583 2212 eom-

626 2236 987 2304 modiorem
1008 2257 1204 2320 quam
1238 2236 1297 2300 si
1322 2233 1624 2301 (lamnas
1646 2255 1767 2299 suo
1788 2234 2154 2301 ministerio
2174 2233 2581 2310 restituatur,

626 2345 754 2407 quo
832 2324 970 2406 ipse
1030 2320 1285 2387 valeam
1362 2322 1554 2387 eitius
1622 2322 2167 2387 Lausannensem
2241 2317 2582 2383 eeclesiam

626 2410 933 2487 revisere,
980 2429 1175 2492 quam
1200 2427 1334 2472 non
1355 2428 1623 2491 possum
1646 2404 1761 2471 diu
1805 2404 2122 2482 deserere,
2168 2412 2238 2469 et
2281 2403 2584 2471 &vuinus

625 2494 798 2562 hano
849 2495 1188 2569 informet,
1257 2494 1497 2577 erigat,
1562 2493 1810 2570 foveat,
1874 2492 1986 2575 qui
2053 2500 2130 2556 ut
2184 2497 2285 2555 est
2339 2490 2585 2556 eximia

625 2582 871 2666 pietate
915 2590 984 2645 et
1003 2579 1375 2645 eruditione
1395 2578 1669 2643 minime
1691 2576 1970 2661 vulgari,
2015 2579 2109 2642 ita
2143 2576 2325 2642 valet
2358 2595 2582 2640 rerum

749 2666 879 2743 'tia,
925 2676 991 2731 et
1029 2665 1226 2731 huius
1262 2664 1659 2748 reipublioae
1700 2671 1950 2729 statum
1988 2683 2064 2728 ae
2105 2683 2321 2727 mores
2362 2661 2582 2746 gentis

625 2688 826 2818 met
901 2751 1369 2835 exploratiores
1432 2770 1632 2833 quam
1698 2748 1871 2815 alius
1931 2749 2176 2831 quivis:
2244 2769 2411 2831 quae
2474 2767 2582 2811 res

623 2841 993 2904 maximum
1048 2837 1245 2903 habet
1311 2835 1592 2920 gradum
1644 2834 1728 2900 ad
1785 2836 1956 2901 hane
2012 2834 2580 2912 instaurationem,

625 2945 824 3007 quam
878 2925 1033 2989 boni
1087 2944 1315 2989 omnes
1366 2928 1598 3005 optant
1649 2921 2010 2986 moliuntur
2063 2928 2133 2986 et
2186 2919 2578 3003 provehunt.

625 3009 779 3077 Non
801 3011 980 3076 enim
1006 3010 1219 3095 magis
1254 3008 1456 3073 refert
1487 3005 1813 3073 medicum
1847 3007 1919 3071 in
1956 3012 2470 3090 temperaturam
2497 3006 2578 3086 ¹⁴)

622 3097 836 3163 morbi
879 3116 1140 3163 oausam
1196 3102 1266 3161 et
1305 3100 1747 3177 symptomata
1798 3092 2002 3176 probe
2054 3093 2334 3171 novisse,
2392 3091 2581 3157 ouius

623 3202 853 3249 euram
910 3182 1197 3264 suseepit
1210 3232 1226 3259 ,
1293 3200 1490 3263 quam
1556 3186 1886 3262 pastorem
1942 3199 2168 3245 eorum
2230 3197 2449 3244 mores
2513 3185 2583 3243 et

624 3268 894 3367 ingenia
936 3285 1102 3349 quos
1144 3265 1345 3333 habet
1398 3285 1558 3331 suae
1601 3262 2029 3331 demandatos
2083 3263 2254 3329 fidei.
2343 3263 2581 3329 Valete

624 3352 1017 3429 fehoissime‚
1062 3359 1132 3416 et
1171 3353 1313 3435 pios
1359 3360 1609 3417 vestros
1651 3360 1924 3417 oonatus
1973 3349 2192 3417 studia
2225 3357 2294 3416 et
2327 3351 2582 3416 animos

626 3437 710 3505 ad
766 3437 1168 3522 reparandas
1224 3446 1294 3503 et
1347 3436 1773 3503 eontinendas
1825 3437 2134 3505 eeclesias
2188 3458 2260 3502 re
2309 3437 2457 3519 ipsa
2506 3436 2579 3501 in

625 3524 753 3591 hoe
794 3524 1057 3609 negotio
1101 3523 1442 3591 declarate.
1532 3522 1865 3602 Generae,
1911 3527 1968 3588 6.
2014 3522 2209 3589 Febr.
2263 3525 2447 3587 1541.

1708 3657 1952 3727 Vester
1992 3660 2071 3726 P.
2116 3659 2403 3726 Viretus.

1400 3922 1569 3929 ⁴⁴—ss
1588 3922 1739 3929 --—---0
1750 3924 1759 3929 -
1770 3922 1803 3929 0--

1528 4102 1679 4178 277.

1110 4240 1582 4310 GALVINUS
1625 4242 2090 4311 FARELLO.

797 4412 1128 4480 Consensio
1182 4433 1325 4479 oum
1380 4414 1762 4481 Lmheranis
1817 4417 2156 4482 retinenda.
2258 4412 2435 4480 Bene
2487 4418 2578 4480 aet

619 4498 784 4582 quod
833 4499 1082 4565 Vir-etus
1129 4498 1473 4566 Genevensi
1514 4501 1796 4567 ecclesiae
1824 4502 2153 4585 prospicit.
2246 4499 2397 4583 Ipse
2442 4499 2575 4565 Ra-

616 4583 922 4651 mnam
966 4583 1241 4650 trahitur
1266 4587 1629 4669 propediem
1656 4587 2068 4670 profecturus,
2117 4587 2335 4653 metuit
2367 4591 2576 4652 tamen

616 4691 696 4738 ne
730 4676 1060 4753 propterea
1114 4670 1278 4737 male
1327 4673 1565 4753 audiat,
1622 4675 1811 4755 quasi
1870 4674 2211 4739 Genevensi
2264 4674 2575 4740 vocatione

618 4757 694 4822 de
736 4756 1055 4823 industria
1097 4757 1442 4825 detractate.
1536 4758 1657 4824 [As
1711 4758 2136 4826 Bemmsium
2191 4779 2330 4826 cum
2378 4758 2574 4825 Gene-

616 4844 911 4909 vens-ibus
964 4845 1378 4924 componenda
1429 4845 1493 4910 si
1541 4845 1690 4927 fieri
1730 4846 1952 4951 possit.
2057 4845 2575 4928 Persequmones
2675 4858 2733 4915 Α
2807 4859 2896 4915 lae

616 4929 691 4994 in
730 4928 951 4995 Gallia
982 4927 1147 4993 nihil
1185 4935 1440 4997 cessant.

792 5133 883 5200 11)
922 5132 1053 5189 add.
1091 5137 1188 5189 et?

790 5202 885 5337 {33
918 5204 1254 5351 &aaa

792 5337 886 5406 14)
921 5354 1021 5396 ne.

2198 411 2726 480 EPIS'I'OLAE
2770 416 3110 480 276-278

2615 4965 2621 4976 ’
2673 4998 2951 5068 zea-nm.-
2997 5000 3152 5053 aare.
3235 4998 3523 5057 omma·
3567 4949 3654 5067 οἶ
3685 4999 3762 5057 N.
3811 5000 3934 5056 273.

4521 419 4644 483 les

2691 602 2803 667 (Ex
2838 603 3177 685 autographo
3210 604 3343 657 bibl.
3379 602 3579 658 Gener.
3617 602 3745 658 cod.
3766 601 3885 669 106,
3915 604 4007 659 fol.
4033 602 4119 669 52,
4154 605 4306 658 euius
4329 604 4645 728 ¹²me

2689 677 2909 725 exstant
2959 672 3091 725 1b1d.
3144 671 3277 727 Ood.
3313 671 3430 738 111,
3483 673 3576 727 fol.
3627 669 3714 739 46,
3770 673 3932 727 Areh.
3980 674 4146 728 Bern.
4193 674 4334 744 Epp.
4461 714 4476 729 .
4555 672 4642 743 56,

2690 739 2888 794 Simler
2924 740 2997 795 V.
3031 739 3118 795 49.
3155 767 3220 778 --
3256 742 3486 811 Angliee
3522 741 3918 877 veragogefitur
3950 758 4038 813 ap.
4061 741 4364 798 Bonnet-O.
4415 743 4566 797 Tem.
4596 742 4640 796 I.

3549 827 3601 880 p.

2777 996 3047 1081 Optimo
3082 999 3271 1064 fratri
3306 1018 3454 1064 meo
3477 998 3835 1065 Guillelmo
3865 998 4127 1065 Farello
4147 999 4477 1067 Neoeomi.
4509 1001 4554 1082 ¹)

2860 1134 3007 1221 Ego
3050 1135 3261 1200 literis
3304 1136 3436 1201 tuis
3479 1156 3611 1200 non
3666 1155 3902 1220 parum
3957 1135 4054 1200 fui
4114 1136 4493 1215 oblectatus,
4548 1139 4643 1227 mi

2692 1218 2963 1299 Famae,
3009 1241 3128 1286 neo
3157 1221 3480 1286 minorem
3503 1242 3588 1286 ex
3609 1222 3691 1286 iis
3714 1221 4120 1306 voluptatem
4142 1224 4312 1306 oepit
4333 1222 4641 1302 Bucam,

2688 1305 2862 1389 quod
2886 1304 3437 1373 animadverteret
3474 1314 3749 1391 uterque
3773 1315 4074 1373 nostrum
4098 1307 4266 1372 nihil
4286 1318 4352 1374 te
4372 1330 4644 1393 prorsus

2688 1393 2988 1457 omittere
3009 1390 3182 1475 quod
3209 1391 3289 1456 ad
3325 1392 3738 1457 retinendam
3774 1395 4269 1459 consensionem
4287 1393 4345 1481 ²)
4380 1396 4640 1473 faeeret,

2689 1486 2756 1543 et
2789 1479 3035 1542 mirum
3072 1490 3138 1543 te
3172 1477 3307 1544 illio
3324 1483 3379 1556 ⁸)
3421 1479 3686 1561 pietatis
3721 1498 3796 1544 ao
3832 1487 3985 1544 tuae
4019 1480 4086 1544 in
4124 1480 4462 1547 eeclesiam
4497 1487 4642 1546 tum

2688 1564 2980 1630 caritatis
3038 1572 3181 1628 tum
3224 1564 3680 1630 sollicitudinis
3726 1564 4025 1631 ardorem
4070 1567 4465 1649 exposuisse,
4516 1589 4641 1650 quo

2687 1650 3062 1733 permoveri
3106 1649 3466 1715 debuerint.
3557 1649 3634 1716 Si
3676 1650 3847 1716 nihil
3889 1652 4252 1734 profectum
4295 1662 4414 1731 est,
4455 1662 4533 1717 ut
4565 1662 4644 1718 tu

2689 1734 2870 1811 dieis,
2915 1736 3284 1801 miserrima
3328 1745 3426 1802 est
3480 1746 3706 1801 nostra
3761 1737 4066 1815 conditio,
4119 1738 4232 1820 qui
4287 1759 4371 1803 ex
4424 1740 4642 1804 saxeis

2689 1821 2995 1888 sordibus
3036 1820 3414 1905 pendemus,
3460 1822 3573 1887 sod
3619 1843 3738 1907 ego
3785 1825 3896 1888 vix
3941 1820 4227 1890 adducor
4269 1831 4344 1887 ut
4377 1823 4641 1889 credam

2688 1928 2820 1972 non
2866 1927 3007 1972 esse
3049 1907 3523 1991 aliquantulum
3569 1908 3911 1974 emollitos.
4013 1909 4188 1973 Nam
4244 1917 4311 1975 et
4363 1910 4500 1976 suis
4556 1910 4640 1976 ad

2687 1999 2948 2059 nostros
2992 1990 3203 2058 literis
3255 1992 3627 2071 ostendunt,
3685 2016 3755 2060 se
3813 1994 4034 2078 aliquo
4082 1994 4412 2061 iuvandae
4461 1995 4641 2061 illius

2688 2078 2997 2144 eeclesiae
3060 2079 3279 2143 studio
3333 2080 3574 2159 teneri,
3641 2088 3710 2144 et
3770 2102 3876 2145 res
3930 2078 4073 2163 ipsa
4126 2101 4262 2146 non
4316 2082 4476 2146 sinit
4527 2102 4640 2147 eos

2688 2184 2877 2230 seous
2920 2163 3149 2229 faeere.
3253 2165 3433 2249 Ergo
3489 2165 3654 2231 bene
3705 2186 4062 2248 speremus,
4118 2174 4452 2250 uteunque
4507 2187 4642 2233 non

2686 2251 2782 2315 ita
2823 2270 2978 2314 mox
3024 2250 3384 2335 affulgeant
3428 2251 3637 2316 bonae
3691 2253 3830 2336 spei
3885 2263 4292 2336 argumenta,
4349 2254 4473 2319 sois
4524 2274 4640 2319 ex-

2688 2345 3023 2418 asperatos
3087 2337 3340 2402 animos
3402 2336 3695 2420 mitigari
3747 2338 3990 2403 sensim
4046 2349 4115 2404 et
4164 2359 4639 2418 mansuescere,

2685 2443 2822 2486 non
2865 2443 2998 2487 uno
3037 2420 3143 2487 die
3185 2422 3451 2505 plaoari.
3540 2423 3688 2489 Hoo
3737 2444 3896 2489 vero
3937 2444 4044 2488 me
4088 2425 4412 2510 singulari
4454 2425 4640 2490 laeti-

2686 2510 2782 2573 tia
2803 2507 3042 2587 affecit,
3076 2506 3249 2591 quod
3269 2507 3462 2573 video
3484 2508 3793 2575 eeclesiae
3815 2509 4198 2575 Genevensi
4219 2521 4642 2595 prospeotum

2703 2594 2900 2659 Vireti
2966 2594 3272 2659 adventu.
3380 2593 3755 2661 Plurimum
3821 2597 3996 2660 enim
4057 2598 4363 2675 verebar,
4432 2619 4516 2662 ne
4581 2598 4640 2663 si

2686 2679 2935 2745 diutius
2976 2689 3276 2745 maneret
3318 2681 3650 2759 destituta,
3698 2681 3876 2746 aliud
3912 2681 4238 2748 aeoideret
4268 2702 4464 2766 quam
4502 2682 4642 2748 vel-

2684 2765 2915 2831 lemus.
3001 2765 3195 2833 Nune
3238 2787 3378 2832 rem
3421 2787 3566 2832 esse
3608 2775 3798 2832 extra
3837 2767 4202 2851 perieulum
4245 2768 4515 2834 oonfido.

2858 2852 2961 2917 De
3038 2874 3144 2917 me
3222 2873 3353 2917 non
3432 2862 3535 2917 est
3609 2853 3682 2916 in
3749 2854 4122 2936 praesentia
4183 2852 4637 2920 laborandum.

2682 2937 2956 3003 Utinam
3021 2959 3102 3003 ea
3164 2938 3498 3004 excusatio
3563 2939 3728 3003 mihi
3796 2939 4049 3005 deesset
4107 2961 4304 3023 quam
4360 2941 4640 3006 obiicere

2685 3023 2818 3089 illis
2861 3043 3073 3108 oogor.
3163 3024 3612 3091 Invitissimus
3669 3026 3847 3089 enim
3899 3024 4334 3109 Ratisponam
4389 3025 4636 3104 trahor,

2685 3118 2830 3174 tum
2888 3111 3044 3192 quia
3095 3110 3309 3194 ipsam
3364 3112 3833 3193 profectionem
3888 3110 4054 3175 mihi
4111 3112 4640 3179 molestissimam

2683 3196 3009 3280 prospicio
3050 3197 3207 3275 fore,
3266 3204 3409 3261 tum
3464 3194 3639 3280 quod
3682 3197 3874 3263 valde
3930 3198 4132 3263 timeo
4185 3218 4271 3263 ne
4324 3197 4642 3265 diuturna

2683 3301 2873 3346 mora
2913 3282 3135 3347 futura
3176 3282 3265 3346 sit
3281 3333 3298 3362 ,
3353 3292 3430 3348 ut
3466 3282 3677 3349 solent
3729 3302 4198 3367 saepenumero
4240 3285 4506 3350 eomitia
4550 3283 4635 3349 ad

2686 3366 3012 3433 decimum
3056 3388 3351 3435 mensem
3390 3368 3769 3452 producere,
3814 3378 3955 3434 tum
3989 3368 4163 3453 quod
4193 3370 4468 3436 minime
4499 3367 4640 3436 ido-

2684 3473 2851 3519 neus
2905 3453 3068 3518 mihi
3125 3453 3208 3518 ad
3261 3454 3426 3521 tales
3480 3456 3771 3522 actiones
3823 3454 4084 3535 videor,
4146 3453 4461 3539 quidquid
4525 3455 4639 3521 alii

2684 3539 2994 3606 iudicent.
3097 3538 3234 3606 Sed
3288 3540 3508 3606 Deum
3563 3561 3800 3625 sequar
3861 3541 3974 3625 qui
4039 3543 4229 3607 novit
4290 3564 4409 3609 our
4471 3542 4637 3607 mihi

2685 3626 2857 3691 hane
2933 3627 3390 3692 necessitatem
3468 3627 3778 3709 imponat.
3902 3627 4188 3693 Miratus
4251 3648 4402 3693 sum
4466 3625 4640 3710 quod

2687 3710 2991 3778 sahenas
3033 3713 3102 3776 in
3146 3713 3282 3778 suis
3329 3712 3539 3779 literis
3581 3714 3863 3797 soripsit,
3914 3712 4218 3796 Philippi
4259 3713 4500 3780 iudieio
4531 3734 4638 3779 me

2682 3796 3030 3880 probatum
3065 3818 3208 3863 esse
3252 3805 3372 3864 eto.
3392 3797 3452 3884 ⁴)
3538 3798 3734 3865 Unde
3767 3799 3946 3863 enim
3979 3798 4301 3878 habuerit,
4338 3799 4639 3865 divinare

2683 3904 2954 3967 nequeo,
2998 3881 3257 3965 quando
3287 3904 3687 3968 magnopere
3722 3881 4104 3967 deprecatus
4147 3906 4330 3951 eram
4365 3906 4452 3950 ne
4486 3905 4638 3950 ver-

2683 3968 2914 4035 bulum
2992 3967 3256 4035 dioeres.
3365 3970 3801 4036 Providebam
3867 3972 4041 4036 enim
4103 3992 4233 4037 non
4289 3972 4429 4037 fore
4489 3971 4635 4037 sine

2682 4054 2965 4120 invidia:
3011 4055 3304 4122 fortassis
3335 4056 3511 4121 enim
3554 4056 4102 4139 interpretaretur
4141 4077 4251 4123 me
4294 4056 4636 4122 ambitiose

2681 4142 2973 4216 iactasse,
3031 4141 3201 4223 quod
3255 4150 3330 4206 tu
3372 4163 3456 4206 ex
3498 4142 3703 4225 ipsius
3759 4165 3872 4209 ore
3926 4142 4279 4224 audisti:⁶)
4336 4142 4452 4209 sed
4513 4143 4634 4208 boo

2680 4246 2935 4309 quoque
2978 4226 3266 4292 Domino
3310 4227 3808 4311 gubernandum
3852 4231 4178 4312 permitto.

2852 4313 3072 4377 Ditem
3117 4314 3292 4378 inter
3325 4314 3647 4379 Bernates
3689 4326 3759 4378 et
3802 4314 4228 4380 Genevenses
4245 4318 4303 4389 ⁶)
4347 4314 4633 4397 pendere

2679 4399 2814 4463 iam
2835 4417 2917 4463 ex
2939 4397 3208 4464 arbitrio
3221 4399 3690 4465 Basiliensium
3705 4397 4084 4483 gaudemus,
4104 4398 4276 4485 quod
4291 4420 4634 4483 speramus

2680 4485 2825 4549 sine
2888 4484 3180 4550 tumultu
3242 4486 3426 4551 brevi
3479 4485 3916 4569 compositum
3980 4487 4080 4551 iri.
4169 4488 4270 4551 'Pu
4325 4487 4504 4552 insta
4556 4494 4634 4551 ut

2685 4608 2982 4616 --.--—.-.—.—-

2709 4654 2841 4716 277.
2877 4654 2938 4721 l)
2973 4609 3235 4709 iva-num
3268 4655 3596 4725 adscripsit:
3632 4654 3714 4709 19.
3753 4657 3911 4710 Febr.
3949 4654 4100 4712 1541.

2882 4722 2943 4791 2)
2981 4723 3359 4779 Helvetiorum
3394 4739 3519 4780 eum
3768 4724 3914 4780 aonia.

2882 4791 2945 4861 3)
2981 4786 3065 4847 sid
3096 4794 3496 4864 mdoyraphon.
3568 4792 3788 4849 Gaetu-i
3808 4808 4023 4849 oumoes:
4057 4794 4182 4862 illis,
4219 4808 4357 4863 quos
4379 4795 4633 4864 aequim-

2880 4901 2943 4995 4)
2982 4928 4005 5001 Ρνολοοιοιο.αρορνρ1ιαοιιυιόα,
4051 4931 4634 5013 ααιῃᾶίςΒοκηα

2878 5066 3079 5123 caudit
3110 5083 3226 5122 non
3257 5073 3452 5123 exuat.
4010 4999 4060 5058 S
4553 5003 4632 5059 aa

2885 5137 2944 5195 5)
2990 5137 3158 5191 Vides
3191 5136 3475 5192 Fas-ellam
3507 5138 3695 5205 ipsum
3740 5136 4079 5193 Wormatiae
4107 5138 4302 5205 Μαι.

2884 5206 2945 5269 6)
2984 5204 3070 5271 Cf.
3108 5205 3185 5260 N.
3222 5207 3345 5261 261.
3413 5206 3762 5261 Bast‘kmes
3795 5208 3999 5263 arbitri
4029 5207 4170 5273 facti
4211 5225 4327 5265 reno
4372 5210 4630 5266 dirimere

2675 5290 2794 5423 ἵνα
2765 5279 3522 5414 Wlffi
3517 5275 3732 5401 m
3733 5276 3910 5415 ,1ῗῆ
3909 5283 4214 5413 Εἴπω
4258 5284 4352 5339 ut.
4423 5279 4627 5350 (spon.
