<?xml version="1.0" encoding="UTF-8"?>
<!DOCTYPE html PUBLIC "-//W3C//DTD XHTML 1.0 Transitional//EN"
    "http://www.w3.org/TR/xhtml1/DTD/xhtml1-transitional.dtd">
<html xmlns="http://www.w3.org/1999/xhtml" xml:lang="en" lang="en">
 <head>
  <title>
</title>
<meta http-equiv="Content-Type" content="text/html;charset=utf-8" />
  <meta name='ocr-system' content='tesseract 3.04.00' />
  <meta name='ocr-capabilities' content='ocr_page ocr_carea ocr_par ocr_line ocrx_word'/>
</head>
<body>
  <div class='ocr_page' id='page_1' title='image "./ioanniscalvinio13unkngoog/ioanniscalvinio13unkngoog_0068.png"; bbox 0 0 5050 6167; ppageno 0'>
   <div class='ocr_carea' id='block_1_1' title="bbox 612 424 729 487">
    <p class='ocr_par' dir='ltr' id='par_1_1' title="bbox 612 424 729 487">
     <span class='ocr_line' id='line_1_1' title="bbox 612 424 729 487; baseline -0.017 -1"><span class='ocrx_word' id='word_1_1' title='bbox 612 424 729 487; x_wconf 85' lang='lat'>111</span> 
     </span>
    </p>
   </div>
   <div class='ocr_carea' id='block_1_2' title="bbox 607 602 2564 5046">
    <p class='ocr_par' dir='ltr' id='par_1_2' title="bbox 607 602 2564 5046">
     <span class='ocr_line' id='line_1_2' title="bbox 610 602 2559 691; baseline -0.004 -16"><span class='ocrx_word' id='word_1_2' title='bbox 610 631 738 676; x_wconf 89' lang='lat' dir='ltr'>nus</span> <span class='ocrx_word' id='word_1_3' title='bbox 786 630 904 691; x_wconf 90' lang='lat' dir='ltr'>per</span> <span class='ocrx_word' id='word_1_4' title='bbox 959 606 1321 690; x_wconf 88' lang='lat' dir='ltr'>apostolum</span> <span class='ocrx_word' id='word_1_5' title='bbox 1367 625 1559 670; x_wconf 90' lang='lat' dir='ltr'>suum</span> <span class='ocrx_word' id='word_1_6' title='bbox 1604 612 1671 669; x_wconf 91' lang='lat' dir='ltr'>et</span> <span class='ocrx_word' id='word_1_7' title='bbox 1727 604 1887 669; x_wconf 86' lang='lat' dir='ltr'>alios</span> <span class='ocrx_word' id='word_1_8' title='bbox 1945 625 2076 669; x_wconf 87' lang='lat' dir='ltr'>non</span> <span class='ocrx_word' id='word_1_9' title='bbox 2121 611 2293 669; x_wconf 88' lang='lat' dir='ltr'>esset</span> <span class='ocrx_word' id='word_1_10' title='bbox 2336 602 2559 667; x_wconf 91' lang='lat' dir='ltr'>horta-</span> 
     </span>
     <span class='ocr_line' id='line_1_3' title="bbox 608 688 2557 774; baseline -0.005 -12"><span class='ocrx_word' id='word_1_11' title='bbox 608 706 734 773; x_wconf 84' lang='lat' dir='ltr'>tus,</span> <span class='ocrx_word' id='word_1_12' title='bbox 780 714 902 759; x_wconf 86' lang='lat' dir='ltr'>neo</span> <span class='ocrx_word' id='word_1_13' title='bbox 944 693 1291 759; x_wconf 90' lang='lat' dir='ltr'>clementia</span> <span class='ocrx_word' id='word_1_14' title='bbox 1338 691 1630 757; x_wconf 89' lang='lat' dir='ltr'>roborari</span> <span class='ocrx_word' id='word_1_15' title='bbox 1685 691 2001 755; x_wconf 80' lang='lat' dir='ltr'><strong>thronum</strong></span> <span class='ocrx_word' id='word_1_16' title='bbox 2047 690 2221 774; x_wconf 89' lang='lat' dir='ltr'>regis</span> <span class='ocrx_word' id='word_1_17' title='bbox 2265 688 2557 766; x_wconf 78' lang='lat' dir='ltr'><strong>dixisset,</strong></span> 
     </span>
     <span class='ocr_line' id='line_1_4' title="bbox 609 775 2558 867; baseline -0.004 -21"><span class='ocrx_word' id='word_1_18' title='bbox 609 803 728 867; x_wconf 90' lang='lat' dir='ltr'>per</span> <span class='ocrx_word' id='word_1_19' title='bbox 784 800 1009 864; x_wconf 86' lang='lat' dir='ltr'>regem</span> <span class='ocrx_word' id='word_1_20' title='bbox 1067 777 1627 863; x_wconf 90' lang='lat' dir='ltr'>sapientissimum</span> <span class='ocrx_word' id='word_1_21' title='bbox 1645 828 1661 855; x_wconf 97' lang='lat'>,</span> <span class='ocrx_word' id='word_1_22' title='bbox 1717 777 1771 841; x_wconf 92' lang='lat' dir='ltr'>si</span> <span class='ocrx_word' id='word_1_23' title='bbox 1829 776 2179 841; x_wconf 88' lang='lat' dir='ltr'>clementia</span> <span class='ocrx_word' id='word_1_24' title='bbox 2235 775 2558 840; x_wconf 78' lang='lat' dir='ltr'>seditiosis</span> 
     </span>
     <span class='ocr_line' id='line_1_5' title="bbox 611 860 2557 945; baseline -0.005 -12"><span class='ocrx_word' id='word_1_25' title='bbox 611 867 882 933; x_wconf 89' lang='lat' dir='ltr'>daretur</span> <span class='ocrx_word' id='word_1_26' title='bbox 916 885 1111 930; x_wconf 89' lang='lat' dir='ltr'>causa</span> <span class='ocrx_word' id='word_1_27' title='bbox 1152 862 1426 931; x_wconf 89' lang='lat' dir='ltr'>nocendi</span> <span class='ocrx_word' id='word_1_28' title='bbox 1463 862 1892 945; x_wconf 76' lang='lat' dir='ltr'>potestatibus</span> <span class='ocrx_word' id='word_1_29' title='bbox 1930 861 2254 945; x_wconf 79' lang='lat' dir='ltr'>legitimis.</span> <span class='ocrx_word' id='word_1_30' title='bbox 2324 860 2557 925; x_wconf 89' lang='lat' dir='ltr'>Cicero</span> 
     </span>
     <span class='ocr_line' id='line_1_6' title="bbox 610 946 2557 1037; baseline -0.005 -19"><span class='ocrx_word' id='word_1_31' title='bbox 610 953 913 1037; x_wconf 89' lang='lat' dir='ltr'>spiritum</span> <span class='ocrx_word' id='word_1_32' title='bbox 951 950 1202 1016; x_wconf 79' lang='lat' dir='ltr'>Christi</span> <span class='ocrx_word' id='word_1_33' title='bbox 1240 970 1372 1014; x_wconf 92' lang='lat' dir='ltr'>non</span> <span class='ocrx_word' id='word_1_34' title='bbox 1410 947 1721 1014; x_wconf 88' lang='lat' dir='ltr'>habebat:</span> <span class='ocrx_word' id='word_1_35' title='bbox 1768 969 1846 1012; x_wconf 91' lang='lat' dir='ltr'>ea</span> <span class='ocrx_word' id='word_1_36' title='bbox 1890 955 2107 1012; x_wconf 91' lang='lat' dir='ltr'>tamen</span> <span class='ocrx_word' id='word_1_37' title='bbox 2150 946 2312 1024; x_wconf 91' lang='lat' dir='ltr'>luce,</span> <span class='ocrx_word' id='word_1_38' title='bbox 2359 966 2557 1029; x_wconf 90' lang='lat' dir='ltr'>quam</span> 
     </span>
     <span class='ocr_line' id='line_1_7' title="bbox 611 1032 2559 1115; baseline -0.005 -10"><span class='ocrx_word' id='word_1_39' title='bbox 611 1039 938 1105; x_wconf 83' lang='lat' dir='ltr'>Dominus</span> <span class='ocrx_word' id='word_1_40' title='bbox 1006 1036 1266 1101; x_wconf 91' lang='lat' dir='ltr'>ethnico</span> <span class='ocrx_word' id='word_1_41' title='bbox 1343 1037 1560 1099; x_wconf 89' lang='lat' dir='ltr'>animo</span> <span class='ocrx_word' id='word_1_42' title='bbox 1637 1033 1972 1098; x_wconf 79' lang='lat' dir='ltr'>infuderat</span> <span class='ocrx_word' id='word_1_43' title='bbox 2047 1032 2559 1115; x_wconf 88' lang='lat' dir='ltr'>prudentissime</span> 
     </span>
     <span class='ocr_line' id='line_1_8' title="bbox 610 1119 2558 1202; baseline -0.004 -13"><span class='ocrx_word' id='word_1_44' title='bbox 610 1124 927 1190; x_wconf 88' lang='lat' dir='ltr'>Romanis</span> <span class='ocrx_word' id='word_1_45' title='bbox 972 1123 1107 1186; x_wconf 90' lang='lat' dir='ltr'>suis</span> <span class='ocrx_word' id='word_1_46' title='bbox 1152 1120 1566 1199; x_wconf 75' lang='lat' dir='ltr'>consulebat,</span> <span class='ocrx_word' id='word_1_47' title='bbox 1614 1141 1815 1202; x_wconf 91' lang='lat' dir='ltr'>quum</span> <span class='ocrx_word' id='word_1_48' title='bbox 1862 1120 2173 1184; x_wconf 87' lang='lat' dir='ltr'>factiones</span> <span class='ocrx_word' id='word_1_49' title='bbox 2217 1119 2290 1181; x_wconf 87' lang='lat' dir='ltr'>in</span> <span class='ocrx_word' id='word_1_50' title='bbox 2335 1139 2413 1182; x_wconf 91' lang='lat' dir='ltr'>ea</span> <span class='ocrx_word' id='word_1_51' title='bbox 2454 1140 2558 1182; x_wconf 89' lang='lat' dir='ltr'>re·</span> 
     </span>
     <span class='ocr_line' id='line_1_9' title="bbox 609 1203 2560 1294; baseline -0.004 -20"><span class='ocrx_word' id='word_1_52' title='bbox 609 1210 869 1294; x_wconf 87' lang='lat' dir='ltr'>publica</span> <span class='ocrx_word' id='word_1_53' title='bbox 911 1206 1366 1285; x_wconf 79' lang='lat' dir='ltr'>invaluissent,</span> <span class='ocrx_word' id='word_1_54' title='bbox 1410 1213 1487 1270; x_wconf 92' lang='lat' dir='ltr'>ut</span> <span class='ocrx_word' id='word_1_55' title='bbox 1530 1227 1640 1270; x_wconf 92' lang='lat' dir='ltr'>eas</span> <span class='ocrx_word' id='word_1_56' title='bbox 1686 1213 1997 1288; x_wconf 89' lang='lat' dir='ltr'>perpetua</span> <span class='ocrx_word' id='word_1_57' title='bbox 2043 1203 2336 1268; x_wconf 89' lang='lat' dir='ltr'>omnium</span> <span class='ocrx_word' id='word_1_58' title='bbox 2383 1204 2560 1268; x_wconf 89' lang='lat' dir='ltr'>iniu-</span> 
     </span>
     <span class='ocr_line' id='line_1_10' title="bbox 608 1290 2561 1373; baseline -0.005 -12"><span class='ocrx_word' id='word_1_59' title='bbox 608 1296 858 1361; x_wconf 89' lang='lat' dir='ltr'>riarum</span> <span class='ocrx_word' id='word_1_60' title='bbox 904 1291 1445 1360; x_wconf 87' lang='lat' dir='ltr'>condemnatione</span> <span class='ocrx_word' id='word_1_61' title='bbox 1488 1299 1555 1355; x_wconf 91' lang='lat' dir='ltr'>et</span> <span class='ocrx_word' id='word_1_62' title='bbox 1596 1290 1921 1356; x_wconf 83' lang='lat' dir='ltr'>oblivione</span> <span class='ocrx_word' id='word_1_63' title='bbox 1966 1291 2392 1373; x_wconf 89' lang='lat' dir='ltr'>consopirent.</span> <span class='ocrx_word' id='word_1_64' title='bbox 2468 1290 2561 1354; x_wconf 88' lang='lat' dir='ltr'>Et</span> 
     </span>
     <span class='ocr_line' id='line_1_11' title="bbox 609 1376 2558 1463; baseline -0.004 -16"><span class='ocrx_word' id='word_1_65' title='bbox 609 1390 782 1447; x_wconf 88' lang='lat' dir='ltr'>certe</span> <span class='ocrx_word' id='word_1_66' title='bbox 823 1378 1293 1463; x_wconf 77' lang='lat' dir='ltr'>rempublicam</span> <span class='ocrx_word' id='word_1_67' title='bbox 1347 1377 1528 1443; x_wconf 90' lang='lat' dir='ltr'>illam</span> <span class='ocrx_word' id='word_1_68' title='bbox 1586 1384 1941 1455; x_wconf 87' lang='lat' dir='ltr'>servasset,</span> <span class='ocrx_word' id='word_1_69' title='bbox 1999 1377 2055 1441; x_wconf 90' lang='lat' dir='ltr'>si</span> <span class='ocrx_word' id='word_1_70' title='bbox 2110 1398 2301 1440; x_wconf 90' lang='lat' dir='ltr'>suum</span> <span class='ocrx_word' id='word_1_71' title='bbox 2346 1376 2558 1440; x_wconf 88' lang='lat' dir='ltr'>consi-</span> 
     </span>
     <span class='ocr_line' id='line_1_12' title="bbox 607 1460 2559 1548; baseline -0.003 -16"><span class='ocrx_word' id='word_1_72' title='bbox 607 1468 768 1533; x_wconf 88' lang='lat' dir='ltr'>lium</span> <span class='ocrx_word' id='word_1_73' title='bbox 805 1465 1099 1531; x_wconf 91' lang='lat' dir='ltr'>obtinere</span> <span class='ocrx_word' id='word_1_74' title='bbox 1130 1464 1466 1548; x_wconf 87' lang='lat' dir='ltr'>potuisset.</span> <span class='ocrx_word' id='word_1_75' title='bbox 1535 1464 1893 1528; x_wconf 86' lang='lat' dir='ltr'>Precamur</span> <span class='ocrx_word' id='word_1_76' title='bbox 1913 1463 2135 1545; x_wconf 89' lang='lat' dir='ltr'>itaque</span> <span class='ocrx_word' id='word_1_77' title='bbox 2170 1462 2354 1526; x_wconf 87' lang='lat' dir='ltr'>vobis</span> <span class='ocrx_word' id='word_1_78' title='bbox 2388 1460 2559 1528; x_wconf 89' lang='lat' dir='ltr'>hano</span> 
     </span>
     <span class='ocr_line' id='line_1_13' title="bbox 610 1547 2559 1633; baseline -0.004 -15"><span class='ocrx_word' id='word_1_79' title='bbox 610 1560 902 1618; x_wconf 85' lang='lat' dir='ltr'>mentem</span> <span class='ocrx_word' id='word_1_80' title='bbox 947 1572 986 1614; x_wconf 90' lang='lat' dir='ltr'>a</span> <span class='ocrx_word' id='word_1_81' title='bbox 1030 1549 1345 1628; x_wconf 91' lang='lat' dir='ltr'>Domino,</span> <span class='ocrx_word' id='word_1_82' title='bbox 1390 1559 1465 1614; x_wconf 93' lang='lat' dir='ltr'>ut</span> <span class='ocrx_word' id='word_1_83' title='bbox 1508 1557 1649 1613; x_wconf 89' lang='lat' dir='ltr'>tum</span> <span class='ocrx_word' id='word_1_84' title='bbox 1694 1547 2021 1633; x_wconf 84' lang='lat' dir='ltr'>publicas,</span> <span class='ocrx_word' id='word_1_85' title='bbox 2075 1556 2218 1612; x_wconf 90' lang='lat' dir='ltr'>tum</span> <span class='ocrx_word' id='word_1_86' title='bbox 2263 1547 2559 1631; x_wconf 84' lang='lat' dir='ltr'>privatas</span> 
     </span>
     <span class='ocr_line' id='line_1_14' title="bbox 609 1633 2559 1711; baseline -0.004 -8"><span class='ocrx_word' id='word_1_87' title='bbox 609 1638 884 1703; x_wconf 89' lang='lat' dir='ltr'>iniurias</span> <span class='ocrx_word' id='word_1_88' title='bbox 929 1636 1263 1701; x_wconf 86' lang='lat' dir='ltr'>exsulibus</span> <span class='ocrx_word' id='word_1_89' title='bbox 1312 1636 1552 1700; x_wconf 83' lang='lat' dir='ltr'>vestris</span> <span class='ocrx_word' id='word_1_90' title='bbox 1595 1656 1678 1700; x_wconf 91' lang='lat' dir='ltr'>ex</span> <span class='ocrx_word' id='word_1_91' title='bbox 1724 1636 1944 1699; x_wconf 89' lang='lat' dir='ltr'>animo</span> <span class='ocrx_word' id='word_1_92' title='bbox 1987 1633 2382 1711; x_wconf 72' lang='lat' dir='ltr'>condonetis,</span> <span class='ocrx_word' id='word_1_93' title='bbox 2430 1633 2559 1698; x_wconf 88' lang='lat' dir='ltr'>nisi</span> 
     </span>
     <span class='ocr_line' id='line_1_15' title="bbox 611 1719 2558 1806; baseline -0.004 -16"><span class='ocrx_word' id='word_1_94' title='bbox 611 1725 746 1790; x_wconf 91' lang='lat' dir='ltr'>sint</span> <span class='ocrx_word' id='word_1_95' title='bbox 788 1723 1018 1806; x_wconf 89' lang='lat' dir='ltr'>quibus</span> <span class='ocrx_word' id='word_1_96' title='bbox 1054 1722 1221 1786; x_wconf 89' lang='lat' dir='ltr'>citra</span> <span class='ocrx_word' id='word_1_97' title='bbox 1253 1721 1686 1786; x_wconf 89' lang='lat' dir='ltr'>oblaesionem</span> <span class='ocrx_word' id='word_1_98' title='bbox 1733 1721 2023 1785; x_wconf 88' lang='lat' dir='ltr'>iustitiae</span> <span class='ocrx_word' id='word_1_99' title='bbox 2045 1719 2173 1783; x_wconf 91' lang='lat' dir='ltr'>Dei</span> <span class='ocrx_word' id='word_1_100' title='bbox 2218 1719 2368 1783; x_wconf 90' lang='lat' dir='ltr'>illae</span> <span class='ocrx_word' id='word_1_101' title='bbox 2404 1739 2558 1783; x_wconf 90' lang='lat' dir='ltr'>con·</span> 
     </span>
     <span class='ocr_line' id='line_1_16' title="bbox 612 1806 2559 1888; baseline -0.004 -13"><span class='ocrx_word' id='word_1_102' title='bbox 612 1809 836 1875; x_wconf 90' lang='lat' dir='ltr'>donari</span> <span class='ocrx_word' id='word_1_103' title='bbox 883 1828 1018 1873; x_wconf 91' lang='lat' dir='ltr'>non</span> <span class='ocrx_word' id='word_1_104' title='bbox 1062 1806 1361 1882; x_wconf 87' lang='lat' dir='ltr'>debeant,</span> <span class='ocrx_word' id='word_1_105' title='bbox 1418 1817 1555 1870; x_wconf 83' lang='lat' dir='ltr'>tum</span> <span class='ocrx_word' id='word_1_106' title='bbox 1604 1815 1678 1872; x_wconf 90' lang='lat' dir='ltr'>ut</span> <span class='ocrx_word' id='word_1_107' title='bbox 1733 1807 1873 1872; x_wconf 89' lang='lat' dir='ltr'>vias</span> <span class='ocrx_word' id='word_1_108' title='bbox 1918 1806 2244 1888; x_wconf 91' lang='lat' dir='ltr'>quaeratis</span> <span class='ocrx_word' id='word_1_109' title='bbox 2296 1824 2559 1888; x_wconf 88' lang='lat' dir='ltr'>promo-</span> 
     </span>
     <span class='ocr_line' id='line_1_17' title="bbox 614 1891 2560 1974; baseline -0.004 -13"><span class='ocrx_word' id='word_1_110' title='bbox 614 1894 808 1961; x_wconf 82' lang='lat' dir='ltr'>vendi</span> <span class='ocrx_word' id='word_1_111' title='bbox 865 1893 1011 1960; x_wconf 93' lang='lat' dir='ltr'>illos</span> <span class='ocrx_word' id='word_1_112' title='bbox 1065 1902 1137 1958; x_wconf 89' lang='lat' dir='ltr'>ut</span> <span class='ocrx_word' id='word_1_113' title='bbox 1189 1914 1376 1958; x_wconf 92' lang='lat' dir='ltr'>suam</span> <span class='ocrx_word' id='word_1_114' title='bbox 1424 1891 1840 1957; x_wconf 89' lang='lat' dir='ltr'>insolentiam</span> <span class='ocrx_word' id='word_1_115' title='bbox 1894 1900 2091 1974; x_wconf 92' lang='lat' dir='ltr'>atque</span> <span class='ocrx_word' id='word_1_116' title='bbox 2144 1891 2560 1973; x_wconf 89' lang='lat' dir='ltr'>iniquitatem</span> 
     </span>
     <span class='ocr_line' id='line_1_18' title="bbox 612 1976 2558 2063; baseline -0.004 -16"><span class='ocrx_word' id='word_1_117' title='bbox 612 1982 811 2047; x_wconf 89' lang='lat' dir='ltr'>etiam</span> <span class='ocrx_word' id='word_1_118' title='bbox 856 1989 1241 2063; x_wconf 83' lang='lat' dir='ltr'>agnoscant:</span> <span class='ocrx_word' id='word_1_119' title='bbox 1290 1976 1524 2043; x_wconf 87' lang='lat' dir='ltr'>deinde</span> <span class='ocrx_word' id='word_1_120' title='bbox 1560 1985 1636 2041; x_wconf 92' lang='lat' dir='ltr'>ut</span> <span class='ocrx_word' id='word_1_121' title='bbox 1669 1979 1931 2061; x_wconf 89' lang='lat' dir='ltr'>optimis</span> <span class='ocrx_word' id='word_1_122' title='bbox 1977 1977 2228 2061; x_wconf 86' lang='lat' dir='ltr'>legibus</span> <span class='ocrx_word' id='word_1_123' title='bbox 2272 1987 2338 2040; x_wconf 88' lang='lat' dir='ltr'>et</span> <span class='ocrx_word' id='word_1_124' title='bbox 2379 1976 2558 2053; x_wconf 82' lang='lat' dir='ltr'>viris,</span> 
     </span>
     <span class='ocr_line' id='line_1_19' title="bbox 612 2061 2561 2151; baseline -0.004 -18"><span class='ocrx_word' id='word_1_125' title='bbox 612 2068 725 2151; x_wconf 89' lang='lat' dir='ltr'>qui</span> <span class='ocrx_word' id='word_1_126' title='bbox 771 2087 881 2131; x_wconf 92' lang='lat' dir='ltr'>eas</span> <span class='ocrx_word' id='word_1_127' title='bbox 926 2066 1103 2149; x_wconf 89' lang='lat' dir='ltr'>leges</span> <span class='ocrx_word' id='word_1_128' title='bbox 1140 2065 1385 2149; x_wconf 92' lang='lat' dir='ltr'>optima</span> <span class='ocrx_word' id='word_1_129' title='bbox 1418 2063 1547 2130; x_wconf 88' lang='lat' dir='ltr'>fide</span> <span class='ocrx_word' id='word_1_130' title='bbox 1584 2070 2043 2146; x_wconf 85' lang='lat' dir='ltr'>exsequantur,</span> <span class='ocrx_word' id='word_1_131' title='bbox 2091 2061 2561 2147; x_wconf 86' lang='lat' dir='ltr'>rempublicam</span> 
     </span>
     <span class='ocr_line' id='line_1_20' title="bbox 612 2147 2561 2233; baseline -0.004 -15"><span class='ocrx_word' id='word_1_132' title='bbox 612 2160 901 2218; x_wconf 81' lang='lat' dir='ltr'>vestram</span> <span class='ocrx_word' id='word_1_133' title='bbox 947 2151 1042 2216; x_wconf 91' lang='lat' dir='ltr'>sic</span> <span class='ocrx_word' id='word_1_134' title='bbox 1081 2151 1355 2215; x_wconf 88' lang='lat' dir='ltr'>firmetis</span> <span class='ocrx_word' id='word_1_135' title='bbox 1411 2170 1536 2233; x_wconf 93' lang='lat' dir='ltr'>quo</span> <span class='ocrx_word' id='word_1_136' title='bbox 1590 2150 1867 2215; x_wconf 88' lang='lat' dir='ltr'>minima</span> <span class='ocrx_word' id='word_1_137' title='bbox 1919 2149 2006 2214; x_wconf 93' lang='lat' dir='ltr'>sit</span> <span class='ocrx_word' id='word_1_138' title='bbox 2058 2148 2250 2213; x_wconf 90' lang='lat' dir='ltr'>malis</span> <span class='ocrx_word' id='word_1_139' title='bbox 2310 2147 2561 2212; x_wconf 82' lang='lat' dir='ltr'>civibus</span> 
     </span>
     <span class='ocr_line' id='line_1_21' title="bbox 612 2231 2561 2318; baseline -0.005 -14"><span class='ocrx_word' id='word_1_140' title='bbox 612 2237 917 2304; x_wconf 83' lang='lat' dir='ltr'>turbandi</span> <span class='ocrx_word' id='word_1_141' title='bbox 963 2236 1241 2303; x_wconf 83' lang='lat' dir='ltr'>occasio:</span> <span class='ocrx_word' id='word_1_142' title='bbox 1300 2234 1576 2318; x_wconf 88' lang='lat' dir='ltr'>denique</span> <span class='ocrx_word' id='word_1_143' title='bbox 1620 2247 1726 2315; x_wconf 88' lang='lat' dir='ltr'>nt,</span> <span class='ocrx_word' id='word_1_144' title='bbox 1784 2243 2127 2317; x_wconf 84' lang='lat' dir='ltr'>postquam</span> <span class='ocrx_word' id='word_1_145' title='bbox 2169 2232 2432 2298; x_wconf 84' lang='lat' dir='ltr'>exsules</span> <span class='ocrx_word' id='word_1_146' title='bbox 2477 2231 2561 2297; x_wconf 91' lang='lat' dir='ltr'>ad</span> 
     </span>
     <span class='ocr_line' id='line_1_22' title="bbox 613 2316 2560 2409; baseline -0.005 -19"><span class='ocrx_word' id='word_1_147' title='bbox 613 2321 1092 2409; x_wconf 79' lang='lat' dir='ltr'>agnoscendam</span> <span class='ocrx_word' id='word_1_148' title='bbox 1149 2321 1408 2404; x_wconf 91' lang='lat' dir='ltr'>culpam</span> <span class='ocrx_word' id='word_1_149' title='bbox 1466 2342 1649 2387; x_wconf 88' lang='lat' dir='ltr'>suam</span> <span class='ocrx_word' id='word_1_150' title='bbox 1709 2319 2165 2404; x_wconf 85' lang='lat' dir='ltr'>promoveritis</span> <span class='ocrx_word' id='word_1_151' title='bbox 2222 2325 2288 2383; x_wconf 89' lang='lat' dir='ltr'>et</span> <span class='ocrx_word' id='word_1_152' title='bbox 2354 2316 2560 2382; x_wconf 88' lang='lat' dir='ltr'>admi-</span> 
     </span>
     <span class='ocr_line' id='line_1_23' title="bbox 612 2404 2563 2490; baseline -0.003 -15"><span class='ocrx_word' id='word_1_153' title='bbox 612 2409 1073 2476; x_wconf 86' lang='lat' dir='ltr'>nistrationem</span> <span class='ocrx_word' id='word_1_154' title='bbox 1116 2407 1403 2473; x_wconf 81' lang='lat' dir='ltr'>civitatis</span> <span class='ocrx_word' id='word_1_155' title='bbox 1444 2414 1704 2472; x_wconf 80' lang='lat' dir='ltr'>vestrae</span> <span class='ocrx_word' id='word_1_156' title='bbox 1748 2428 1949 2490; x_wconf 91' lang='lat' dir='ltr'>quum</span> <span class='ocrx_word' id='word_1_157' title='bbox 1990 2404 2245 2489; x_wconf 87' lang='lat' dir='ltr'>legibus</span> <span class='ocrx_word' id='word_1_158' title='bbox 2290 2413 2431 2469; x_wconf 85' lang='lat' dir='ltr'>tum</span> <span class='ocrx_word' id='word_1_159' title='bbox 2469 2404 2563 2469; x_wconf 89' lang='lat' dir='ltr'>le-</span> 
     </span>
     <span class='ocr_line' id='line_1_24' title="bbox 704 2490 2562 2574; baseline -0.004 -13"><span class='ocrx_word' id='word_1_160' title='bbox 704 2516 775 2561; x_wconf 89' lang='lat' dir='ltr'>m</span> <span class='ocrx_word' id='word_1_161' title='bbox 816 2494 1134 2560; x_wconf 85' lang='lat' dir='ltr'>ministris</span> <span class='ocrx_word' id='word_1_162' title='bbox 1170 2514 1279 2558; x_wconf 90' lang='lat' dir='ltr'>ma</span> <span class='ocrx_word' id='word_1_163' title='bbox 1326 2492 1663 2558; x_wconf 90' lang='lat' dir='ltr'>istratibus</span> <span class='ocrx_word' id='word_1_164' title='bbox 1699 2492 2233 2569; x_wconf 86' lang='lat' dir='ltr'>communieritis,</span> <span class='ocrx_word' id='word_1_165' title='bbox 2279 2490 2562 2574; x_wconf 90' lang='lat' dir='ltr'>petenti-</span> 
     </span>
     <span class='ocr_line' id='line_1_25' title="bbox 657 2577 2563 2662; baseline -0.004 -15"><span class='ocrx_word' id='word_1_166' title='bbox 657 2603 736 2647; x_wconf 92' lang='lat' dir='ltr'>us</span> <span class='ocrx_word' id='word_1_167' title='bbox 779 2581 1039 2645; x_wconf 81' lang='lat' dir='ltr'>veniam</span> <span class='ocrx_word' id='word_1_168' title='bbox 1086 2579 1301 2645; x_wconf 90' lang='lat' dir='ltr'>exsuli</span> <span class='ocrx_word' id='word_1_169' title='bbox 1347 2600 1426 2643; x_wconf 91' lang='lat' dir='ltr'>us</span> <span class='ocrx_word' id='word_1_170' title='bbox 1470 2577 1974 2661; x_wconf 86' lang='lat' dir='ltr'>haudquaquam</span> <span class='ocrx_word' id='word_1_171' title='bbox 2015 2577 2285 2662; x_wconf 86' lang='lat' dir='ltr'>negetis,</span> <span class='ocrx_word' id='word_1_172' title='bbox 2342 2578 2563 2658; x_wconf 90' lang='lat' dir='ltr'>sicque</span> 
     </span>
     <span class='ocr_line' id='line_1_26' title="bbox 615 2663 2564 2748; baseline -0.004 -15"><span class='ocrx_word' id='word_1_173' title='bbox 615 2689 724 2733; x_wconf 88' lang='lat' dir='ltr'>eos</span> <span class='ocrx_word' id='word_1_174' title='bbox 769 2666 1141 2742; x_wconf 86' lang='lat' dir='ltr'>restituatis,</span> <span class='ocrx_word' id='word_1_175' title='bbox 1198 2674 1273 2729; x_wconf 91' lang='lat' dir='ltr'>ut</span> <span class='ocrx_word' id='word_1_176' title='bbox 1316 2664 1769 2748; x_wconf 83' lang='lat' dir='ltr'>evangelicum</span> <span class='ocrx_word' id='word_1_177' title='bbox 1817 2664 1885 2727; x_wconf 87' lang='lat' dir='ltr'>in</span> <span class='ocrx_word' id='word_1_178' title='bbox 1932 2664 2113 2729; x_wconf 86' lang='lat' dir='ltr'>vobis</span> <span class='ocrx_word' id='word_1_179' title='bbox 2157 2663 2451 2727; x_wconf 89' lang='lat' dir='ltr'>animum</span> <span class='ocrx_word' id='word_1_180' title='bbox 2496 2670 2564 2725; x_wconf 91' lang='lat' dir='ltr'>et</span> 
     </span>
     <span class='ocr_line' id='line_1_27' title="bbox 613 2748 2562 2834; baseline -0.003 -18"><span class='ocrx_word' id='word_1_181' title='bbox 613 2773 847 2818; x_wconf 84' lang='lat' dir='ltr'>verum</span> <span class='ocrx_word' id='word_1_182' title='bbox 910 2749 1263 2834; x_wconf 89' lang='lat' dir='ltr'>quaerendi</span> <span class='ocrx_word' id='word_1_183' title='bbox 1330 2749 1609 2816; x_wconf 90' lang='lat' dir='ltr'>salutem</span> <span class='ocrx_word' id='word_1_184' title='bbox 1662 2750 2003 2814; x_wconf 90' lang='lat' dir='ltr'>hominum</span> <span class='ocrx_word' id='word_1_185' title='bbox 2063 2748 2352 2812; x_wconf 89' lang='lat' dir='ltr'>studium</span> <span class='ocrx_word' id='word_1_186' title='bbox 2412 2768 2562 2812; x_wconf 90' lang='lat' dir='ltr'>sen-</span> 
     </span>
     <span class='ocr_line' id='line_1_28' title="bbox 613 2832 2561 2921; baseline -0.004 -18"><span class='ocrx_word' id='word_1_187' title='bbox 613 2840 816 2916; x_wconf 85' lang='lat' dir='ltr'>tiant,</span> <span class='ocrx_word' id='word_1_188' title='bbox 878 2859 1041 2921; x_wconf 89' lang='lat' dir='ltr'>quae</span> <span class='ocrx_word' id='word_1_189' title='bbox 1101 2858 1203 2902; x_wconf 90' lang='lat' dir='ltr'>res</span> <span class='ocrx_word' id='word_1_190' title='bbox 1261 2857 1420 2901; x_wconf 93' lang='lat' dir='ltr'>sane</span> <span class='ocrx_word' id='word_1_191' title='bbox 1475 2833 1941 2918; x_wconf 88' lang='lat' dir='ltr'>rempublicam</span> <span class='ocrx_word' id='word_1_192' title='bbox 2000 2834 2082 2899; x_wconf 89' lang='lat' dir='ltr'>ab</span> <span class='ocrx_word' id='word_1_193' title='bbox 2137 2834 2396 2898; x_wconf 90' lang='lat' dir='ltr'>illorum</span> <span class='ocrx_word' id='word_1_194' title='bbox 2454 2832 2561 2898; x_wconf 84' lang='lat' dir='ltr'>vel</span> 
     </span>
     <span class='ocr_line' id='line_1_29' title="bbox 615 2918 2559 2991; baseline -0.005 0"><span class='ocrx_word' id='word_1_195' title='bbox 615 2924 890 2991; x_wconf 85' lang='lat' dir='ltr'>aliorum</span> <span class='ocrx_word' id='word_1_196' title='bbox 946 2923 1139 2988; x_wconf 92' lang='lat' dir='ltr'>malis</span> <span class='ocrx_word' id='word_1_197' title='bbox 1193 2922 1526 2988; x_wconf 87' lang='lat' dir='ltr'>conatibus</span> <span class='ocrx_word' id='word_1_198' title='bbox 1582 2922 1976 2987; x_wconf 90' lang='lat' dir='ltr'>tutissimam</span> <span class='ocrx_word' id='word_1_199' title='bbox 2042 2918 2284 2985; x_wconf 88' lang='lat' dir='ltr'>reddet.</span> <span class='ocrx_word' id='word_1_200' title='bbox 2388 2919 2559 2983; x_wconf 87' lang='lat' dir='ltr'>Nam</span> 
     </span>
     <span class='ocr_line' id='line_1_30' title="bbox 618 3005 2560 3092; baseline -0.004 -17"><span class='ocrx_word' id='word_1_201' title='bbox 618 3020 689 3075; x_wconf 90' lang='lat' dir='ltr'>ut</span> <span class='ocrx_word' id='word_1_202' title='bbox 731 3009 879 3074; x_wconf 85' lang='lat' dir='ltr'>illos</span> <span class='ocrx_word' id='word_1_203' title='bbox 918 3010 1047 3074; x_wconf 90' lang='lat' dir='ltr'>ista</span> <span class='ocrx_word' id='word_1_204' title='bbox 1091 3016 1313 3073; x_wconf 85' lang='lat' dir='ltr'>vestra</span> <span class='ocrx_word' id='word_1_205' title='bbox 1350 3007 1729 3092; x_wconf 84' lang='lat' dir='ltr'>evangelica</span> <span class='ocrx_word' id='word_1_206' title='bbox 1771 3005 2200 3071; x_wconf 85' lang='lat' dir='ltr'>mansuetudo</span> <span class='ocrx_word' id='word_1_207' title='bbox 2244 3027 2375 3069; x_wconf 90' lang='lat' dir='ltr'>non</span> <span class='ocrx_word' id='word_1_208' title='bbox 2419 3025 2560 3070; x_wconf 89' lang='lat' dir='ltr'>cor-</span> 
     </span>
     <span class='ocr_line' id='line_1_31' title="bbox 612 3091 2562 3180; baseline -0.003 -18"><span class='ocrx_word' id='word_1_209' title='bbox 612 3098 817 3180; x_wconf 84' lang='lat' dir='ltr'>riget,</span> <span class='ocrx_word' id='word_1_210' title='bbox 878 3094 1203 3160; x_wconf 90' lang='lat' dir='ltr'>Dominus</span> <span class='ocrx_word' id='word_1_211' title='bbox 1262 3103 1520 3171; x_wconf 84' lang='lat' dir='ltr'>tamen,</span> <span class='ocrx_word' id='word_1_212' title='bbox 1576 3093 1689 3177; x_wconf 89' lang='lat' dir='ltr'>qui</span> <span class='ocrx_word' id='word_1_213' title='bbox 1743 3093 2078 3159; x_wconf 79' lang='lat' dir='ltr'>civitatem</span> <span class='ocrx_word' id='word_1_214' title='bbox 2135 3111 2267 3157; x_wconf 90' lang='lat' dir='ltr'>non</span> <span class='ocrx_word' id='word_1_215' title='bbox 2314 3091 2562 3156; x_wconf 80' lang='lat' dir='ltr'>frustra</span> 
     </span>
     <span class='ocr_line' id='line_1_32' title="bbox 612 3178 2560 3262; baseline -0.004 -13"><span class='ocrx_word' id='word_1_216' title='bbox 612 3181 914 3258; x_wconf 89' lang='lat' dir='ltr'>custodit,</span> <span class='ocrx_word' id='word_1_217' title='bbox 961 3180 1327 3245; x_wconf 89' lang='lat' dir='ltr'>molitiones</span> <span class='ocrx_word' id='word_1_218' title='bbox 1368 3179 1632 3244; x_wconf 91' lang='lat' dir='ltr'>illorum</span> <span class='ocrx_word' id='word_1_219' title='bbox 1677 3178 1886 3243; x_wconf 89' lang='lat' dir='ltr'>malas</span> <span class='ocrx_word' id='word_1_220' title='bbox 1929 3178 2110 3243; x_wconf 89' lang='lat' dir='ltr'>nullo</span> <span class='ocrx_word' id='word_1_221' title='bbox 2154 3179 2413 3262; x_wconf 87' lang='lat' dir='ltr'>negotio</span> <span class='ocrx_word' id='word_1_222' title='bbox 2456 3198 2560 3241; x_wconf 88' lang='lat' dir='ltr'>re-</span> 
     </span>
     <span class='ocr_line' id='line_1_33' title="bbox 609 3262 2560 3352; baseline -0.003 -20"><span class='ocrx_word' id='word_1_223' title='bbox 609 3267 830 3352; x_wconf 88' lang='lat' dir='ltr'>pellet,</span> <span class='ocrx_word' id='word_1_224' title='bbox 876 3272 943 3331; x_wconf 91' lang='lat' dir='ltr'>et</span> <span class='ocrx_word' id='word_1_225' title='bbox 985 3265 1221 3330; x_wconf 89' lang='lat' dir='ltr'>efficiet</span> <span class='ocrx_word' id='word_1_226' title='bbox 1253 3273 1329 3329; x_wconf 91' lang='lat' dir='ltr'>ut</span> <span class='ocrx_word' id='word_1_227' title='bbox 1372 3264 1670 3330; x_wconf 89' lang='lat' dir='ltr'>sentiatis</span> <span class='ocrx_word' id='word_1_228' title='bbox 1714 3262 2226 3329; x_wconf 88' lang='lat' dir='ltr'>misericordiam</span> <span class='ocrx_word' id='word_1_229' title='bbox 2272 3270 2560 3329; x_wconf 88' lang='lat' dir='ltr'>vestram</span> 
     </span>
     <span class='ocr_line' id='line_1_34' title="bbox 612 3349 2561 3434; baseline -0.003 -16"><span class='ocrx_word' id='word_1_230' title='bbox 612 3353 794 3419; x_wconf 89' lang='lat' dir='ltr'>omni</span> <span class='ocrx_word' id='word_1_231' title='bbox 836 3349 1054 3416; x_wconf 90' lang='lat' dir='ltr'>studio</span> <span class='ocrx_word' id='word_1_232' title='bbox 1094 3351 1477 3434; x_wconf 88' lang='lat' dir='ltr'>praestitam</span> <span class='ocrx_word' id='word_1_233' title='bbox 1520 3351 1705 3416; x_wconf 85' lang='lat' dir='ltr'>vobis</span> <span class='ocrx_word' id='word_1_234' title='bbox 1747 3368 2084 3432; x_wconf 88' lang='lat' dir='ltr'>nunquam</span> <span class='ocrx_word' id='word_1_235' title='bbox 2128 3349 2340 3414; x_wconf 91' lang='lat' dir='ltr'>fraudi</span> <span class='ocrx_word' id='word_1_236' title='bbox 2382 3349 2561 3413; x_wconf 85' lang='lat' dir='ltr'>futu-</span> 
     </span>
     <span class='ocr_line' id='line_1_35' title="bbox 613 3434 2559 3519; baseline -0.002 -16"><span class='ocrx_word' id='word_1_237' title='bbox 613 3459 774 3503; x_wconf 86' lang='lat' dir='ltr'>ram.</span> <span class='ocrx_word' id='word_1_238' title='bbox 864 3437 965 3501; x_wconf 87' lang='lat' dir='ltr'>Ea</span> <span class='ocrx_word' id='word_1_239' title='bbox 1005 3437 1076 3501; x_wconf 91' lang='lat' dir='ltr'>in</span> <span class='ocrx_word' id='word_1_240' title='bbox 1121 3458 1191 3501; x_wconf 90' lang='lat' dir='ltr'>re</span> <span class='ocrx_word' id='word_1_241' title='bbox 1235 3456 1492 3514; x_wconf 90' lang='lat' dir='ltr'>eorum,</span> <span class='ocrx_word' id='word_1_242' title='bbox 1551 3457 1827 3519; x_wconf 89' lang='lat' dir='ltr'>quorum</span> <span class='ocrx_word' id='word_1_243' title='bbox 1884 3436 2053 3500; x_wconf 92' lang='lat' dir='ltr'>ratio</span> <span class='ocrx_word' id='word_1_244' title='bbox 2097 3434 2398 3501; x_wconf 91' lang='lat' dir='ltr'>habenda</span> <span class='ocrx_word' id='word_1_245' title='bbox 2440 3443 2559 3514; x_wconf 91' lang='lat' dir='ltr'>est,</span> 
     </span>
     <span class='ocr_line' id='line_1_36' title="bbox 612 3520 2562 3608; baseline -0.002 -20"><span class='ocrx_word' id='word_1_246' title='bbox 612 3544 774 3608; x_wconf 91' lang='lat' dir='ltr'>quos</span> <span class='ocrx_word' id='word_1_247' title='bbox 815 3521 1031 3588; x_wconf 90' lang='lat' dir='ltr'>adhuc</span> <span class='ocrx_word' id='word_1_248' title='bbox 1072 3521 1250 3586; x_wconf 85' lang='lat' dir='ltr'>intra</span> <span class='ocrx_word' id='word_1_249' title='bbox 1298 3522 1557 3586; x_wconf 90' lang='lat' dir='ltr'>moenia</span> <span class='ocrx_word' id='word_1_250' title='bbox 1601 3530 1821 3587; x_wconf 86' lang='lat' dir='ltr'>vestra</span> <span class='ocrx_word' id='word_1_251' title='bbox 1865 3520 2149 3599; x_wconf 90' lang='lat' dir='ltr'>habetis,</span> <span class='ocrx_word' id='word_1_252' title='bbox 2207 3521 2449 3586; x_wconf 90' lang='lat' dir='ltr'>amicos</span> <span class='ocrx_word' id='word_1_253' title='bbox 2493 3529 2562 3586; x_wconf 89' lang='lat' dir='ltr'>et</span> 
     </span>
     <span class='ocr_line' id='line_1_37' title="bbox 612 3606 2561 3690; baseline -0.003 -15"><span class='ocrx_word' id='word_1_254' title='bbox 612 3609 1010 3675; x_wconf 87' lang='lat' dir='ltr'>necessarios</span> <span class='ocrx_word' id='word_1_255' title='bbox 1055 3607 1317 3672; x_wconf 90' lang='lat' dir='ltr'>illorum</span> <span class='ocrx_word' id='word_1_256' title='bbox 1353 3606 1815 3686; x_wconf 86' lang='lat' dir='ltr'>exsulantium,</span> <span class='ocrx_word' id='word_1_257' title='bbox 1861 3629 2021 3690; x_wconf 91' lang='lat' dir='ltr'>quos</span> <span class='ocrx_word' id='word_1_258' title='bbox 2056 3607 2400 3673; x_wconf 91' lang='lat' dir='ltr'>clementia</span> <span class='ocrx_word' id='word_1_259' title='bbox 2430 3607 2561 3671; x_wconf 91' lang='lat' dir='ltr'>ista</span> 
     </span>
     <span class='ocr_line' id='line_1_38' title="bbox 613 3692 2559 3778; baseline -0.002 -16"><span class='ocrx_word' id='word_1_260' title='bbox 613 3695 709 3762; x_wconf 86' lang='lat' dir='ltr'>sic</span> <span class='ocrx_word' id='word_1_261' title='bbox 752 3694 932 3760; x_wconf 84' lang='lat' dir='ltr'>vobis</span> <span class='ocrx_word' id='word_1_262' title='bbox 977 3692 1383 3773; x_wconf 80' lang='lat' dir='ltr'>devincietis,</span> <span class='ocrx_word' id='word_1_263' title='bbox 1442 3703 1518 3757; x_wconf 92' lang='lat' dir='ltr'>ut</span> <span class='ocrx_word' id='word_1_264' title='bbox 1560 3701 1627 3758; x_wconf 91' lang='lat' dir='ltr'>et</span> <span class='ocrx_word' id='word_1_265' title='bbox 1670 3694 1791 3777; x_wconf 93' lang='lat' dir='ltr'>ipsi</span> <span class='ocrx_word' id='word_1_266' title='bbox 1837 3693 2242 3778; x_wconf 86' lang='lat' dir='ltr'>invigilaturi</span> <span class='ocrx_word' id='word_1_267' title='bbox 2297 3694 2432 3757; x_wconf 92' lang='lat' dir='ltr'>sint</span> <span class='ocrx_word' id='word_1_268' title='bbox 2474 3715 2559 3758; x_wconf 91' lang='lat' dir='ltr'>ne</span> 
     </span>
     <span class='ocr_line' id='line_1_39' title="bbox 615 3778 2559 3865; baseline -0.001 -20"><span class='ocrx_word' id='word_1_269' title='bbox 615 3778 770 3865; x_wconf 88' lang='lat' dir='ltr'>quid</span> <span class='ocrx_word' id='word_1_270' title='bbox 815 3780 917 3845; x_wconf 90' lang='lat' dir='ltr'>sui</span> <span class='ocrx_word' id='word_1_271' title='bbox 952 3800 1144 3863; x_wconf 91' lang='lat' dir='ltr'>porro</span> <span class='ocrx_word' id='word_1_272' title='bbox 1179 3787 1464 3863; x_wconf 86' lang='lat' dir='ltr'>peccent,</span> <span class='ocrx_word' id='word_1_273' title='bbox 1510 3799 1758 3862; x_wconf 88' lang='lat' dir='ltr'>proque</span> <span class='ocrx_word' id='word_1_274' title='bbox 1799 3800 1870 3844; x_wconf 91' lang='lat' dir='ltr'>se</span> <span class='ocrx_word' id='word_1_275' title='bbox 1906 3780 2101 3843; x_wconf 89' lang='lat' dir='ltr'>etiam</span> <span class='ocrx_word' id='word_1_276' title='bbox 2148 3779 2272 3846; x_wconf 90' lang='lat' dir='ltr'>hoc</span> <span class='ocrx_word' id='word_1_277' title='bbox 2314 3780 2385 3843; x_wconf 88' lang='lat' dir='ltr'>in</span> <span class='ocrx_word' id='word_1_278' title='bbox 2423 3781 2559 3844; x_wconf 92' lang='lat' dir='ltr'>suis</span> 
     </span>
     <span class='ocr_line' id='line_1_40' title="bbox 614 3865 2558 3948; baseline -0.001 -18"><span class='ocrx_word' id='word_1_279' title='bbox 614 3875 876 3948; x_wconf 89' lang='lat' dir='ltr'>accepto</span> <span class='ocrx_word' id='word_1_280' title='bbox 920 3886 960 3929; x_wconf 89' lang='lat' dir='ltr'>a</span> <span class='ocrx_word' id='word_1_281' title='bbox 1002 3865 1186 3930; x_wconf 85' lang='lat' dir='ltr'>vobis</span> <span class='ocrx_word' id='word_1_282' title='bbox 1231 3865 1545 3931; x_wconf 88' lang='lat' dir='ltr'>beneficio</span> <span class='ocrx_word' id='word_1_283' title='bbox 1602 3865 1929 3948; x_wconf 87' lang='lat' dir='ltr'>permitti,</span> <span class='ocrx_word' id='word_1_284' title='bbox 1989 3875 2323 3948; x_wconf 89' lang='lat' dir='ltr'>praestare</span> <span class='ocrx_word' id='word_1_285' title='bbox 2383 3865 2558 3930; x_wconf 87' lang='lat' dir='ltr'>cives</span> 
     </span>
     <span class='ocr_line' id='line_1_41' title="bbox 612 3949 2558 4033; baseline -0.002 -16"><span class='ocrx_word' id='word_1_286' title='bbox 612 3950 934 4017; x_wconf 88' lang='lat' dir='ltr'>fideliores</span> <span class='ocrx_word' id='word_1_287' title='bbox 957 3959 1025 4014; x_wconf 92' lang='lat' dir='ltr'>et</span> <span class='ocrx_word' id='word_1_288' title='bbox 1043 3950 1572 4033; x_wconf 85' lang='lat' dir='ltr'>obsequentiores</span> <span class='ocrx_word' id='word_1_289' title='bbox 1607 3949 1860 4017; x_wconf 88' lang='lat' dir='ltr'>dabunt</span> <span class='ocrx_word' id='word_1_290' title='bbox 1893 3970 2175 4033; x_wconf 88' lang='lat' dir='ltr'>operam.</span> <span class='ocrx_word' id='word_1_291' title='bbox 2196 3951 2254 4026; x_wconf 69' lang='grc'>6)</span> <span class='ocrx_word' id='word_1_292' title='bbox 2305 3949 2558 4015; x_wconf 85' lang='lat' dir='ltr'>Eodem</span> 
     </span>
     <span class='ocr_line' id='line_1_42' title="bbox 614 4035 2559 4120; baseline -0.002 -17"><span class='ocrx_word' id='word_1_293' title='bbox 614 4035 865 4103; x_wconf 79' lang='lat' dir='ltr'>Christi</span> <span class='ocrx_word' id='word_1_294' title='bbox 908 4036 1142 4118; x_wconf 90' lang='lat' dir='ltr'>spiritu</span> <span class='ocrx_word' id='word_1_295' title='bbox 1186 4045 1252 4100; x_wconf 89' lang='lat' dir='ltr'>et</span> <span class='ocrx_word' id='word_1_296' title='bbox 1296 4036 1655 4102; x_wconf 85' lang='lat' dir='ltr'>avertenda</span> <span class='ocrx_word' id='word_1_297' title='bbox 1698 4044 1908 4115; x_wconf 89' lang='lat' dir='ltr'>erunt,</span> <span class='ocrx_word' id='word_1_298' title='bbox 1967 4057 2130 4118; x_wconf 91' lang='lat' dir='ltr'>quae</span> <span class='ocrx_word' id='word_1_299' title='bbox 2173 4055 2214 4099; x_wconf 90' lang='lat' dir='ltr'>a</span> <span class='ocrx_word' id='word_1_300' title='bbox 2256 4038 2559 4120; x_wconf 87' lang='lat' dir='ltr'>magnifi-</span> 
     </span>
     <span class='ocr_line' id='line_1_43' title="bbox 612 4120 2559 4205; baseline -0.002 -15"><span class='ocrx_word' id='word_1_301' title='bbox 612 4123 708 4190; x_wconf 87' lang='lat' dir='ltr'>cis</span> <span class='ocrx_word' id='word_1_302' title='bbox 750 4122 1053 4186; x_wconf 91' lang='lat' dir='ltr'>Dominis</span> <span class='ocrx_word' id='word_1_303' title='bbox 1094 4122 1493 4187; x_wconf 89' lang='lat' dir='ltr'>Bernatibus</span> <span class='ocrx_word' id='word_1_304' title='bbox 1538 4121 1815 4188; x_wconf 89' lang='lat' dir='ltr'>molesta</span> <span class='ocrx_word' id='word_1_305' title='bbox 1858 4121 2172 4188; x_wconf 88' lang='lat' dir='ltr'>incidunt.</span> <span class='ocrx_word' id='word_1_306' title='bbox 2248 4120 2559 4205; x_wconf 89' lang='lat' dir='ltr'>Cogitan-</span> 
     </span>
     <span class='ocr_line' id='line_1_44' title="bbox 614 4205 2559 4291; baseline -0.001 -18"><span class='ocrx_word' id='word_1_307' title='bbox 614 4207 771 4273; x_wconf 90' lang='lat' dir='ltr'>dum</span> <span class='ocrx_word' id='word_1_308' title='bbox 815 4207 921 4272; x_wconf 92' lang='lat' dir='ltr'>hic</span> <span class='ocrx_word' id='word_1_309' title='bbox 964 4208 1106 4284; x_wconf 88' lang='lat' dir='ltr'>erit,</span> <span class='ocrx_word' id='word_1_310' title='bbox 1162 4205 1315 4291; x_wconf 90' lang='lat' dir='ltr'>quid</span> <span class='ocrx_word' id='word_1_311' title='bbox 1357 4228 1477 4291; x_wconf 90' lang='lat' dir='ltr'>per</span> <span class='ocrx_word' id='word_1_312' title='bbox 1519 4207 1636 4272; x_wconf 91' lang='lat' dir='ltr'>hos</span> <span class='ocrx_word' id='word_1_313' title='bbox 1681 4209 1867 4274; x_wconf 85' lang='lat' dir='ltr'>vobis</span> <span class='ocrx_word' id='word_1_314' title='bbox 1908 4206 2242 4278; x_wconf 64' lang='lat' dir='ltr'>,Dominus</span> <span class='ocrx_word' id='word_1_315' title='bbox 2283 4209 2559 4290; x_wconf 90' lang='lat' dir='ltr'>praesti·</span> 
     </span>
     <span class='ocr_line' id='line_1_45' title="bbox 615 4292 2559 4360; baseline -0.001 0"><span class='ocrx_word' id='word_1_316' title='bbox 615 4293 786 4360; x_wconf 87' lang='lat' dir='ltr'>terit.</span> <span class='ocrx_word' id='word_1_317' title='bbox 876 4292 1070 4358; x_wconf 83' lang='lat' dir='ltr'>Certe</span> <span class='ocrx_word' id='word_1_318' title='bbox 1140 4293 1313 4357; x_wconf 91' lang='lat' dir='ltr'>enim</span> <span class='ocrx_word' id='word_1_319' title='bbox 1373 4314 1455 4358; x_wconf 92' lang='lat' dir='ltr'>ex</span> <span class='ocrx_word' id='word_1_320' title='bbox 1513 4292 1807 4359; x_wconf 88' lang='lat' dir='ltr'>faucibus</span> <span class='ocrx_word' id='word_1_321' title='bbox 1865 4293 2073 4359; x_wconf 89' lang='lat' dir='ltr'>leonis</span> <span class='ocrx_word' id='word_1_322' title='bbox 2139 4294 2376 4358; x_wconf 91' lang='lat' dir='ltr'>horum</span> <span class='ocrx_word' id='word_1_323' title='bbox 2444 4315 2559 4359; x_wconf 81' lang='lat' dir='ltr'>vos</span> 
     </span>
     <span class='ocr_line' id='line_1_46' title="bbox 614 4377 2557 4463; baseline 0 -18"><span class='ocrx_word' id='word_1_324' title='bbox 614 4400 812 4463; x_wconf 91' lang='lat' dir='ltr'>opera</span> <span class='ocrx_word' id='word_1_325' title='bbox 833 4377 1087 4461; x_wconf 90' lang='lat' dir='ltr'>eripuit,</span> <span class='ocrx_word' id='word_1_326' title='bbox 1126 4387 1327 4461; x_wconf 91' lang='lat' dir='ltr'>utque</span> <span class='ocrx_word' id='word_1_327' title='bbox 1363 4378 1689 4463; x_wconf 82' lang='lat' dir='ltr'>evangelii</span> <span class='ocrx_word' id='word_1_328' title='bbox 1729 4387 1797 4444; x_wconf 91' lang='lat' dir='ltr'>et</span> <span class='ocrx_word' id='word_1_329' title='bbox 1830 4378 2009 4446; x_wconf 84' lang='lat' dir='ltr'>civili</span> <span class='ocrx_word' id='word_1_330' title='bbox 2044 4379 2347 4445; x_wconf 88' lang='lat' dir='ltr'>libertate</span> <span class='ocrx_word' id='word_1_331' title='bbox 2382 4381 2557 4445; x_wconf 83' lang='lat' dir='ltr'>frua-</span> 
     </span>
     <span class='ocr_line' id='line_1_47' title="bbox 615 4464 2559 4547; baseline 0.001 -18"><span class='ocrx_word' id='word_1_332' title='bbox 615 4464 799 4543; x_wconf 90' lang='lat' dir='ltr'>mini,</span> <span class='ocrx_word' id='word_1_333' title='bbox 836 4464 1067 4529; x_wconf 92' lang='lat' dir='ltr'>horum</span> <span class='ocrx_word' id='word_1_334' title='bbox 1091 4483 1249 4528; x_wconf 89' lang='lat' dir='ltr'>sane</span> <span class='ocrx_word' id='word_1_335' title='bbox 1285 4464 1648 4529; x_wconf 91' lang='lat' dir='ltr'>ministerio</span> <span class='ocrx_word' id='word_1_336' title='bbox 1683 4464 2066 4547; x_wconf 86' lang='lat' dir='ltr'>consequuti</span> <span class='ocrx_word' id='word_1_337' title='bbox 2102 4464 2275 4530; x_wconf 88' lang='lat' dir='ltr'>estis.</span> <span class='ocrx_word' id='word_1_338' title='bbox 2336 4465 2559 4545; x_wconf 78' lang='lat' dir='ltr'>Quare</span> 
     </span>
     <span class='ocr_line' id='line_1_48' title="bbox 616 4549 2560 4634; baseline 0.001 -19"><span class='ocrx_word' id='word_1_339' title='bbox 616 4550 757 4626; x_wconf 86' lang='lat' dir='ltr'>etsi,</span> <span class='ocrx_word' id='word_1_340' title='bbox 802 4550 967 4615; x_wconf 89' lang='lat' dir='ltr'>sicut</span> <span class='ocrx_word' id='word_1_341' title='bbox 1013 4549 1305 4614; x_wconf 88' lang='lat' dir='ltr'>homines</span> <span class='ocrx_word' id='word_1_342' title='bbox 1347 4558 1518 4628; x_wconf 91' lang='lat' dir='ltr'>sunt,</span> <span class='ocrx_word' id='word_1_343' title='bbox 1561 4559 1626 4613; x_wconf 91' lang='lat' dir='ltr'>et</span> <span class='ocrx_word' id='word_1_344' title='bbox 1669 4550 1861 4615; x_wconf 85' lang='lat' dir='ltr'>multi</span> <span class='ocrx_word' id='word_1_345' title='bbox 1906 4550 2205 4615; x_wconf 89' lang='lat' dir='ltr'>homines</span> <span class='ocrx_word' id='word_1_346' title='bbox 2252 4550 2560 4634; x_wconf 88' lang='lat' dir='ltr'>pleraque</span> 
     </span>
     <span class='ocr_line' id='line_1_49' title="bbox 614 4635 2560 4702; baseline 0.001 -2"><span class='ocrx_word' id='word_1_347' title='bbox 614 4637 686 4700; x_wconf 90' lang='lat' dir='ltr'>in</span> <span class='ocrx_word' id='word_1_348' title='bbox 728 4656 849 4700; x_wconf 88' lang='lat' dir='ltr'>nos</span> <span class='ocrx_word' id='word_1_349' title='bbox 890 4636 1277 4701; x_wconf 86' lang='lat' dir='ltr'>statuissent</span> <span class='ocrx_word' id='word_1_350' title='bbox 1321 4643 1435 4699; x_wconf 91' lang='lat' dir='ltr'>aut</span> <span class='ocrx_word' id='word_1_351' title='bbox 1492 4642 1857 4701; x_wconf 87' lang='lat' dir='ltr'>statuerent</span> <span class='ocrx_word' id='word_1_352' title='bbox 1898 4657 2030 4702; x_wconf 91' lang='lat' dir='ltr'>non</span> <span class='ocrx_word' id='word_1_353' title='bbox 2072 4645 2209 4701; x_wconf 89' lang='lat' dir='ltr'>tam</span> <span class='ocrx_word' id='word_1_354' title='bbox 2252 4635 2560 4701; x_wconf 90' lang='lat' dir='ltr'>humani-</span> 
     </span>
     <span class='ocr_line' id='line_1_50' title="bbox 614 4719 2558 4805; baseline 0 -19"><span class='ocrx_word' id='word_1_355' title='bbox 614 4730 720 4786; x_wconf 87' lang='lat' dir='ltr'>ter</span> <span class='ocrx_word' id='word_1_356' title='bbox 761 4740 959 4805; x_wconf 89' lang='lat' dir='ltr'>quam</span> <span class='ocrx_word' id='word_1_357' title='bbox 1001 4721 1267 4804; x_wconf 86' lang='lat' dir='ltr'>cupitis,</span> <span class='ocrx_word' id='word_1_358' title='bbox 1326 4719 1504 4786; x_wconf 86' lang='lat' dir='ltr'>haud</span> <span class='ocrx_word' id='word_1_359' title='bbox 1551 4729 1771 4786; x_wconf 89' lang='lat' dir='ltr'>tamen</span> <span class='ocrx_word' id='word_1_360' title='bbox 1832 4721 1967 4787; x_wconf 89' lang='lat' dir='ltr'>ulla</span> <span class='ocrx_word' id='word_1_361' title='bbox 2011 4729 2228 4805; x_wconf 88' lang='lat' dir='ltr'>potest</span> <span class='ocrx_word' id='word_1_362' title='bbox 2270 4743 2411 4788; x_wconf 88' lang='lat' dir='ltr'>esse</span> <span class='ocrx_word' id='word_1_363' title='bbox 2453 4725 2558 4787; x_wconf 89' lang='lat' dir='ltr'>in-</span> 
     </span>
     <span class='ocr_line' id='line_1_51' title="bbox 613 4805 2557 4892; baseline 0.001 -21"><span class='ocrx_word' id='word_1_364' title='bbox 613 4808 801 4886; x_wconf 87' lang='lat' dir='ltr'>iuria,</span> <span class='ocrx_word' id='word_1_365' title='bbox 844 4825 1009 4889; x_wconf 87' lang='lat' dir='ltr'>quae</span> <span class='ocrx_word' id='word_1_366' title='bbox 1044 4805 1231 4870; x_wconf 85' lang='lat' dir='ltr'>salva</span> <span class='ocrx_word' id='word_1_367' title='bbox 1263 4806 1577 4890; x_wconf 87' lang='lat' dir='ltr'>religione</span> <span class='ocrx_word' id='word_1_368' title='bbox 1601 4806 1852 4873; x_wconf 83' lang='lat' dir='ltr'>Christi</span> <span class='ocrx_word' id='word_1_369' title='bbox 1895 4805 2054 4873; x_wconf 78' lang='lat' dir='ltr'>ferri</span> <span class='ocrx_word' id='word_1_370' title='bbox 2098 4816 2313 4890; x_wconf 90' lang='lat' dir='ltr'>queat,</span> <span class='ocrx_word' id='word_1_371' title='bbox 2361 4830 2557 4892; x_wconf 88' lang='lat' dir='ltr'>quam</span> 
     </span>
     <span class='ocr_line' id='line_1_52' title="bbox 615 4889 2558 4977; baseline 0.001 -20"><span class='ocrx_word' id='word_1_372' title='bbox 615 4912 746 4957; x_wconf 89' lang='lat' dir='ltr'>non</span> <span class='ocrx_word' id='word_1_373' title='bbox 803 4891 1037 4956; x_wconf 73' lang='lat' dir='ltr'>merim</span> <span class='ocrx_word' id='word_1_374' title='bbox 1089 4889 1221 4955; x_wconf 92' lang='lat' dir='ltr'>illis</span> <span class='ocrx_word' id='word_1_375' title='bbox 1274 4890 1680 4970; x_wconf 87' lang='lat' dir='ltr'>condonetis,</span> <span class='ocrx_word' id='word_1_376' title='bbox 1748 4915 1821 4959; x_wconf 88' lang='lat' dir='ltr'>co</span> <span class='ocrx_word' id='word_1_377' title='bbox 1872 4893 2261 4964; x_wconf 79' lang='lat' dir='ltr'>&#39;tantibus⁶)</span> <span class='ocrx_word' id='word_1_378' title='bbox 2316 4905 2558 4977; x_wconf 88' lang='lat' dir='ltr'>quanto</span> 
     </span>
     <span class='ocr_line' id='line_1_53' title="bbox 615 4976 2558 5046; baseline 0.002 -6"><span class='ocrx_word' id='word_1_379' title='bbox 615 4998 732 5042; x_wconf 81' lang='lat' dir='ltr'>vos</span> <span class='ocrx_word' id='word_1_380' title='bbox 790 4985 945 5043; x_wconf 86' lang='lat' dir='ltr'>ante</span> <span class='ocrx_word' id='word_1_381' title='bbox 998 4976 1309 5042; x_wconf 85' lang='lat' dir='ltr'>beneficio</span> <span class='ocrx_word' id='word_1_382' title='bbox 1363 4977 1717 5044; x_wconf 86' lang='lat' dir='ltr'>affecerint.</span> <span class='ocrx_word' id='word_1_383' title='bbox 1853 5000 1960 5045; x_wconf 89' lang='lat' dir='ltr'>am</span> <span class='ocrx_word' id='word_1_384' title='bbox 2012 5001 2144 5046; x_wconf 88' lang='lat' dir='ltr'>non</span> <span class='ocrx_word' id='word_1_385' title='bbox 2198 4987 2303 5046; x_wconf 90' lang='lat' dir='ltr'>est</span> <span class='ocrx_word' id='word_1_386' title='bbox 2356 4980 2558 5046; x_wconf 89' lang='lat' dir='ltr'>etiam</span> 
     </span>
    </p>
   </div>
   <div class='ocr_carea' id='block_1_3' title="bbox 616 5117 1019 5126">
    <p class='ocr_par' dir='ltr' id='par_1_3' title="bbox 616 5117 1019 5126">
     <span class='ocr_line' id='line_1_54' title="bbox 616 5117 1019 5126; baseline 0 0"><span class='ocrx_word' id='word_1_387' title='bbox 616 5117 1019 5126; x_wconf 95' lang='lat' dir='ltr'> </span> 
     </span>
    </p>
   </div>
   <div class='ocr_carea' id='block_1_4' title="bbox 817 5195 2558 5406">
    <p class='ocr_par' dir='ltr' id='par_1_4' title="bbox 817 5195 2558 5406">
     <span class='ocr_line' id='line_1_55' title="bbox 819 5195 2558 5278; baseline 0.006 -28"><span class='ocrx_word' id='word_1_388' title='bbox 819 5195 2558 5278; x_wconf 42' lang='lat' dir='ltr'>5)·Hioauquiolatmvmm,ooammm</span> 
     </span>
     <span class='ocr_line' id='line_1_56' title="bbox 817 5333 1258 5406; baseline 0.009 -19"><span class='ocrx_word' id='word_1_389' title='bbox 817 5333 880 5402; x_wconf 83' lang='grc'>6)</span> <span class='ocrx_word' id='word_1_390' title='bbox 914 5335 1258 5406; x_wconf 63' lang='lat' dir='ltr'>cogitantes?</span> 
     </span>
    </p>
   </div>
   <div class='ocr_carea' id='block_1_5' title="bbox 2140 413 3054 482">
    <p class='ocr_par' dir='ltr' id='par_1_5' title="bbox 2140 413 3054 482">
     <span class='ocr_line' id='line_1_57' title="bbox 2140 413 3054 482; baseline -0.008 -1"><span class='ocrx_word' id='word_1_391' title='bbox 2140 413 2666 482; x_wconf 75' lang='lat' dir='ltr'><strong>EPISTOLAE</strong></span> <span class='ocrx_word' id='word_1_392' title='bbox 2713 416 2837 477; x_wconf 86' lang='lat'>253</span> <span class='ocrx_word' id='word_1_393' title='bbox 2856 415 3054 476; x_wconf 51' lang='lat'>*254</span> 
     </span>
    </p>
   </div>
   <div class='ocr_carea' id='block_1_6' title="bbox 2608 611 2620 5384">
    <p class='ocr_par' dir='ltr' id='par_1_6' title="bbox 2608 611 2620 5384">
     <span class='ocr_line' id='line_1_58' title="bbox 2608 611 2620 5384; baseline 0 0"><span class='ocrx_word' id='word_1_394' title='bbox 2608 611 2620 5384; x_wconf 95' lang='lat' dir='ltr'> </span> 
     </span>
    </p>
   </div>
   <div class='ocr_carea' id='block_1_7' title="bbox 4501 414 4619 475">
    <p class='ocr_par' dir='ltr' id='par_1_7' title="bbox 4501 414 4619 475">
     <span class='ocr_line' id='line_1_59' title="bbox 4501 414 4619 475; baseline 0 -1"><span class='ocrx_word' id='word_1_395' title='bbox 4501 414 4619 475; x_wconf 77' lang='lat'>112</span> 
     </span>
    </p>
   </div>
   <div class='ocr_carea' id='block_1_8' title="bbox 2658 599 4669 5241">
    <p class='ocr_par' dir='ltr' id='par_1_8' title="bbox 2659 599 4669 5070">
     <span class='ocr_line' id='line_1_60' title="bbox 2660 599 4620 686; baseline -0.001 -19"><span class='ocrx_word' id='word_1_396' title='bbox 2660 602 2760 667; x_wconf 91' lang='lat' dir='ltr'>illi</span> <span class='ocrx_word' id='word_1_397' title='bbox 2813 601 3184 686; x_wconf 89' lang='lat' dir='ltr'>praeclarae</span> <span class='ocrx_word' id='word_1_398' title='bbox 3228 600 3621 683; x_wconf 88' lang='lat' dir='ltr'>reipublicae</span> <span class='ocrx_word' id='word_1_399' title='bbox 3664 599 4126 684; x_wconf 87' lang='lat' dir='ltr'>imputandum</span> <span class='ocrx_word' id='word_1_400' title='bbox 4190 600 4363 683; x_wconf 90' lang='lat' dir='ltr'>quod</span> <span class='ocrx_word' id='word_1_401' title='bbox 4427 600 4620 683; x_wconf 89' lang='lat' dir='ltr'>pauci</span> 
     </span>
     <span class='ocr_line' id='line_1_61' title="bbox 2663 685 4620 772; baseline -0.001 -20"><span class='ocrx_word' id='word_1_402' title='bbox 2663 687 3008 772; x_wconf 89' lang='lat' dir='ltr'>aliquando</span> <span class='ocrx_word' id='word_1_403' title='bbox 3063 686 3169 752; x_wconf 85' lang='lat' dir='ltr'>vel</span> <span class='ocrx_word' id='word_1_404' title='bbox 3227 686 3556 770; x_wconf 91' lang='lat' dir='ltr'>imperitia</span> <span class='ocrx_word' id='word_1_405' title='bbox 3609 685 3709 751; x_wconf 87' lang='lat' dir='ltr'>vel</span> <span class='ocrx_word' id='word_1_406' title='bbox 3768 688 3967 752; x_wconf 90' lang='lat' dir='ltr'>etiam</span> <span class='ocrx_word' id='word_1_407' title='bbox 4028 686 4285 751; x_wconf 87' lang='lat' dir='ltr'>malitia</span> <span class='ocrx_word' id='word_1_408' title='bbox 4328 694 4620 770; x_wconf 78' lang='lat' dir='ltr'>peccent.</span> 
     </span>
     <span class='ocr_line' id='line_1_62' title="bbox 2662 772 4622 857; baseline -0.002 -17"><span class='ocrx_word' id='word_1_409' title='bbox 2662 776 2833 840; x_wconf 85' lang='lat' dir='ltr'>Eam</span> <span class='ocrx_word' id='word_1_410' title='bbox 2878 773 3094 839; x_wconf 88' lang='lat' dir='ltr'>adhuc</span> <span class='ocrx_word' id='word_1_411' title='bbox 3134 772 3232 837; x_wconf 90' lang='lat' dir='ltr'>illi</span> <span class='ocrx_word' id='word_1_412' title='bbox 3282 774 3676 857; x_wconf 85' lang='lat' dir='ltr'>gravitatem</span> <span class='ocrx_word' id='word_1_413' title='bbox 3721 783 3788 838; x_wconf 93' lang='lat' dir='ltr'>et</span> <span class='ocrx_word' id='word_1_414' title='bbox 3832 773 4228 856; x_wconf 87' lang='lat' dir='ltr'>aequitatem</span> <span class='ocrx_word' id='word_1_415' title='bbox 4273 772 4622 856; x_wconf 80' lang='lat' dir='ltr'>praestite—</span> 
     </span>
     <span class='ocr_line' id='line_1_63' title="bbox 2662 857 4622 942; baseline -0.002 -17"><span class='ocrx_word' id='word_1_416' title='bbox 2662 868 2835 939; x_wconf 88' lang='lat' dir='ltr'>runt,</span> <span class='ocrx_word' id='word_1_417' title='bbox 2879 871 2955 924; x_wconf 94' lang='lat' dir='ltr'>ut</span> <span class='ocrx_word' id='word_1_418' title='bbox 2996 880 3119 923; x_wconf 86' lang='lat' dir='ltr'>nos</span> <span class='ocrx_word' id='word_1_419' title='bbox 3160 858 3666 942; x_wconf 86' lang='lat' dir='ltr'>haudquaquam</span> <span class='ocrx_word' id='word_1_420' title='bbox 3713 857 4118 937; x_wconf 89' lang='lat' dir='ltr'>dubitemus,</span> <span class='ocrx_word' id='word_1_421' title='bbox 4176 860 4269 923; x_wconf 92' lang='lat' dir='ltr'>sio</span> <span class='ocrx_word' id='word_1_422' title='bbox 4293 857 4348 942; x_wconf 88' lang='lat'>⁷)</span> <span class='ocrx_word' id='word_1_423' title='bbox 4394 857 4475 923; x_wconf 90' lang='lat' dir='ltr'>de</span> <span class='ocrx_word' id='word_1_424' title='bbox 4518 878 4622 922; x_wconf 93' lang='lat' dir='ltr'>re-</span> 
     </span>
     <span class='ocr_line' id='line_1_64' title="bbox 2663 943 4616 1022; baseline -0.001 -11"><span class='ocrx_word' id='word_1_425' title='bbox 2663 947 2784 1012; x_wconf 92' lang='lat' dir='ltr'>bus</span> <span class='ocrx_word' id='word_1_426' title='bbox 2828 945 3131 1011; x_wconf 91' lang='lat' dir='ltr'>omnibus</span> <span class='ocrx_word' id='word_1_427' title='bbox 3174 946 3302 1009; x_wconf 91' lang='lat' dir='ltr'>rite</span> <span class='ocrx_word' id='word_1_428' title='bbox 3343 955 3410 1010; x_wconf 92' lang='lat' dir='ltr'>et</span> <span class='ocrx_word' id='word_1_429' title='bbox 3452 943 3786 1009; x_wconf 91' lang='lat' dir='ltr'>moderate</span> <span class='ocrx_word' id='word_1_430' title='bbox 3831 944 4206 1022; x_wconf 90' lang='lat' dir='ltr'>doceantur,</span> <span class='ocrx_word' id='word_1_431' title='bbox 4253 965 4362 1010; x_wconf 90' lang='lat' dir='ltr'>eos</span> <span class='ocrx_word' id='word_1_432' title='bbox 4406 945 4501 1009; x_wconf 90' lang='lat' dir='ltr'>ita</span> <span class='ocrx_word' id='word_1_433' title='bbox 4543 964 4616 1010; x_wconf 89' lang='lat' dir='ltr'>se</span> 
     </span>
     <span class='ocr_line' id='line_1_65' title="bbox 2663 1029 4615 1115; baseline -0.002 -18"><span class='ocrx_word' id='word_1_434' title='bbox 2663 1039 3137 1115; x_wconf 86' lang='lat' dir='ltr'>temperaturos</span> <span class='ocrx_word' id='word_1_435' title='bbox 3204 1039 3282 1094; x_wconf 90' lang='lat' dir='ltr'>ut</span> <span class='ocrx_word' id='word_1_436' title='bbox 3346 1029 3637 1094; x_wconf 89' lang='lat' dir='ltr'>futurum</span> <span class='ocrx_word' id='word_1_437' title='bbox 3707 1030 3790 1094; x_wconf 92' lang='lat' dir='ltr'>ab</span> <span class='ocrx_word' id='word_1_438' title='bbox 3846 1032 3927 1095; x_wconf 88' lang='lat' dir='ltr'>iis</span> <span class='ocrx_word' id='word_1_439' title='bbox 3984 1051 4115 1095; x_wconf 89' lang='lat' dir='ltr'>non</span> <span class='ocrx_word' id='word_1_440' title='bbox 4175 1031 4289 1106; x_wconf 90' lang='lat' dir='ltr'>sit,</span> <span class='ocrx_word' id='word_1_441' title='bbox 4352 1029 4432 1095; x_wconf 92' lang='lat' dir='ltr'>de</span> <span class='ocrx_word' id='word_1_442' title='bbox 4488 1050 4615 1113; x_wconf 92' lang='lat' dir='ltr'>quo</span> 
     </span>
     <span class='ocr_line' id='line_1_66' title="bbox 2664 1114 4616 1202; baseline -0.001 -20"><span class='ocrx_word' id='word_1_443' title='bbox 2664 1138 3061 1202; x_wconf 85' lang='lat' dir='ltr'>magnopere</span> <span class='ocrx_word' id='word_1_444' title='bbox 3126 1116 3508 1199; x_wconf 91' lang='lat' dir='ltr'>queramini.</span> <span class='ocrx_word' id='word_1_445' title='bbox 3613 1118 3924 1181; x_wconf 83' lang='lat' dir='ltr'>Attamen</span> <span class='ocrx_word' id='word_1_446' title='bbox 3983 1127 4049 1180; x_wconf 89' lang='lat' dir='ltr'>et</span> <span class='ocrx_word' id='word_1_447' title='bbox 4102 1114 4266 1181; x_wconf 90' lang='lat' dir='ltr'>illud</span> <span class='ocrx_word' id='word_1_448' title='bbox 4320 1116 4616 1200; x_wconf 87' lang='lat' dir='ltr'>cogitan-</span> 
     </span>
     <span class='ocr_line' id='line_1_67' title="bbox 2665 1201 4616 1286; baseline -0.002 -18"><span class='ocrx_word' id='word_1_449' title='bbox 2665 1203 2822 1268; x_wconf 92' lang='lat' dir='ltr'>dum</span> <span class='ocrx_word' id='word_1_450' title='bbox 2859 1212 2973 1280; x_wconf 91' lang='lat' dir='ltr'>est,</span> <span class='ocrx_word' id='word_1_451' title='bbox 3016 1203 3380 1268; x_wconf 92' lang='lat' dir='ltr'>Dominum</span> <span class='ocrx_word' id='word_1_452' title='bbox 3425 1201 3634 1266; x_wconf 90' lang='lat' dir='ltr'>solere</span> <span class='ocrx_word' id='word_1_453' title='bbox 3680 1223 4152 1286; x_wconf 90' lang='lat' dir='ltr'>nonnunquam</span> <span class='ocrx_word' id='word_1_454' title='bbox 4198 1222 4316 1284; x_wconf 91' lang='lat' dir='ltr'>per</span> <span class='ocrx_word' id='word_1_455' title='bbox 4358 1223 4470 1267; x_wconf 92' lang='lat' dir='ltr'>eos</span> <span class='ocrx_word' id='word_1_456' title='bbox 4515 1201 4616 1285; x_wconf 91' lang='lat' dir='ltr'>ip-</span> 
     </span>
     <span class='ocr_line' id='line_1_68' title="bbox 2663 1286 4616 1373; baseline -0.001 -20"><span class='ocrx_word' id='word_1_457' title='bbox 2663 1310 2769 1354; x_wconf 93' lang='lat' dir='ltr'>sos</span> <span class='ocrx_word' id='word_1_458' title='bbox 2825 1300 3117 1354; x_wconf 90' lang='lat' dir='ltr'>nostram</span> <span class='ocrx_word' id='word_1_459' title='bbox 3173 1296 3431 1353; x_wconf 88' lang='lat' dir='ltr'>tentare</span> <span class='ocrx_word' id='word_1_460' title='bbox 3483 1289 3862 1371; x_wconf 91' lang='lat' dir='ltr'>patientiam</span> <span class='ocrx_word' id='word_1_461' title='bbox 3881 1340 3895 1366; x_wconf 91' lang='lat'>‚</span> <span class='ocrx_word' id='word_1_462' title='bbox 3953 1308 4073 1372; x_wconf 90' lang='lat' dir='ltr'>per</span> <span class='ocrx_word' id='word_1_463' title='bbox 4117 1309 4278 1371; x_wconf 89' lang='lat' dir='ltr'>quos</span> <span class='ocrx_word' id='word_1_464' title='bbox 4321 1286 4616 1373; x_wconf 86' lang='lat' dir='ltr'>singula-</span> 
     </span>
     <span class='ocr_line' id='line_1_69' title="bbox 2662 1373 4618 1440; baseline 0 -1"><span class='ocrx_word' id='word_1_465' title='bbox 2662 1375 2840 1440; x_wconf 87' lang='lat' dir='ltr'>ribus</span> <span class='ocrx_word' id='word_1_466' title='bbox 2886 1396 3007 1440; x_wconf 91' lang='lat' dir='ltr'>nos</span> <span class='ocrx_word' id='word_1_467' title='bbox 3061 1374 3419 1439; x_wconf 83' lang='lat' dir='ltr'>cumulavit</span> <span class='ocrx_word' id='word_1_468' title='bbox 3473 1373 3822 1439; x_wconf 89' lang='lat' dir='ltr'>beneficiis.</span> <span class='ocrx_word' id='word_1_469' title='bbox 3913 1374 4104 1437; x_wconf 86' lang='lat' dir='ltr'>Fecit</span> <span class='ocrx_word' id='word_1_470' title='bbox 4145 1374 4472 1439; x_wconf 92' lang='lat' dir='ltr'>Dominus</span> <span class='ocrx_word' id='word_1_471' title='bbox 4514 1394 4618 1439; x_wconf 90' lang='lat' dir='ltr'>oo-</span> 
     </span>
     <span class='ocr_line' id='line_1_70' title="bbox 2661 1458 4617 1527; baseline -0.001 -1"><span class='ocrx_word' id='word_1_472' title='bbox 2661 1462 2921 1527; x_wconf 90' lang='lat' dir='ltr'>casione</span> <span class='ocrx_word' id='word_1_473' title='bbox 2965 1469 3224 1525; x_wconf 85' lang='lat' dir='ltr'>vestrae</span> <span class='ocrx_word' id='word_1_474' title='bbox 3278 1460 3689 1524; x_wconf 86' lang='lat' dir='ltr'>necessitatis</span> <span class='ocrx_word' id='word_1_475' title='bbox 3745 1469 3820 1524; x_wconf 90' lang='lat' dir='ltr'>ut</span> <span class='ocrx_word' id='word_1_476' title='bbox 3862 1471 3930 1524; x_wconf 90' lang='lat' dir='ltr'>et</span> <span class='ocrx_word' id='word_1_477' title='bbox 3971 1458 4248 1524; x_wconf 91' lang='lat' dir='ltr'>Domini</span> <span class='ocrx_word' id='word_1_478' title='bbox 4290 1460 4617 1525; x_wconf 86' lang='lat' dir='ltr'>Bernates</span> 
     </span>
     <span class='ocr_line' id='line_1_71' title="bbox 2660 1544 4618 1630; baseline -0.001 -20"><span class='ocrx_word' id='word_1_479' title='bbox 2660 1557 2929 1630; x_wconf 89' lang='lat' dir='ltr'>propter</span> <span class='ocrx_word' id='word_1_480' title='bbox 2983 1546 3304 1611; x_wconf 87' lang='lat' dir='ltr'>auxilium</span> <span class='ocrx_word' id='word_1_481' title='bbox 3363 1546 3548 1612; x_wconf 83' lang='lat' dir='ltr'>vobis</span> <span class='ocrx_word' id='word_1_482' title='bbox 3605 1545 3813 1611; x_wconf 89' lang='lat' dir='ltr'>latum</span> <span class='ocrx_word' id='word_1_483' title='bbox 3869 1544 4241 1610; x_wconf 81' lang='lat' dir='ltr'>immortale</span> <span class='ocrx_word' id='word_1_484' title='bbox 4296 1545 4494 1612; x_wconf 90' lang='lat' dir='ltr'>decus</span> <span class='ocrx_word' id='word_1_485' title='bbox 4547 1552 4618 1610; x_wconf 87' lang='lat' dir='ltr'>et</span> 
     </span>
     <span class='ocr_line' id='line_1_72' title="bbox 2661 1631 4614 1716; baseline -0.001 -19"><span class='ocrx_word' id='word_1_486' title='bbox 2661 1634 2998 1716; x_wconf 88' lang='lat' dir='ltr'>ingentem</span> <span class='ocrx_word' id='word_1_487' title='bbox 3062 1634 3258 1697; x_wconf 89' lang='lat' dir='ltr'>etiam</span> <span class='ocrx_word' id='word_1_488' title='bbox 3322 1631 3671 1696; x_wconf 88' lang='lat' dir='ltr'>utilitatem</span> <span class='ocrx_word' id='word_1_489' title='bbox 3735 1631 4175 1715; x_wconf 88' lang='lat' dir='ltr'>perciperent,</span> <span class='ocrx_word' id='word_1_490' title='bbox 4235 1639 4302 1696; x_wconf 92' lang='lat' dir='ltr'>et</span> <span class='ocrx_word' id='word_1_491' title='bbox 4364 1652 4483 1696; x_wconf 82' lang='lat' dir='ltr'>vos</span> <span class='ocrx_word' id='word_1_492' title='bbox 4538 1652 4614 1695; x_wconf 89' lang='lat' dir='ltr'>eo</span> 
     </span>
     <span class='ocr_line' id='line_1_73' title="bbox 2661 1717 4617 1801; baseline -0.001 -17"><span class='ocrx_word' id='word_1_493' title='bbox 2661 1718 2908 1784; x_wconf 84' lang='lat' dir='ltr'>auxilio</span> <span class='ocrx_word' id='word_1_494' title='bbox 2972 1718 3357 1801; x_wconf 88' lang='lat' dir='ltr'>religionem</span> <span class='ocrx_word' id='word_1_495' title='bbox 3409 1717 3910 1801; x_wconf 88' lang='lat' dir='ltr'>libertatemque</span> <span class='ocrx_word' id='word_1_496' title='bbox 3974 1717 4481 1796; x_wconf 88' lang='lat' dir='ltr'>confirmaretis,</span> <span class='ocrx_word' id='word_1_497' title='bbox 4549 1725 4617 1782; x_wconf 88' lang='lat' dir='ltr'>et</span> 
     </span>
     <span class='ocr_line' id='line_1_74' title="bbox 2663 1803 4616 1888; baseline -0.002 -19"><span class='ocrx_word' id='word_1_498' title='bbox 2663 1825 2817 1888; x_wconf 88' lang='lat' dir='ltr'>opes</span> <span class='ocrx_word' id='word_1_499' title='bbox 2861 1825 3116 1887; x_wconf 90' lang='lat' dir='ltr'>quoque</span> <span class='ocrx_word' id='word_1_500' title='bbox 3176 1825 3303 1869; x_wconf 90' lang='lat' dir='ltr'>non</span> <span class='ocrx_word' id='word_1_501' title='bbox 3362 1804 3873 1869; x_wconf 89' lang='lat' dir='ltr'>contemnendas</span> <span class='ocrx_word' id='word_1_502' title='bbox 3930 1803 4523 1886; x_wconf 84' lang='lat' dir='ltr'>consequeremini,</span> <span class='ocrx_word' id='word_1_503' title='bbox 4578 1823 4616 1867; x_wconf 92' lang='lat' dir='ltr'>e</span> 
     </span>
     <span class='ocr_line' id='line_1_75' title="bbox 2663 1890 4614 1974; baseline -0.002 -18"><span class='ocrx_word' id='word_1_504' title='bbox 2663 1911 2919 1956; x_wconf 92' lang='lat' dir='ltr'>summo</span> <span class='ocrx_word' id='word_1_505' title='bbox 2976 1890 3350 1955; x_wconf 87' lang='lat' dir='ltr'>discrimine</span> <span class='ocrx_word' id='word_1_506' title='bbox 3416 1891 3654 1972; x_wconf 90' lang='lat' dir='ltr'>erepti,</span> <span class='ocrx_word' id='word_1_507' title='bbox 3721 1891 3794 1954; x_wconf 92' lang='lat' dir='ltr'>in</span> <span class='ocrx_word' id='word_1_508' title='bbox 3852 1912 3978 1974; x_wconf 94' lang='lat' dir='ltr'>quo</span> <span class='ocrx_word' id='word_1_509' title='bbox 4043 1899 4141 1953; x_wconf 90' lang='lat' dir='ltr'>tot</span> <span class='ocrx_word' id='word_1_510' title='bbox 4205 1890 4337 1953; x_wconf 86' lang='lat' dir='ltr'>iam</span> <span class='ocrx_word' id='word_1_511' title='bbox 4404 1908 4614 1953; x_wconf 89' lang='lat' dir='ltr'>annos</span> 
     </span>
     <span class='ocr_line' id='line_1_76' title="bbox 2664 1975 4614 2058; baseline -0.001 -17"><span class='ocrx_word' id='word_1_512' title='bbox 2664 1976 2903 2041; x_wconf 86' lang='lat' dir='ltr'>misere</span> <span class='ocrx_word' id='word_1_513' title='bbox 2947 1983 3015 2039; x_wconf 93' lang='lat' dir='ltr'>et</span> <span class='ocrx_word' id='word_1_514' title='bbox 3057 1975 3414 2058; x_wconf 88' lang='lat' dir='ltr'>periculose</span> <span class='ocrx_word' id='word_1_515' title='bbox 3458 1977 3810 2042; x_wconf 86' lang='lat' dir='ltr'>conflictati</span> <span class='ocrx_word' id='word_1_516' title='bbox 3856 1977 4071 2041; x_wconf 90' lang='lat' dir='ltr'>eratis.</span> <span class='ocrx_word' id='word_1_517' title='bbox 4163 1975 4352 2042; x_wconf 83' lang='lat' dir='ltr'>Sicut</span> <span class='ocrx_word' id='word_1_518' title='bbox 4394 1976 4614 2057; x_wconf 89' lang='lat' dir='ltr'>itaque</span> 
     </span>
     <span class='ocr_line' id='line_1_77' title="bbox 2664 2061 4616 2144; baseline -0.001 -17"><span class='ocrx_word' id='word_1_519' title='bbox 2664 2069 2937 2144; x_wconf 88' lang='lat' dir='ltr'>utraque</span> <span class='ocrx_word' id='word_1_520' title='bbox 2981 2062 3135 2127; x_wconf 89' lang='lat' dir='ltr'>urbs</span> <span class='ocrx_word' id='word_1_521' title='bbox 3195 2061 3386 2126; x_wconf 87' lang='lat' dir='ltr'>alteri</span> <span class='ocrx_word' id='word_1_522' title='bbox 3440 2062 3957 2126; x_wconf 87' lang='lat' dir='ltr'>instrumentum</span> <span class='ocrx_word' id='word_1_523' title='bbox 4003 2063 4254 2127; x_wconf 88' lang='lat' dir='ltr'>exstitit</span> <span class='ocrx_word' id='word_1_524' title='bbox 4296 2062 4616 2125; x_wconf 89' lang='lat' dir='ltr'>maximo·</span> 
     </span>
     <span class='ocr_line' id='line_1_78' title="bbox 2665 2146 4614 2224; baseline -0.001 -12"><span class='ocrx_word' id='word_1_525' title='bbox 2665 2169 2815 2212; x_wconf 91' lang='lat' dir='ltr'>rum</span> <span class='ocrx_word' id='word_1_526' title='bbox 2862 2148 2986 2212; x_wconf 93' lang='lat' dir='ltr'>Dei</span> <span class='ocrx_word' id='word_1_527' title='bbox 3034 2148 3515 2224; x_wconf 88' lang='lat' dir='ltr'>beneficiorum,</span> <span class='ocrx_word' id='word_1_528' title='bbox 3560 2149 3655 2212; x_wconf 90' lang='lat' dir='ltr'>ita</span> <span class='ocrx_word' id='word_1_529' title='bbox 3700 2149 3918 2213; x_wconf 84' lang='lat' dir='ltr'>visum</span> <span class='ocrx_word' id='word_1_530' title='bbox 3964 2168 4140 2213; x_wconf 88' lang='lat' dir='ltr'>nunc</span> <span class='ocrx_word' id='word_1_531' title='bbox 4159 2146 4447 2213; x_wconf 89' lang='lat' dir='ltr'>Domino</span> <span class='ocrx_word' id='word_1_532' title='bbox 4492 2155 4614 2224; x_wconf 90' lang='lat' dir='ltr'>est,</span> 
     </span>
     <span class='ocr_line' id='line_1_79' title="bbox 2665 2232 4615 2317; baseline 0 -20"><span class='ocrx_word' id='word_1_533' title='bbox 2665 2241 2742 2298; x_wconf 92' lang='lat' dir='ltr'>ut</span> <span class='ocrx_word' id='word_1_534' title='bbox 2785 2233 2994 2296; x_wconf 92' lang='lat' dir='ltr'>altera</span> <span class='ocrx_word' id='word_1_535' title='bbox 3027 2232 3218 2297; x_wconf 89' lang='lat' dir='ltr'>alteri</span> <span class='ocrx_word' id='word_1_536' title='bbox 3263 2233 3465 2298; x_wconf 89' lang='lat' dir='ltr'>etiam</span> <span class='ocrx_word' id='word_1_537' title='bbox 3510 2253 3831 2317; x_wconf 90' lang='lat' dir='ltr'>organum</span> <span class='ocrx_word' id='word_1_538' title='bbox 3877 2235 3962 2300; x_wconf 90' lang='lat' dir='ltr'>sit</span> <span class='ocrx_word' id='word_1_539' title='bbox 4005 2233 4345 2299; x_wconf 90' lang='lat' dir='ltr'>cuiusdam</span> <span class='ocrx_word' id='word_1_540' title='bbox 4381 2232 4615 2316; x_wconf 90' lang='lat' dir='ltr'>proba-</span> 
     </span>
     <span class='ocr_line' id='line_1_80' title="bbox 2666 2318 4617 2404; baseline 0.001 -22"><span class='ocrx_word' id='word_1_541' title='bbox 2666 2320 2883 2397; x_wconf 89' lang='lat' dir='ltr'>tionis,</span> <span class='ocrx_word' id='word_1_542' title='bbox 2928 2318 3041 2384; x_wconf 90' lang='lat' dir='ltr'>sed</span> <span class='ocrx_word' id='word_1_543' title='bbox 3082 2326 3187 2396; x_wconf 94' lang='lat' dir='ltr'>ut,</span> <span class='ocrx_word' id='word_1_544' title='bbox 3246 2319 3303 2382; x_wconf 93' lang='lat' dir='ltr'>si</span> <span class='ocrx_word' id='word_1_545' title='bbox 3348 2319 3520 2385; x_wconf 88' lang='lat' dir='ltr'>hanc</span> <span class='ocrx_word' id='word_1_546' title='bbox 3563 2318 3924 2401; x_wconf 74' lang='lat' dir='ltr'>christiana</span> <span class='ocrx_word' id='word_1_547' title='bbox 3970 2319 4322 2404; x_wconf 89' lang='lat' dir='ltr'>prudentia</span> <span class='ocrx_word' id='word_1_548' title='bbox 4366 2330 4432 2384; x_wconf 88' lang='lat' dir='ltr'>et</span> <span class='ocrx_word' id='word_1_549' title='bbox 4475 2339 4617 2383; x_wconf 90' lang='lat' dir='ltr'>mo-</span> 
     </span>
     <span class='ocr_line' id='line_1_81' title="bbox 2666 2404 4617 2488; baseline 0.001 -19"><span class='ocrx_word' id='word_1_550' title='bbox 2666 2405 2877 2469; x_wconf 90' lang='lat' dir='ltr'>destia</span> <span class='ocrx_word' id='word_1_551' title='bbox 2920 2404 3289 2486; x_wconf 88' lang='lat' dir='ltr'>excipiatis,</span> <span class='ocrx_word' id='word_1_552' title='bbox 3346 2426 3576 2470; x_wconf 87' lang='lat' dir='ltr'>rursus</span> <span class='ocrx_word' id='word_1_553' title='bbox 3621 2405 3948 2470; x_wconf 89' lang='lat' dir='ltr'>Dominus</span> <span class='ocrx_word' id='word_1_554' title='bbox 4001 2406 4344 2488; x_wconf 90' lang='lat' dir='ltr'>utriusque</span> <span class='ocrx_word' id='word_1_555' title='bbox 4386 2404 4617 2470; x_wconf 90' lang='lat' dir='ltr'>minis-</span> 
     </span>
     <span class='ocr_line' id='line_1_82' title="bbox 2667 2489 4618 2575; baseline 0.001 -20"><span class='ocrx_word' id='word_1_556' title='bbox 2667 2492 2829 2556; x_wconf 90' lang='lat' dir='ltr'>terio</span> <span class='ocrx_word' id='word_1_557' title='bbox 2873 2489 2953 2555; x_wconf 88' lang='lat' dir='ltr'>ad</span> <span class='ocrx_word' id='word_1_558' title='bbox 2991 2489 3361 2575; x_wconf 85' lang='lat' dir='ltr'>augendam</span> <span class='ocrx_word' id='word_1_559' title='bbox 3404 2499 3471 2556; x_wconf 89' lang='lat' dir='ltr'>et</span> <span class='ocrx_word' id='word_1_560' title='bbox 3505 2490 3868 2556; x_wconf 88' lang='lat' dir='ltr'>ornandam</span> <span class='ocrx_word' id='word_1_561' title='bbox 3904 2498 4248 2573; x_wconf 89' lang='lat' dir='ltr'>utramque</span> <span class='ocrx_word' id='word_1_562' title='bbox 4284 2490 4618 2574; x_wconf 88' lang='lat' dir='ltr'>praeclare</span> 
     </span>
     <span class='ocr_line' id='line_1_83' title="bbox 2666 2575 4617 2661; baseline -0.001 -20"><span class='ocrx_word' id='word_1_563' title='bbox 2666 2598 2907 2642; x_wconf 89' lang='lat' dir='ltr'>usurus</span> <span class='ocrx_word' id='word_1_564' title='bbox 2975 2576 3077 2641; x_wconf 91' lang='lat' dir='ltr'>sit.</span> <span class='ocrx_word' id='word_1_565' title='bbox 3181 2576 3329 2641; x_wconf 92' lang='lat' dir='ltr'>Hoc</span> <span class='ocrx_word' id='word_1_566' title='bbox 3385 2575 3732 2641; x_wconf 90' lang='lat' dir='ltr'>consilium</span> <span class='ocrx_word' id='word_1_567' title='bbox 3776 2576 3908 2642; x_wconf 93' lang='lat' dir='ltr'>Dei</span> <span class='ocrx_word' id='word_1_568' title='bbox 3958 2575 4377 2661; x_wconf 88' lang='lat' dir='ltr'>perpendetis</span> <span class='ocrx_word' id='word_1_569' title='bbox 4432 2589 4500 2643; x_wconf 90' lang='lat' dir='ltr'>et</span> <span class='ocrx_word' id='word_1_570' title='bbox 4556 2579 4617 2643; x_wconf 90' lang='lat' dir='ltr'>ei</span> 
     </span>
     <span class='ocr_line' id='line_1_84' title="bbox 2668 2661 4617 2748; baseline 0.001 -21"><span class='ocrx_word' id='word_1_571' title='bbox 2668 2683 2787 2728; x_wconf 85' lang='lat' dir='ltr'>vos</span> <span class='ocrx_word' id='word_1_572' title='bbox 2851 2662 3152 2746; x_wconf 88' lang='lat' dir='ltr'>religiose</span> <span class='ocrx_word' id='word_1_573' title='bbox 3236 2661 3804 2729; x_wconf 87' lang='lat' dir='ltr'>accommodabitis</span> <span class='ocrx_word' id='word_1_574' title='bbox 3824 2714 3838 2742; x_wconf 97' lang='lat'>,</span> <span class='ocrx_word' id='word_1_575' title='bbox 3920 2684 4178 2746; x_wconf 91' lang='lat' dir='ltr'>semper</span> <span class='ocrx_word' id='word_1_576' title='bbox 4252 2664 4617 2748; x_wconf 81' lang='lat' dir='ltr'>cogitantes</span> 
     </span>
     <span class='ocr_line' id='line_1_85' title="bbox 2666 2748 4669 2831; baseline 0.001 -19"><span class='ocrx_word' id='word_1_577' title='bbox 2666 2748 3029 2814; x_wconf 92' lang='lat' dir='ltr'>Dominum</span> <span class='ocrx_word' id='word_1_578' title='bbox 3075 2769 3186 2813; x_wconf 94' lang='lat' dir='ltr'>eos</span> <span class='ocrx_word' id='word_1_579' title='bbox 3232 2748 3524 2814; x_wconf 91' lang='lat' dir='ltr'>exaltare</span> <span class='ocrx_word' id='word_1_580' title='bbox 3577 2748 3688 2831; x_wconf 91' lang='lat' dir='ltr'>qui</span> <span class='ocrx_word' id='word_1_581' title='bbox 3736 2769 3880 2814; x_wconf 88' lang='lat' dir='ltr'>sese</span> <span class='ocrx_word' id='word_1_582' title='bbox 3920 2749 4305 2830; x_wconf 91' lang='lat' dir='ltr'>humiliant,</span> <span class='ocrx_word' id='word_1_583' title='bbox 4359 2761 4426 2814; x_wconf 93' lang='lat' dir='ltr'>et</span> <span class='ocrx_word' id='word_1_584' title='bbox 4468 2748 4618 2815; x_wconf 84' lang='lat' dir='ltr'>red-</span> <span class='ocrx_word' id='word_1_585' title='bbox 4662 2749 4669 2757; x_wconf 83' lang='lat'>&#39;</span> 
     </span>
     <span class='ocr_line' id='line_1_86' title="bbox 2667 2833 4618 2919; baseline 0.001 -20"><span class='ocrx_word' id='word_1_586' title='bbox 2667 2834 2820 2900; x_wconf 92' lang='lat' dir='ltr'>dere</span> <span class='ocrx_word' id='word_1_587' title='bbox 2864 2833 3246 2918; x_wconf 87' lang='lat' dir='ltr'>centuplum</span> <span class='ocrx_word' id='word_1_588' title='bbox 3302 2855 3422 2918; x_wconf 92' lang='lat' dir='ltr'>pro</span> <span class='ocrx_word' id='word_1_589' title='bbox 3454 2854 3542 2899; x_wconf 79' lang='lat' dir='ltr'>eo</span> <span class='ocrx_word' id='word_1_590' title='bbox 3600 2833 3770 2918; x_wconf 88' lang='lat' dir='ltr'>quod</span> <span class='ocrx_word' id='word_1_591' title='bbox 3827 2857 3945 2919; x_wconf 94' lang='lat' dir='ltr'>pro</span> <span class='ocrx_word' id='word_1_592' title='bbox 4003 2835 4208 2918; x_wconf 92' lang='lat' dir='ltr'>ipsius</span> <span class='ocrx_word' id='word_1_593' title='bbox 4262 2835 4474 2919; x_wconf 92' lang='lat' dir='ltr'>gloria</span> <span class='ocrx_word' id='word_1_594' title='bbox 4512 2857 4618 2901; x_wconf 85' lang='lat' dir='ltr'>re·</span> 
     </span>
     <span class='ocr_line' id='line_1_87' title="bbox 2664 2920 4617 3005; baseline 0.001 -20"><span class='ocrx_word' id='word_1_595' title='bbox 2664 2921 3040 3004; x_wconf 89' lang='lat' dir='ltr'>linquimus.</span> <span class='ocrx_word' id='word_1_596' title='bbox 3153 2920 3299 2986; x_wconf 89' lang='lat' dir='ltr'>Non</span> <span class='ocrx_word' id='word_1_597' title='bbox 3369 2928 3582 3004; x_wconf 89' lang='lat' dir='ltr'>potest</span> <span class='ocrx_word' id='word_1_598' title='bbox 3645 2941 3778 2986; x_wconf 89' lang='lat' dir='ltr'>non</span> <span class='ocrx_word' id='word_1_599' title='bbox 3844 2922 4203 2987; x_wconf 85' lang='lat' dir='ltr'>maximam</span> <span class='ocrx_word' id='word_1_600' title='bbox 4276 2922 4617 3005; x_wconf 85' lang='lat' dir='ltr'>evangelio</span> 
     </span>
     <span class='ocr_line' id='line_1_88' title="bbox 2663 3005 4617 3091; baseline 0.002 -21"><span class='ocrx_word' id='word_1_601' title='bbox 2663 3007 3094 3091; x_wconf 87' lang='lat' dir='ltr'>ignominiam</span> <span class='ocrx_word' id='word_1_602' title='bbox 3138 3005 3475 3084; x_wconf 88' lang='lat' dir='ltr'>adducere,</span> <span class='ocrx_word' id='word_1_603' title='bbox 3534 3008 3591 3070; x_wconf 93' lang='lat' dir='ltr'>si</span> <span class='ocrx_word' id='word_1_604' title='bbox 3633 3006 3729 3072; x_wconf 88' lang='lat' dir='ltr'>ita</span> <span class='ocrx_word' id='word_1_605' title='bbox 3767 3027 3915 3072; x_wconf 88' lang='lat' dir='ltr'>cum</span> <span class='ocrx_word' id='word_1_606' title='bbox 3961 3009 4264 3073; x_wconf 89' lang='lat' dir='ltr'>Dominis</span> <span class='ocrx_word' id='word_1_607' title='bbox 4307 3008 4617 3073; x_wconf 87' lang='lat' dir='ltr'>Bernati-</span> 
     </span>
     <span class='ocr_line' id='line_1_89' title="bbox 2666 3092 4619 3171; baseline 0 -13"><span class='ocrx_word' id='word_1_608' title='bbox 2666 3094 2786 3158; x_wconf 92' lang='lat' dir='ltr'>bus</span> <span class='ocrx_word' id='word_1_609' title='bbox 2808 3092 3226 3171; x_wconf 87' lang='lat' dir='ltr'>dissentiatis,</span> <span class='ocrx_word' id='word_1_610' title='bbox 3264 3100 3331 3157; x_wconf 93' lang='lat' dir='ltr'>et</span> <span class='ocrx_word' id='word_1_611' title='bbox 3365 3093 3771 3159; x_wconf 87' lang='lat' dir='ltr'>occasionem</span> <span class='ocrx_word' id='word_1_612' title='bbox 3807 3094 3977 3159; x_wconf 89' lang='lat' dir='ltr'>detis</span> <span class='ocrx_word' id='word_1_613' title='bbox 4012 3101 4086 3159; x_wconf 91' lang='lat' dir='ltr'>ut</span> <span class='ocrx_word' id='word_1_614' title='bbox 4120 3093 4342 3160; x_wconf 90' lang='lat' dir='ltr'>hostes</span> <span class='ocrx_word' id='word_1_615' title='bbox 4364 3093 4619 3160; x_wconf 86' lang='lat' dir='ltr'>Christi</span> 
     </span>
     <span class='ocr_line' id='line_1_90' title="bbox 2664 3179 4618 3264; baseline 0.002 -22"><span class='ocrx_word' id='word_1_616' title='bbox 2664 3180 2940 3244; x_wconf 87' lang='lat' dir='ltr'>iactent:</span> <span class='ocrx_word' id='word_1_617' title='bbox 2986 3180 3096 3245; x_wconf 83' lang='lat' dir='ltr'>En</span> <span class='ocrx_word' id='word_1_618' title='bbox 3139 3179 3445 3262; x_wconf 89' lang='lat' dir='ltr'>spiritum</span> <span class='ocrx_word' id='word_1_619' title='bbox 3492 3180 3647 3244; x_wconf 84' lang='lat' dir='ltr'>novi</span> <span class='ocrx_word' id='word_1_620' title='bbox 3692 3180 4048 3264; x_wconf 76' lang='lat' dir='ltr'>evangelii!</span> <span class='ocrx_word' id='word_1_621' title='bbox 4137 3181 4461 3246; x_wconf 89' lang='lat' dir='ltr'>Bernates</span> <span class='ocrx_word' id='word_1_622' title='bbox 4502 3183 4618 3245; x_wconf 87' lang='lat' dir='ltr'>de·</span> 
     </span>
     <span class='ocr_line' id='line_1_91' title="bbox 2667 3265 4617 3349; baseline 0 -18"><span class='ocrx_word' id='word_1_623' title='bbox 2667 3273 2921 3331; x_wconf 87' lang='lat' dir='ltr'>struere</span> <span class='ocrx_word' id='word_1_624' title='bbox 2938 3273 3259 3332; x_wconf 88' lang='lat' dir='ltr'>conantur</span> <span class='ocrx_word' id='word_1_625' title='bbox 3280 3287 3440 3349; x_wconf 93' lang='lat' dir='ltr'>quos</span> <span class='ocrx_word' id='word_1_626' title='bbox 3476 3265 3807 3331; x_wconf 89' lang='lat' dir='ltr'>iactabant</span> <span class='ocrx_word' id='word_1_627' title='bbox 3849 3287 3918 3331; x_wconf 94' lang='lat' dir='ltr'>se</span> <span class='ocrx_word' id='word_1_628' title='bbox 3940 3266 4209 3332; x_wconf 86' lang='lat' dir='ltr'>Christo</span> <span class='ocrx_word' id='word_1_629' title='bbox 4245 3266 4617 3333; x_wconf 82' lang='lat' dir='ltr'>vindicasse</span> 
     </span>
     <span class='ocr_line' id='line_1_92' title="bbox 2666 3351 4616 3419; baseline 0 -3"><span class='ocrx_word' id='word_1_630' title='bbox 2666 3358 2735 3416; x_wconf 92' lang='lat' dir='ltr'>et</span> <span class='ocrx_word' id='word_1_631' title='bbox 2760 3371 3088 3416; x_wconf 88' lang='lat' dir='ltr'>servasse:</span> <span class='ocrx_word' id='word_1_632' title='bbox 3116 3351 3492 3416; x_wconf 83' lang='lat' dir='ltr'>Genevates</span> <span class='ocrx_word' id='word_1_633' title='bbox 3514 3360 3823 3417; x_wconf 86' lang='lat' dir='ltr'>exercent</span> <span class='ocrx_word' id='word_1_634' title='bbox 3848 3352 4264 3419; x_wconf 85' lang='lat' dir='ltr'>inimicitiam</span> <span class='ocrx_word' id='word_1_635' title='bbox 4286 3374 4436 3418; x_wconf 89' lang='lat' dir='ltr'>cum</span> <span class='ocrx_word' id='word_1_636' title='bbox 4460 3372 4616 3417; x_wconf 88' lang='lat' dir='ltr'>con-</span> 
     </span>
     <span class='ocr_line' id='line_1_93' title="bbox 2665 3437 4616 3522; baseline 0.001 -20"><span class='ocrx_word' id='word_1_637' title='bbox 2665 3438 2954 3502; x_wconf 91' lang='lat' dir='ltr'>sortibus</span> <span class='ocrx_word' id='word_1_638' title='bbox 2977 3437 3301 3520; x_wconf 79' lang='lat' dir='ltr'>evangelii</span> <span class='ocrx_word' id='word_1_639' title='bbox 3329 3438 3452 3516; x_wconf 89' lang='lat' dir='ltr'>sui,</span> <span class='ocrx_word' id='word_1_640' title='bbox 3491 3457 3767 3520; x_wconf 90' lang='lat' dir='ltr'>cumque</span> <span class='ocrx_word' id='word_1_641' title='bbox 3788 3438 3872 3504; x_wconf 93' lang='lat' dir='ltr'>iis</span> <span class='ocrx_word' id='word_1_642' title='bbox 3906 3458 4025 3521; x_wconf 91' lang='lat' dir='ltr'>per</span> <span class='ocrx_word' id='word_1_643' title='bbox 4060 3459 4221 3522; x_wconf 93' lang='lat' dir='ltr'>quos</span> <span class='ocrx_word' id='word_1_644' title='bbox 4256 3459 4325 3503; x_wconf 90' lang='lat' dir='ltr'>se</span> <span class='ocrx_word' id='word_1_645' title='bbox 4347 3437 4616 3504; x_wconf 86' lang='lat' dir='ltr'>Christo</span> 
     </span>
     <span class='ocr_line' id='line_1_94' title="bbox 2665 3523 4618 3607; baseline 0.002 -19"><span class='ocrx_word' id='word_1_646' title='bbox 2665 3523 3004 3588; x_wconf 87' lang='lat' dir='ltr'>restitutos</span> <span class='ocrx_word' id='word_1_647' title='bbox 3049 3523 3517 3607; x_wconf 86' lang='lat' dir='ltr'>gloriabantur.</span> <span class='ocrx_word' id='word_1_648' title='bbox 3608 3524 3896 3589; x_wconf 90' lang='lat' dir='ltr'>Proinde</span> <span class='ocrx_word' id='word_1_649' title='bbox 3941 3525 3994 3589; x_wconf 91' lang='lat' dir='ltr'>si</span> <span class='ocrx_word' id='word_1_650' title='bbox 4039 3546 4237 3590; x_wconf 92' lang='lat' dir='ltr'>causa</span> <span class='ocrx_word' id='word_1_651' title='bbox 4281 3524 4477 3590; x_wconf 88' lang='lat' dir='ltr'>huius</span> <span class='ocrx_word' id='word_1_652' title='bbox 4521 3525 4618 3590; x_wconf 87' lang='lat' dir='ltr'>of·-</span> 
     </span>
     <span class='ocr_line' id='line_1_95' title="bbox 2664 3608 4618 3693; baseline 0.002 -19"><span class='ocrx_word' id='word_1_653' title='bbox 2664 3608 2976 3675; x_wconf 87' lang='lat' dir='ltr'>fendiculi</span> <span class='ocrx_word' id='word_1_654' title='bbox 3017 3608 3385 3693; x_wconf 88' lang='lat' dir='ltr'>depellendi</span> <span class='ocrx_word' id='word_1_655' title='bbox 3442 3617 3510 3675; x_wconf 91' lang='lat' dir='ltr'>et</span> <span class='ocrx_word' id='word_1_656' title='bbox 3561 3611 3999 3675; x_wconf 86' lang='lat' dir='ltr'>necessariam</span> <span class='ocrx_word' id='word_1_657' title='bbox 4041 3611 4218 3675; x_wconf 89' lang='lat' dir='ltr'>inter</span> <span class='ocrx_word' id='word_1_658' title='bbox 4258 3611 4377 3675; x_wconf 89' lang='lat' dir='ltr'>has</span> <span class='ocrx_word' id='word_1_659' title='bbox 4422 3609 4618 3678; x_wconf 89' lang='lat' dir='ltr'>urbes</span> 
     </span>
     <span class='ocr_line' id='line_1_96' title="bbox 2663 3693 4617 3779; baseline 0.002 -20"><span class='ocrx_word' id='word_1_660' title='bbox 2663 3694 3021 3761; x_wconf 87' lang='lat' dir='ltr'>amicitiam</span> <span class='ocrx_word' id='word_1_661' title='bbox 3064 3693 3389 3760; x_wconf 90' lang='lat' dir='ltr'>retinendi</span> <span class='ocrx_word' id='word_1_662' title='bbox 3434 3704 3499 3760; x_wconf 91' lang='lat' dir='ltr'>et</span> <span class='ocrx_word' id='word_1_663' title='bbox 3544 3696 3971 3761; x_wconf 89' lang='lat' dir='ltr'>confirmandi</span> <span class='ocrx_word' id='word_1_664' title='bbox 4032 3696 4279 3779; x_wconf 89' lang='lat' dir='ltr'>aliquid</span> <span class='ocrx_word' id='word_1_665' title='bbox 4338 3696 4417 3762; x_wconf 92' lang='lat' dir='ltr'>de</span> <span class='ocrx_word' id='word_1_666' title='bbox 4472 3698 4617 3762; x_wconf 90' lang='lat' dir='ltr'>iure</span> 
     </span>
     <span class='ocr_line' id='line_1_97' title="bbox 2663 3779 4616 3867; baseline 0.001 -20"><span class='ocrx_word' id='word_1_667' title='bbox 2663 3791 2881 3847; x_wconf 86' lang='lat' dir='ltr'>vestro</span> <span class='ocrx_word' id='word_1_668' title='bbox 2947 3780 3327 3860; x_wconf 88' lang='lat' dir='ltr'>conceditis,</span> <span class='ocrx_word' id='word_1_669' title='bbox 3392 3780 3461 3845; x_wconf 93' lang='lat' dir='ltr'>id</span> <span class='ocrx_word' id='word_1_670' title='bbox 3517 3779 3787 3847; x_wconf 89' lang='lat' dir='ltr'>indubie</span> <span class='ocrx_word' id='word_1_671' title='bbox 3841 3782 4172 3848; x_wconf 85' lang='lat' dir='ltr'>Dominus</span> <span class='ocrx_word' id='word_1_672' title='bbox 4235 3783 4616 3867; x_wconf 91' lang='lat' dir='ltr'>centuplum</span> 
     </span>
     <span class='ocr_line' id='line_1_98' title="bbox 2663 3866 4614 3950; baseline 0.002 -18"><span class='ocrx_word' id='word_1_673' title='bbox 2663 3868 2864 3932; x_wconf 90' lang='lat' dir='ltr'>etiam</span> <span class='ocrx_word' id='word_1_674' title='bbox 2907 3866 3013 3933; x_wconf 87' lang='lat' dir='ltr'>hic</span> <span class='ocrx_word' id='word_1_675' title='bbox 3059 3866 3385 3950; x_wconf 85' lang='lat' dir='ltr'>rependet.</span> <span class='ocrx_word' id='word_1_676' title='bbox 3473 3867 3645 3931; x_wconf 91' lang='lat' dir='ltr'>Nam</span> <span class='ocrx_word' id='word_1_677' title='bbox 3693 3876 3766 3932; x_wconf 92' lang='lat' dir='ltr'>ut</span> <span class='ocrx_word' id='word_1_678' title='bbox 3801 3869 4123 3934; x_wconf 89' lang='lat' dir='ltr'>Dominus</span> <span class='ocrx_word' id='word_1_679' title='bbox 4167 3875 4263 3934; x_wconf 88' lang='lat' dir='ltr'>tot</span> <span class='ocrx_word' id='word_1_680' title='bbox 4306 3890 4421 3935; x_wconf 86' lang='lat' dir='ltr'>vos</span> <span class='ocrx_word' id='word_1_681' title='bbox 4467 3869 4614 3934; x_wconf 81' lang='lat' dir='ltr'>vin-</span> 
     </span>
     <span class='ocr_line' id='line_1_99' title="bbox 2663 3953 4615 4032; baseline 0.002 -14"><span class='ocrx_word' id='word_1_682' title='bbox 2663 3954 2824 4018; x_wconf 91' lang='lat' dir='ltr'>culis</span> <span class='ocrx_word' id='word_1_683' title='bbox 2870 3960 3133 4018; x_wconf 89' lang='lat' dir='ltr'>sanctae</span> <span class='ocrx_word' id='word_1_684' title='bbox 3169 3953 3649 4019; x_wconf 89' lang='lat' dir='ltr'>coniunctionis</span> <span class='ocrx_word' id='word_1_685' title='bbox 3684 3954 4039 4032; x_wconf 88' lang='lat' dir='ltr'>coniunxit,</span> <span class='ocrx_word' id='word_1_686' title='bbox 4087 3955 4178 4019; x_wconf 87' lang='lat' dir='ltr'>ita</span> <span class='ocrx_word' id='word_1_687' title='bbox 4218 3954 4383 4019; x_wconf 89' lang='lat' dir='ltr'>nihil</span> <span class='ocrx_word' id='word_1_688' title='bbox 4418 3955 4615 4022; x_wconf 79' lang='lat' dir='ltr'>facie-</span> 
     </span>
     <span class='ocr_line' id='line_1_100' title="bbox 2663 4038 4616 4122; baseline 0.002 -20"><span class='ocrx_word' id='word_1_689' title='bbox 2663 4039 2748 4103; x_wconf 90' lang='lat' dir='ltr'>tis</span> <span class='ocrx_word' id='word_1_690' title='bbox 2792 4038 2853 4102; x_wconf 92' lang='lat' dir='ltr'>ei</span> <span class='ocrx_word' id='word_1_691' title='bbox 2896 4038 3149 4122; x_wconf 86' lang='lat' dir='ltr'>gratius</span> <span class='ocrx_word' id='word_1_692' title='bbox 3195 4059 3392 4121; x_wconf 89' lang='lat' dir='ltr'>quam</span> <span class='ocrx_word' id='word_1_693' title='bbox 3438 4040 3494 4103; x_wconf 88' lang='lat' dir='ltr'>si</span> <span class='ocrx_word' id='word_1_694' title='bbox 3539 4039 3712 4104; x_wconf 91' lang='lat' dir='ltr'>hanc</span> <span class='ocrx_word' id='word_1_695' title='bbox 3757 4049 4045 4104; x_wconf 86' lang='lat' dir='ltr'>vestram</span> <span class='ocrx_word' id='word_1_696' title='bbox 4090 4041 4616 4107; x_wconf 89' lang='lat' dir='ltr'>coniunctionem</span> 
     </span>
     <span class='ocr_line' id='line_1_101' title="bbox 2662 4122 4614 4192; baseline 0.002 -4"><span class='ocrx_word' id='word_1_697' title='bbox 2662 4122 2890 4189; x_wconf 90' lang='lat' dir='ltr'>colatis</span> <span class='ocrx_word' id='word_1_698' title='bbox 2934 4130 3000 4188; x_wconf 91' lang='lat' dir='ltr'>et</span> <span class='ocrx_word' id='word_1_699' title='bbox 3041 4124 3303 4189; x_wconf 88' lang='lat' dir='ltr'>firmam</span> <span class='ocrx_word' id='word_1_700' title='bbox 3348 4122 3617 4191; x_wconf 88' lang='lat' dir='ltr'>reddere</span> <span class='ocrx_word' id='word_1_701' title='bbox 3662 4125 3997 4191; x_wconf 88' lang='lat' dir='ltr'>studeatis.</span> <span class='ocrx_word' id='word_1_702' title='bbox 4063 4127 4153 4191; x_wconf 87' lang='lat' dir='ltr'>Et</span> <span class='ocrx_word' id='word_1_703' title='bbox 4197 4148 4316 4192; x_wconf 84' lang='lat' dir='ltr'>vae</span> <span class='ocrx_word' id='word_1_704' title='bbox 4358 4126 4614 4192; x_wconf 90' lang='lat' dir='ltr'>homini</span> 
     </span>
     <span class='ocr_line' id='line_1_102' title="bbox 2662 4208 4614 4296; baseline 0.002 -22"><span class='ocrx_word' id='word_1_705' title='bbox 2662 4210 2772 4293; x_wconf 92' lang='lat' dir='ltr'>qui</span> <span class='ocrx_word' id='word_1_706' title='bbox 2829 4208 3224 4275; x_wconf 87' lang='lat' dir='ltr'>disiunxerit</span> <span class='ocrx_word' id='word_1_707' title='bbox 3279 4230 3443 4293; x_wconf 93' lang='lat' dir='ltr'>quos</span> <span class='ocrx_word' id='word_1_708' title='bbox 3496 4211 3590 4275; x_wconf 91' lang='lat' dir='ltr'>ita</span> <span class='ocrx_word' id='word_1_709' title='bbox 3640 4209 3826 4277; x_wconf 92' lang='lat' dir='ltr'>Deus</span> <span class='ocrx_word' id='word_1_710' title='bbox 3885 4212 4244 4278; x_wconf 88' lang='lat' dir='ltr'>coniunxit.</span> <span class='ocrx_word' id='word_1_711' title='bbox 4335 4213 4443 4278; x_wconf 88' lang='lat' dir='ltr'>En</span> <span class='ocrx_word' id='word_1_712' title='bbox 4489 4213 4614 4296; x_wconf 90' lang='lat' dir='ltr'>ipsi</span> 
     </span>
     <span class='ocr_line' id='line_1_103' title="bbox 2661 4295 4613 4380; baseline 0.002 -20"><span class='ocrx_word' id='word_1_713' title='bbox 2661 4295 2898 4361; x_wconf 84' lang='lat' dir='ltr'>videtis</span> <span class='ocrx_word' id='word_1_714' title='bbox 2942 4316 3138 4378; x_wconf 91' lang='lat' dir='ltr'>quam</span> <span class='ocrx_word' id='word_1_715' title='bbox 3183 4318 3314 4361; x_wconf 91' lang='lat' dir='ltr'>non</span> <span class='ocrx_word' id='word_1_716' title='bbox 3358 4304 3673 4380; x_wconf 89' lang='lat' dir='ltr'>appareat</span> <span class='ocrx_word' id='word_1_717' title='bbox 3721 4297 3929 4362; x_wconf 89' lang='lat' dir='ltr'>ullum</span> <span class='ocrx_word' id='word_1_718' title='bbox 3973 4295 4166 4363; x_wconf 90' lang='lat' dir='ltr'>hodie</span> <span class='ocrx_word' id='word_1_719' title='bbox 4208 4298 4613 4363; x_wconf 90' lang='lat' dir='ltr'>instrumen-</span> 
     </span>
     <span class='ocr_line' id='line_1_104' title="bbox 2661 4379 4611 4467; baseline 0.002 -22"><span class='ocrx_word' id='word_1_720' title='bbox 2661 4391 2802 4447; x_wconf 91' lang='lat' dir='ltr'>tum</span> <span class='ocrx_word' id='word_1_721' title='bbox 2848 4379 3058 4459; x_wconf 90' lang='lat' dir='ltr'>aliud,</span> <span class='ocrx_word' id='word_1_722' title='bbox 3115 4402 3242 4465; x_wconf 88' lang='lat' dir='ltr'>quo</span> <span class='ocrx_word' id='word_1_723' title='bbox 3285 4382 3668 4467; x_wconf 90' lang='lat' dir='ltr'>religionem</span> <span class='ocrx_word' id='word_1_724' title='bbox 3713 4393 3781 4448; x_wconf 92' lang='lat' dir='ltr'>et</span> <span class='ocrx_word' id='word_1_725' title='bbox 3819 4382 4191 4449; x_wconf 89' lang='lat' dir='ltr'>libertatem</span> <span class='ocrx_word' id='word_1_726' title='bbox 4235 4384 4420 4449; x_wconf 85' lang='lat' dir='ltr'>vobis</span> <span class='ocrx_word' id='word_1_727' title='bbox 4465 4406 4611 4450; x_wconf 91' lang='lat' dir='ltr'>con·</span> 
     </span>
     <span class='ocr_line' id='line_1_105' title="bbox 2663 4468 4612 4552; baseline 0.001 -18"><span class='ocrx_word' id='word_1_728' title='bbox 2663 4488 2929 4534; x_wconf 87' lang='lat' dir='ltr'>servare</span> <span class='ocrx_word' id='word_1_729' title='bbox 2985 4469 3310 4534; x_wconf 89' lang='lat' dir='ltr'>Dominus</span> <span class='ocrx_word' id='word_1_730' title='bbox 3367 4469 3554 4548; x_wconf 86' lang='lat' dir='ltr'>velit,</span> <span class='ocrx_word' id='word_1_731' title='bbox 3614 4490 3810 4552; x_wconf 89' lang='lat' dir='ltr'>quam</span> <span class='ocrx_word' id='word_1_732' title='bbox 3863 4469 3984 4533; x_wconf 90' lang='lat' dir='ltr'>soli</span> <span class='ocrx_word' id='word_1_733' title='bbox 4043 4469 4383 4536; x_wconf 90' lang='lat' dir='ltr'>Bernates.</span> <span class='ocrx_word' id='word_1_734' title='bbox 4476 4468 4612 4551; x_wconf 79' lang='lat' dir='ltr'>Qui</span> 
     </span>
     <span class='ocr_line' id='line_1_106' title="bbox 2665 4553 4611 4632; baseline 0.001 -14"><span class='ocrx_word' id='word_1_735' title='bbox 2665 4555 2841 4618; x_wconf 90' lang='lat' dir='ltr'>enim</span> <span class='ocrx_word' id='word_1_736' title='bbox 2890 4573 3040 4618; x_wconf 87' lang='lat' dir='ltr'>oum</span> <span class='ocrx_word' id='word_1_737' title='bbox 3081 4553 3347 4620; x_wconf 87' lang='lat' dir='ltr'>Christo</span> <span class='ocrx_word' id='word_1_738' title='bbox 3407 4577 3538 4620; x_wconf 89' lang='lat' dir='ltr'>non</span> <span class='ocrx_word' id='word_1_739' title='bbox 3597 4555 3877 4632; x_wconf 82' lang='lat' dir='ltr'>faciunt,</span> <span class='ocrx_word' id='word_1_740' title='bbox 3938 4565 4114 4620; x_wconf 85' lang='lat' dir='ltr'>certe</span> <span class='ocrx_word' id='word_1_741' title='bbox 4171 4565 4402 4622; x_wconf 90' lang='lat' dir='ltr'>contra</span> <span class='ocrx_word' id='word_1_742' title='bbox 4458 4577 4611 4621; x_wconf 90' lang='lat' dir='ltr'>eum</span> 
     </span>
     <span class='ocr_line' id='line_1_107' title="bbox 2663 4639 4612 4725; baseline 0.001 -20"><span class='ocrx_word' id='word_1_743' title='bbox 2663 4639 2932 4718; x_wconf 75' lang='lat' dir='ltr'>faciunt,</span> <span class='ocrx_word' id='word_1_744' title='bbox 2977 4660 3098 4706; x_wconf 89' lang='lat' dir='ltr'>nee</span> <span class='ocrx_word' id='word_1_745' title='bbox 3141 4648 3415 4723; x_wconf 91' lang='lat' dir='ltr'>possunt</span> <span class='ocrx_word' id='word_1_746' title='bbox 3449 4661 3583 4706; x_wconf 88' lang='lat' dir='ltr'>non</span> <span class='ocrx_word' id='word_1_747' title='bbox 3624 4661 3857 4706; x_wconf 85' lang='lat' dir='ltr'>nocere</span> <span class='ocrx_word' id='word_1_748' title='bbox 3891 4640 4064 4706; x_wconf 84' lang='lat' dir='ltr'>velle</span> <span class='ocrx_word' id='word_1_749' title='bbox 4099 4641 4252 4707; x_wconf 90' lang='lat' dir='ltr'>filiis</span> <span class='ocrx_word' id='word_1_750' title='bbox 4275 4641 4422 4719; x_wconf 90' lang='lat' dir='ltr'>Dei,</span> <span class='ocrx_word' id='word_1_751' title='bbox 4468 4643 4612 4725; x_wconf 87' lang='lat' dir='ltr'>qui-</span> 
     </span>
     <span class='ocr_line' id='line_1_108' title="bbox 2663 4725 4611 4811; baseline 0.003 -23"><span class='ocrx_word' id='word_1_752' title='bbox 2663 4746 2789 4808; x_wconf 88' lang='lat' dir='ltr'>que</span> <span class='ocrx_word' id='word_1_753' title='bbox 2833 4725 2968 4790; x_wconf 90' lang='lat' dir='ltr'>suis</span> <span class='ocrx_word' id='word_1_754' title='bbox 3014 4747 3275 4792; x_wconf 90' lang='lat' dir='ltr'>omnem</span> <span class='ocrx_word' id='word_1_755' title='bbox 3323 4726 3709 4792; x_wconf 88' lang='lat' dir='ltr'>ademerunt</span> <span class='ocrx_word' id='word_1_756' title='bbox 3754 4725 4154 4805; x_wconf 85' lang='lat' dir='ltr'>libertatem,</span> <span class='ocrx_word' id='word_1_757' title='bbox 4211 4749 4406 4811; x_wconf 91' lang='lat' dir='ltr'>quam</span> <span class='ocrx_word' id='word_1_758' title='bbox 4457 4731 4611 4793; x_wconf 85' lang='lat' dir='ltr'>&#39;tue-</span> 
     </span>
     <span class='ocr_line' id='line_1_109' title="bbox 2663 4809 4608 4892; baseline 0.003 -18"><span class='ocrx_word' id='word_1_759' title='bbox 2663 4821 2892 4874; x_wconf 90' lang='lat' dir='ltr'>rentur</span> <span class='ocrx_word' id='word_1_760' title='bbox 2935 4810 3166 4877; x_wconf 83' lang='lat' dir='ltr'>vobis?</span> <span class='ocrx_word' id='word_1_761' title='bbox 3258 4809 3587 4892; x_wconf 79' lang='lat' dir='ltr'>Quoniam</span> <span class='ocrx_word' id='word_1_762' title='bbox 3633 4833 3789 4877; x_wconf 84' lang='lat' dir='ltr'>vero</span> <span class='ocrx_word' id='word_1_763' title='bbox 3845 4813 4195 4877; x_wconf 89' lang='lat' dir='ltr'>innumera</span> <span class='ocrx_word' id='word_1_764' title='bbox 4235 4813 4412 4879; x_wconf 90' lang='lat' dir='ltr'>mala</span> <span class='ocrx_word' id='word_1_765' title='bbox 4455 4813 4608 4879; x_wconf 89' lang='lat' dir='ltr'>inde</span> 
     </span>
     <span class='ocr_line' id='line_1_110' title="bbox 2661 4896 4608 4981; baseline 0.002 -20"><span class='ocrx_word' id='word_1_766' title='bbox 2661 4896 2977 4961; x_wconf 87' lang='lat' dir='ltr'>exsistere</span> <span class='ocrx_word' id='word_1_767' title='bbox 3013 4907 3304 4981; x_wconf 88' lang='lat' dir='ltr'>possunt,</span> <span class='ocrx_word' id='word_1_768' title='bbox 3351 4897 3408 4961; x_wconf 93' lang='lat' dir='ltr'>si</span> <span class='ocrx_word' id='word_1_769' title='bbox 3445 4919 3485 4962; x_wconf 92' lang='lat' dir='ltr'>a</span> <span class='ocrx_word' id='word_1_770' title='bbox 3519 4898 3824 4962; x_wconf 90' lang='lat' dir='ltr'>societate</span> <span class='ocrx_word' id='word_1_771' title='bbox 3860 4899 4202 4964; x_wconf 92' lang='lat' dir='ltr'>resiliretis</span> <span class='ocrx_word' id='word_1_772' title='bbox 4222 4900 4608 4978; x_wconf 84' lang='lat' dir='ltr'>Bernatum,</span> 
     </span>
     <span class='ocr_line' id='line_1_111' title="bbox 2659 4982 4525 5070; baseline 0.002 -24"><span class='ocrx_word' id='word_1_773' title='bbox 2659 4990 2883 5046; x_wconf 82' lang='lat' dir='ltr'>vestra</span> <span class='ocrx_word' id='word_1_774' title='bbox 2946 4983 3239 5066; x_wconf 91' lang='lat' dir='ltr'>ipsorum</span> <span class='ocrx_word' id='word_1_775' title='bbox 3313 4982 3667 5066; x_wconf 87' lang='lat' dir='ltr'>prudentia</span> <span class='ocrx_word' id='word_1_776' title='bbox 3730 4984 3917 5050; x_wconf 85' lang='lat' dir='ltr'>facile</span> <span class='ocrx_word' id='word_1_777' title='bbox 3991 4985 4317 5070; x_wconf 88' lang='lat' dir='ltr'>perspicit.</span> <span class='ocrx_word' id='word_1_778' title='bbox 4428 4986 4525 5050; x_wconf 84' lang='lat' dir='ltr'>Er</span> 
     </span>
    </p>

    <p class='ocr_par' dir='ltr' id='par_1_9' title="bbox 2658 5068 4611 5241">
     <span class='ocr_line' id='line_1_112' title="bbox 2658 5068 4610 5153; baseline 0.002 -21"><span class='ocrx_word' id='word_1_779' title='bbox 2658 5068 2833 5134; x_wconf 86' lang='lat' dir='ltr'>unde</span> <span class='ocrx_word' id='word_1_780' title='bbox 2879 5069 3201 5135; x_wconf 91' lang='lat' dir='ltr'>Dominus</span> <span class='ocrx_word' id='word_1_781' title='bbox 3257 5078 3321 5134; x_wconf 89' lang='lat' dir='ltr'>et</span> <span class='ocrx_word' id='word_1_782' title='bbox 3365 5069 3692 5152; x_wconf 91' lang='lat' dir='ltr'>praestitit</span> <span class='ocrx_word' id='word_1_783' title='bbox 3745 5080 3813 5135; x_wconf 91' lang='lat' dir='ltr'>et</span> <span class='ocrx_word' id='word_1_784' title='bbox 3854 5070 4279 5153; x_wconf 88' lang='lat' dir='ltr'>praestandas</span> <span class='ocrx_word' id='word_1_785' title='bbox 4323 5079 4511 5136; x_wconf 89' lang='lat' dir='ltr'>osten</span> <span class='ocrx_word' id='word_1_786' title='bbox 4556 5073 4610 5136; x_wconf 83' lang='lat' dir='ltr'>it</span> 
     </span>
     <span class='ocr_line' id='line_1_113' title="bbox 2659 5155 4611 5241; baseline 0.002 -21"><span class='ocrx_word' id='word_1_787' title='bbox 2659 5176 2849 5220; x_wconf 91' lang='lat' dir='ltr'>suam</span> <span class='ocrx_word' id='word_1_788' title='bbox 2903 5175 3091 5237; x_wconf 92' lang='lat' dir='ltr'>opem</span> <span class='ocrx_word' id='word_1_789' title='bbox 3147 5165 3214 5219; x_wconf 89' lang='lat' dir='ltr'>et</span> <span class='ocrx_word' id='word_1_790' title='bbox 3272 5174 3564 5220; x_wconf 85' lang='lat' dir='ltr'>summas</span> <span class='ocrx_word' id='word_1_791' title='bbox 3623 5155 3966 5235; x_wconf 87' lang='lat' dir='ltr'>utilitates,</span> <span class='ocrx_word' id='word_1_792' title='bbox 4026 5177 4103 5222; x_wconf 89' lang='lat' dir='ltr'>eo</span> <span class='ocrx_word' id='word_1_793' title='bbox 4159 5166 4296 5223; x_wconf 91' lang='lat' dir='ltr'>toto</span> <span class='ocrx_word' id='word_1_794' title='bbox 4344 5167 4611 5241; x_wconf 74' lang='lat' dir='ltr'>pectore</span> 
     </span>
    </p>
   </div>
   <div class='ocr_carea' id='block_1_9' title="bbox 2825 5278 2974 5286">
    <p class='ocr_par' dir='ltr' id='par_1_10' title="bbox 2825 5278 2974 5286">
     <span class='ocr_line' id='line_1_114' title="bbox 2825 5278 2974 5286; baseline -0.007 0"><span class='ocrx_word' id='word_1_795' title='bbox 2825 5278 2974 5286; x_wconf 76' lang='lat'>——-—-—</span> 
     </span>
    </p>
   </div>
   <div class='ocr_carea' id='block_1_10' title="bbox 2865 5281 3199 5413">
    <p class='ocr_par' dir='ltr' id='par_1_11' title="bbox 2865 5281 3199 5413">
     <span class='ocr_line' id='line_1_115' title="bbox 2865 5281 3199 5413; baseline 0.003 -17"><span class='ocrx_word' id='word_1_796' title='bbox 2865 5343 2924 5408; x_wconf 81' lang='lat'>7)</span> <span class='ocrx_word' id='word_1_797' title='bbox 2958 5281 3104 5413; x_wconf 59' lang='lat' dir='ltr'>leae.-</span> <span class='ocrx_word' id='word_1_798' title='bbox 3136 5344 3199 5398; x_wconf 83' lang='lat' dir='ltr'>si.</span> 
     </span>
    </p>
   </div>
  </div>
 </body>
</html>
