5050 6167
609 396 693 458 4⁷

608 586 805 658 eeret,
850 600 1054 663 quum
1094 580 1401 646 iuvenem
1434 599 1629 662 quem
1663 586 1740 644 ut
1772 579 2055 643 tironem
2090 584 2368 661 reputat,
2410 578 2561 642 vix-

609 686 737 750 que
779 664 1181 732 censendum
1226 665 1297 730 in
1340 685 1619 730 numero
1654 664 1739 730 ali
1787 685 1869 730 uo
1915 671 2269 747 pastorum,
2313 664 2406 728 ita
2440 684 2559 728 suo

610 752 912 835 exemplo
954 752 1220 830 formet,
1277 772 1356 815 ea
1408 750 1728 815 admitten
1777 771 1816 815 o
1874 771 2040 833 quae
2083 749 2265 815 nulla
2306 749 2559 813 ratione

608 838 681 903 in
721 837 959 903 iuvene
1010 845 1230 902 essent
1288 834 1571 902 ferenda.
1662 834 1738 902 Si
1783 835 2092 901 Christus
2150 844 2217 900 et
2275 834 2558 917 apostoli

609 924 704 989 ita
746 942 899 988 cum
941 922 1339 1000 PharisaeiS,
1385 921 1616 989 scribis
1651 931 1720 987 et
1760 921 1909 986 aliis
1953 920 2346 987 adversariis
2383 920 2556 1004 egis·

608 1018 776 1087 sent,
834 1030 918 1074 an
962 1010 1056 1073 ita
1114 1008 1524 1091 plantassent
1567 1006 2031 1090 evangelium?
2100 1005 2257 1088 quid
2315 1005 2556 1072 dicturi

608 1101 829 1160 essent
886 1093 967 1159 de
1012 1094 1200 1160 nobis
1255 1093 1579 1178 evangelii
1639 1093 1860 1158 hostes
1918 1103 1985 1155 et
2043 1089 2432 1168 adversarii,
2496 1091 2555 1157 si

608 1202 728 1246 nos
772 1180 865 1245 ita
907 1180 1434 1246 satisfaceremus
1478 1199 1704 1244 eorum
1748 1177 2149 1243 rationibus?
2211 1198 2370 1241 num
2416 1185 2554 1241 tam

607 1265 956 1349 impudens
1008 1274 1181 1330 esset
1250 1263 1425 1348 quod
1480 1284 1702 1329 coram
1768 1264 1952 1346 plebe
2017 1271 2237 1345 empta
2302 1262 2555 1328 Christi

608 1352 947 1434 sanguine,
994 1372 1158 1434 quae
1202 1352 1509 1417 convenit
1541 1360 1621 1414 ut
1654 1349 1979 1433 intelligat
2020 1346 2179 1432 quid
2222 1349 2403 1432 sequi
2440 1347 2553 1413 de·

608 1438 790 1515 beat,
851 1459 979 1502 non
1033 1437 1267 1502 rubore
1312 1434 1802 1501 suffunderetur
1846 1436 1936 1499 ita
1978 1435 2209 1500 insane
2252 1433 2550 1518 agendo?

607 1524 700 1589 Et
742 1544 902 1589 sane
938 1522 1223 1587 hominis
1257 1522 1614 1587 amentiam
1651 1531 1787 1586 tam
1822 1529 2126 1603 potenter
2161 1521 2551 1602 compescui,

607 1618 682 1674 ut
721 1610 877 1692 ipse,
923 1609 1223 1692 quamvis
1279 1619 1578 1674 assuetus
1631 1607 1999 1672 meretricia
2054 1607 2271 1671 fronte
2327 1605 2554 1670 omnia

606 1716 802 1779 agere
828 1701 896 1759 et
920 1696 1074 1778 pati,
1114 1703 1294 1760 totus
1325 1691 1700 1777 pudefieret,
1725 1714 1846 1758 nec
1876 1703 2097 1775 postea
2123 1713 2323 1757 ausus
2356 1692 2554 1756 fuerit

608 1787 742 1846 tam
767 1788 1016 1844 temere
1037 1781 1212 1845 ferri.
1262 1778 1456 1859 Quod
1481 1789 1612 1843 tam
1631 1778 2049 1861 impudenter
2070 1779 2391 1841 mentitur
2413 1777 2553 1842 suis

604 1887 739 1933 non
782 1867 980 1932 fuisse
1023 1865 1431 1931 satisfactum
1475 1864 1864 1941 rationibus,
1922 1862 2029 1930 vel
2072 1883 2275 1928 unam
2318 1863 2554 1927 afferat

607 1953 716 2019 eui
760 1973 893 2017 non
934 1953 1136 2016 fuerit
1177 1951 1324 2033 plus
1382 1950 1543 2016 satis
1586 1970 1990 2032 responsum.
2080 1948 2144 2013 N
2146 1948 2249 2013 olo
2297 1949 2403 2014 hic
2446 1950 2551 2013 in·

604 2038 928 2123 terrogari
981 2057 1094 2102 eos
1149 2036 1265 2120 qui
1313 2057 1447 2101 non
1502 2037 1765 2101 fuerant
1818 2035 2003 2100 nobis
2046 2035 2253 2117 aperti
2310 2034 2549 2110 hostes,

604 2144 725 2191 nee
766 2144 1000 2191 causae
1042 2123 1396 2206 aequiores,
1438 2119 1555 2188 sed
1595 2121 2030 2186 iuratissimos
2072 2120 2293 2186 hostes
2335 2127 2420 2184 e'x
2456 2120 2551 2184 fa-

603 2210 790 2276 milia
829 2208 1132 2292 episeopi,
1177 2209 1287 2290 qui
1331 2229 1532 2291 quum
1576 2227 1920 2290 nunquam
1964 2215 2161 2270 antea
2204 2227 2321 2271 nos
2365 2203 2550 2270 audi-

605 2296 888 2374 vissent,
960 2301 1029 2361 et
1093 2303 1436 2378 sperarent
1496 2291 1790 2358 Cordum
1865 2291 2425 2373 triumphaturum
2478 2292 2549 2355 in

602 2380 864 2448 tuendis
927 2381 1130 2447 sacris
1278 2379 1544 2444 ntifieiis
1600 2399 1765 2461 quae
1831 2376 2244 2444 divinissima
2296 2385 2554 2460 reputa-

602 2469 795 2534 bant:
844 2488 1047 2549 quum
1091 2486 1176 2530 au
1224 2466 1397 2529 irent
1438 2486 1587 2544 nos,
1644 2463 1806 2529 tacti
1847 2464 2046 2541 fuere,
2102 2462 2550 2547 intelligentes

604 2554 893 2619 humana
935 2563 1003 2616 et
1052 2552 1256 2633 impia
1309 2571 1452 2615 esse
1510 2570 1677 2633 quae
1730 2549 1955 2614 divina
2009 2549 2551 2631 sanctissimaque

604 2637 1107 2706 arbitrabantur.
1198 2638 1287 2701 Et
1328 2656 1533 2719 quum
1592 2634 1793 2701 vellet
1835 2654 1988 2699 suas
2037 2635 2549 2719 significationes

602 2725 674 2790 in
707 2724 1016 2802 vestibus,
1062 2733 1131 2788 et
1164 2723 1382 2788 nescio
1418 2720 1747 2805 quandam
1783 2720 2270 2787 observantiam
2307 2741 2549 2803 augus-

602 2810 837 2876 tiorem
880 2809 952 2874 in
996 2809 1223 2891 lingua
1262 2808 1609 2892 peregrina
1661 2817 1729 2870 et
1784 2807 1920 2871 suis
1972 2827 2013 2870 a
2065 2805 2335 2889 magicis
2378 2804 2550 2870 nihil

601 2894 1051 2964 evariantibus
1117 2894 1325 2977 signis
1388 2902 1455 2957 et
1516 2892 1908 2970 actionibus,
1975 2899 2042 2956 et
2103 2892 2248 2957 aliis
2313 2890 2549 2974 quibus

598 3002 802 3050 coena
844 2980 1115 3046 Domini
1156 2999 1425 3061 prorsus
1477 2977 1736 3044 sublata
1776 2977 1902 3042 fuit
1941 2985 2008 3042 et
2049 2975 2395 3043 obscurata
2433 2975 2548 3042 ob-

602 3067 886 3134 trudere:
977 3087 1095 3132 nos
1160 3071 1389 3132 eontra
1449 3062 1973 3147 proponebamus
2027 3062 2368 3129 Christum
2433 3064 2546 3146 qui

598 3153 832 3237 purius
905 3151 1152 3228 docuit,
1217 3156 1470 3234 patrem
1536 3171 1771 3233 nempe
1835 3148 2069 3232 spiritu
2134 3157 2204 3215 et
2266 3148 2547 3214 veritate

600 3239 875 3306 sublatis
917 3235 1167 3303 umbris
1211 3235 1646 3302 adorandum:
1714 3243 1793 3300 ut
1832 3234 1967 3299 iam
2009 3255 2143 3299 non
2185 3234 2275 3301 sit
2315 3242 2545 3317 peten-

598 3324 724 3391 dus
767 3343 957 3389 mons
993 3343 1201 3404 neque
1234 3321 1658 3405 lerosolyma.
1727 3319 2079 3403 Quumque
2121 3326 2390 3387 sanctus
2425 3341 2546 3386 rex

599 3409 917 3476 Ezechias
960 3417 1331 3492 serpentem
1365 3428 1641 3472 aeneum
1674 3407 1854 3472 iussu
1878 3404 2148 3472 Domini
2190 3407 2546 3472 conflatum

598 3505 668 3562 et
707 3503 1019 3573 erectum,
1062 3494 1136 3558 in
1170 3514 1297 3577 quo
1341 3494 1529 3558 Deus
1572 3492 2175 3575 praesentissimam
2228 3492 2543 3559 virtutem

598 3603 791 3649 suam
832 3581 1145 3657 exseruit,
1188 3579 1459 3659 sanatis,
1507 3578 1665 3644 dum
1708 3579 2113 3661 inspicerent
2153 3588 2542 3661 serpentem,

596 3668 793 3734 laesis
848 3689 889 3732 a
941 3666 1381 3749 serpentibus:
1450 3664 1637 3731 cuius
1702 3664 1998 3730 beneficii
2054 3673 2349 3729 servatos
2406 3684 2543 3728 ser-

597 3775 762 3838 pens
805 3750 1212 3827 admonebat,
1255 3763 1323 3816 et
1363 3750 1544 3815 aliud
1587 3751 1782 3834 longe
1815 3751 2031 3815 maius
2073 3749 2542 3833 praesagiebat,

597 3859 731 3905 non
776 3839 999 3904 fictum
1059 3837 1348 3902 humano
1390 3845 1785 3913 comment0,
1843 3836 1958 3901 sed
2014 3833 2186 3919 quod
2239 3833 2545 3901 Christus

598 3924 936 4001 revelavit,
980 3944 1216 4005 nempe
1260 3922 1484 3988 Iesum
1526 3922 1745 4006 ipsum
1793 3922 1889 3986 ita
1929 3919 2357 3986 exaltandum
2399 3941 2544 3987 esse

597 4020 665 4078 et
705 4009 988 4075 salutem
1032 4007 1368 4073 daturum:
1424 4008 1586 4075 haee
1623 4007 1844 4073 omnia
1885 4028 2088 4091 quum
2131 4005 2358 4073 divina
2398 4007 2542 4071 fue-

596 4097 748 4176 rint,
793 4116 915 4162 nee
954 4094 1247 4179 fugerint
1298 4101 1597 4160 sanetum
1640 4114 1892 4178 regem,
1952 4115 2083 4158 non
2127 4100 2350 4157 tamen
2392 4092 2541 4158 ideo

596 4182 851 4250 censuit
905 4194 1163 4246 tantum
1219 4179 1725 4246 incumbendum
1783 4186 1859 4243 ut
1913 4177 2256 4244 tolleretur
2312 4199 2540 4261 super·

596 4269 796 4345 stitio,
831 4267 1002 4350 quod
1038 4287 1231 4351 aegre
1268 4266 1514 4333 sciebat
1546 4286 1616 4331 se
1647 4265 2167 4347 impetraturum,
2204 4263 2320 4328 sed
2398 4285 2538 4329 ror-

596 4375 711 4422 sus
764 4362 1136 4436 serpentem
1192 4352 1628 4436 ignominiose
1682 4350 1873 4416 iussit
1924 4349 2341 4415 eomminuen
2386 4372 2533 4416 um:

596 4438 753 4524 quid
804 4437 1185 4505 christianis
1241 4437 1514 4503 ducibus
1571 4445 1639 4501 et
1694 4435 2188 4519 magistratibus
2246 4456 2378 4500 non
2437 4444 2538 4500 est

594 4523 965 4596 faciendum
1023 4525 1090 4588 in
1142 4525 1225 4590 iis
1319 4544 1555 4588 uorum
1606 4521 1981 4605 superstitio
2034 4533 2100 4586 et
2142 4522 2359 4587 cultus
2402 4541 2537 4587 om-

596 4632 749 4678 nem
806 4609 1237 4676 idololatriam
1276 4545 1675 4674 ‘ludworum
1732 4606 2039 4690 superat?
2107 4606 2175 4671 in
2230 4607 2311 4673 iis
2369 4627 2536 4690 quae

596 4697 893 4762 homines
934 4695 1106 4760 male
1147 4695 1361 4760 feriati
1411 4701 1784 4771 erexerunt,
1828 4694 2063 4775 quibus
2106 4693 2532 4778 significatio-

593 4803 715 4848 nes
759 4802 845 4847 ex
888 4781 1158 4846 arbitrio
1213 4779 1629 4857 addiderunt,
1686 4800 1857 4845 unus
1900 4779 2024 4855 sie,
2085 4778 2253 4845 alter
2296 4777 2532 4844 aliter?

596 4867 729 4935 Ubi
772 4867 1088 4932 habemus
1131 4887 1372 4949 purum
1416 4864 1668 4930 Christi
1708 4864 2109 4942 institutum,
2169 4886 2363 4948 quem
2409 4864 2533 4930 sci-

595 4974 745 5019 mus
823 4953 1114 5018 omnium
1191 4951 1746 5035 sapientissimum
1825 4960 1893 5016 et
1967 4949 2534 5016 considerantissi-

595 5059 812 5105 mum:
871 5057 993 5103 nec
1045 5037 1416 5104 dubitamus
1470 5036 1751 5102 fideliter
1805 5037 2005 5101 fuisse
2070 5036 2433 5118 conscripta
2494 5056 2535 5099 a

594 5124 801 5191 sacris
843 5123 1268 5206 scriptoribus
1301 5124 1611 5207 apostolis
1654 5129 1722 5188 et
1755 5142 1923 5189 evan
1972 5121 2195 5199 elistis,
2282 5141 2401 5186 uae
2436 5120 2532 5185 fa-

594 5211 782 5278 ciunt
818 5208 901 5274 ad
944 5230 1100 5275 rem.
1190 5209 1320 5276 Hie
1375 5209 1620 5276 scilicet
1670 5209 1884 5291 potuit
1987 5207 2001 5220 '
2118 5228 2189 5272 re
2237 5142 2552 5273 Carolus!

594 5297 711 5380 qui
752 5317 839 5362 ex
878 5295 962 5362 iis
1002 5315 1169 5378 quae
1211 5295 1419 5363 sensit
1460 5296 1531 5361 in
1573 5315 1644 5361 se
1688 5293 2019 5370 Genevae,
2064 5299 2384 5375 quantum
2417 5311 2533 5374 po·

2157 387 2684 455 EPISTOLAE
2729 391 3064 454 220—221

4536 396 4621 460 48

2666 585 2882 642 terant
2924 597 3285 655 occurrere,
3334 577 3492 642 dum
3528 578 3795 646 videbat
3828 581 4046 648 locum
4089 601 4232 648 esse
4273 582 4347 646 in
4392 580 4620 664 dispu-

2666 663 2909 728 tatione
2953 664 3486 746 Lausannensi5)
3546 664 3888 745 utebatur,
3942 676 4018 733 ιιι
4074 688 4195 733 nos
4239 675 4620 733 anteverte—

2664 758 2789 813 ret:
2868 748 3042 831 quod
3107 770 3266 814 sane
3325 749 3510 815 nobis
3568 771 3700 815 non
3770 762 3915 818 erat
3985 755 4338 836 ingratum.
4441 753 4616 819 Nam

2663 833 2820 916 quid
2871 834 3094 899 attulit
3138 835 3538 901 Lausannae
3597 836 3768 918 quod
3814 846 4045 903 contra
4088 859 4240 902 eum
4301 837 4615 905 Genevae

2662 940 2792 984 non
2838 920 3034 984 fuerit
3079 920 3357 999 dietum,
3419 935 3678 1002 praeter
3724 944 3930 988 unam
3983 924 4065 988 de
4121 924 4616 989 transsubstan-

2664 1004 2955 1082 tiatione,
3002 1026 3199 1089 quam
3246 1016 3511 1082 vocant,
3571 1007 4073 1075 deductionem?
4137 1030 4335 1091 quam
4379 1008 4613 1076 dextre

2661 1090 2989 1168 tractavit,
3036 1102 3112 1156 ut
3154 1091 3285 1157 alia
3329 1114 3456 1157 non
3506 1114 3776 1176 prorsus
3818 1095 4057 1178 inepte.
4149 1092 4343 1176 Quod
4385 1096 4614 1161 scribit

2659 1197 2729 1242 se
2785 1174 3192 1241 admonitum
3263 1199 3346 1242 ne
3415 1187 3552 1243 tam
3615 1181 3906 1262 praecise
3960 1182 4298 1247 nobiscum
4365 1193 4608 1265 ageret,

2659 1261 2907 1327 scilieet
2967 1261 3235 1328 Carolus
3301 1276 3444 1328 erat
3499 1286 3693 1346 quem
3751 1266 4173 1332 timeremus?
4243 1277 4312 1331 et
4374 1267 4610 1350 aliquis

2658 1346 3004 1429 aliquando
3047 1357 3263 1414 metus
3307 1370 3428 1413 nos
3473 1351 3685 1415 tenuit
3738 1373 3820 1416 ne
3866 1352 4324 1418 vinceremur?
4417 1353 4610 1418 Basi-

2657 1432 2815 1511 leae,
2839 1434 2894 1506 ⁶)
2932 1433 3046 1498 ubi
3089 1443 3233 1498 erat
3275 1434 3608 1513 Erasmus,
3655 1435 3886 1518 Berua,
3927 1438 4257 1517 Ζὲοανᾱιιε,
4306 1436 4610 1503 Gontian-

2657 1518 2800 1583 cula
2844 1519 3162 1602 (theologi
3205 1520 3301 1584 illi
3347 1534 3423 1585 ut
3467 1521 3537 1585 hi
3578 1523 3984 1608 iurisperiti),
4030 1525 4104 1588 in
4147 1543 4418 1589 arenam
4461 1523 4609 1589 des-

2658 1602 3017 1681 cendimus,
3059 1616 3128 1669 et
3162 1606 3599 1672 sustinuimus
3635 1620 4028 1691 argumenta
4059 1630 4194 1676 non
4240 1608 4413 1674 levia
4457 1630 4608 1675 nos-

2658 1700 2939 1767 trorum,
2996 1699 3076 1755 ut
3135 1690 3630 1774 Ooeolampadii,
3691 1693 4029 1760 Pellicani:
4093 1695 4208 1761 sed
4266 1695 4608 1776 scripturis

2658 1776 2750 1838 ita
2792 1784 2982 1840 erant
3025 1777 3341 1854 roborata,
3401 1787 3477 1842 ut
3519 1800 3604 1844 ne
3647 1781 3992 1844 minimum
4037 1779 4302 1863 quidem
4341 1780 4607 1846 convel-

2654 1860 2791 1926 lere
2846 1862 3195 1943 potuerint.
3287 1861 3423 1929 Sed
3477 1865 3623 1945 quis
3675 1875 3890 1930 metus
3946 1875 4161 1948 potest
4215 1878 4439 1931 tenere
4497 1871 4607 1931 eos'

2701 1947 2768 2011 ui
2813 1947 2977 2012 certi
3020 1957 3192 2026 sunt,
3238 1947 3395 2013 dum
3435 1959 3612 2014 stant
3654 1971 3775 2033 pro
3820 1953 4116 2029 veritate,
4160 1973 4246 2017 ex
4290 1952 4607 2035 promisso

2726 2031 2804 2108 ei,
2851 2053 2922 2096 se
2967 2033 3306 2099 habituros
3365 2056 3437 2101 os
3486 2045 3552 2100 et
3605 2037 3997 2118 sapientiam
4053 2039 4160 2104 cui
4217 2058 4445 2103 omnes
4489 2038 4605 2103 ad·

2657 2118 2936 2183 versarii
2982 2140 3113 2183 non
3158 2121 3409 2201 possint
3446 2122 3790 2187 resistere?
3839 2133 3907 2187 et
3942 2123 4054 2205 qui
4096 2145 4225 2188 non
4273 2124 4608 2206 propriam

2655 2202 2932 2287 gloriam
2988 2225 3200 2285 neque
3264 2213 3341 2269 ut
3405 2208 3672 2271 vineant
3734 2220 4080 2290 quaerunt,
4146 2209 4262 2274 sed
4326 2209 4606 2292 gloriam

2659 2288 2802 2366 Dei,
2850 2305 2914 2354 et
2958 2301 3030 2353 ut
3077 2289 3384 2356 Christus
3428 2301 3494 2355 et
3539 2294 3781 2359 veritas
3824 2295 4074 2372 vincat,
4131 2303 4200 2360 et
4241 2295 4309 2359 id
4368 2304 4607 2378 petunt

2654 2375 2725 2438 in
2771 2375 3048 2457 privatis
3092 2385 3162 2440 et
3216 2376 3494 2460 publicis
3539 2379 3880 2461 precibus?
3970 2382 4064 2446 At
4107 2381 4292 2447 novit
4339 2381 4607 2447 Carolus

2654 2480 2773 2524 nos
2817 2459 3152 2526 ardentius
3193 2473 3488 2544 precatos
3523 2486 3681 2542 esse,
3721 2474 3790 2530 et
3832 2486 4059 2531 omnes
4104 2467 4187 2531 ad
4230 2487 4455 2548 preces
4500 2467 4604 2533 in-

2655 2546 2918 2611 vitasse.
3009 2545 3087 2612 Si
3129 2549 3275 2630 quis
3331 2548 3497 2613 forte
3553 2550 3742 2617 nobis
3794 2552 4065 2630 timens,
4126 2560 4200 2616 ut
4249 2552 4408 2617 olim
4448 2574 4602 2618 con-

2654 2631 2832 2715 tigit,
2899 2632 3013 2697 ubi
3065 2634 3350 2714 primum
3409 2634 3683 2699 vocabar
3736 2636 3818 2701 ad
3921 2636 4403 2716 raedieandum,
4426 2642 4480 2714 ⁷)
4536 2647 4606 2703 et

2652 2718 3092 2783 accurrissent
3141 2718 3345 2801 aliqui
3401 2722 3629 2804 magni
3681 2733 3758 2786 ut
3801 2723 3864 2787 vi
3912 2723 4220 2802 ebantur,
4276 2745 4397 2808 ego
4442 2744 4601 2790 vero

2651 2802 2873 2868 nullus
2917 2802 3187 2868 videbar
3211 2807 3315 2888 (ut
3348 2827 3504 2872 vere
3541 2827 3625 2871 ex
3655 2828 3761 2872 me
3796 2819 3992 2885 sum),
4041 2808 4374 2875 dicebant:
4420 2806 4603 2891 Quid

2651 2889 2846 2954 faciet
2887 2888 2996 2955 hic
3039 2889 3280 2955 miser?
3328 2892 3586 2957 utinam
3631 2915 3966 2976 nunquam
4002 2895 4295 2960 venisset
4328 2917 4449 2962 nec
4483 2916 4601 2961 vo·

2651 2983 2836 3040 catus
2881 2976 3138 3041 fuisset:
3186 2998 3319 3041 non
3359 2979 3604 3060 poterit
3647 2978 4021 3060 subsistere,
4066 2988 4134 3044 et
4175 3001 4402 3047 omnes
4446 3002 4601 3048 con-

2648 3059 3002 3126 fundemur
3044 3083 3193 3129 cum
3238 3084 3331 3128 eo.
3400 3061 3537 3130 Sed
3578 3065 3691 3130 ubi
3726 3065 3961 3131 collata
3992 3068 4267 3132 fuerunt
4306 3067 4517 3152 signa,
4534 3068 4597 3148 8)

2650 3153 2717 3211 et
2760 3145 2936 3212 ultro
2957 3146 3351 3214 adversariis
3393 3169 3471 3214 ea
3512 3171 3678 3233 quae
3722 3150 4103 3218 volebamus
4145 3153 4315 3218 tueri
4359 3174 4597 3237 propo-

2650 3241 2880 3298 nentes
2943 3233 3013 3298 in
3068 3255 3335 3299 arenam
3390 3234 3839 3302 adversarium
3902 3258 4435 3321 provocaremus:
4503 3239 4598 3305 ibi

2647 3318 2707 3381 is
2754 3338 2950 3401 quem
3002 3327 3340 3402 tantopere
3393 3321 3696 3389 nonnulli
3762 3323 4228 3402 formidabant,
4297 3323 4466 3390 dixit
4523 3346 4596 3391 se

2649 3404 2823 3469 nolle
2866 3402 3214 3487 disputare,
3259 3427 3471 3489 neque
3513 3405 3788 3492 dignum
3822 3429 3963 3475 esse
4006 3411 4118 3493 qui
4160 3409 4402 3476 librum
4447 3416 4597 3494 post

2648 3510 2755 3555 me
2806 3490 2992 3555 ferat.
3095 3489 3172 3556 Si
3230 3491 3324 3557 ita
3378 3492 3626 3559 dictum
3683 3494 3884 3559 fuerit
3930 3493 4181 3575 Garolo,
4239 3515 4373 3562 non
4429 3498 4594 3563 satis

2648 3575 2832 3641 novi:
2878 3576 2994 3642 sed
3038 3575 3211 3659 quod
3266 3598 3389 3662 ego
3445 3600 3654 3661 neque
3715 3580 3962 3646 Viretus
4016 3603 4303 3664 uuquam
4346 3582 4593 3666 cogita-

2648 3662 2956 3739 verimus,
2997 3661 3123 3728 hoe
3164 3683 3513 3745 possumus
3564 3675 3740 3730 certo
3792 3667 4149 3732 affirmare:
4211 3689 4418 3750 neque
4474 3689 4593 3733 vo-

2647 3747 2889 3812 luimus
2940 3768 3091 3812 eum
3158 3748 3408 3832 aliquid
3474 3752 3776 3816 omittere
3829 3772 4058 3817 eorum
4122 3773 4288 3835 quae
4354 3752 4595 3820 adduci

2646 3842 2948 3917 possunt,
3005 3834 3138 3897 imo
3184 3835 3433 3917 potius,
3494 3845 3568 3900 ιιι
3622 3836 3791 3915 dixi,
3851 3837 4108 3920 lapsum
4163 3840 4481 3905 memoria
4522 3848 4592 3905 et

2647 3941 2781 3984 non
2837 3921 3000 3984 satis
3057 3928 3392 3985 tenentem
3451 3942 3619 4004 quae
3677 3922 3950 3988 dicenda
4005 3935 4229 4002 erant,
4296 3936 4363 3991 et
4414 3925 4591 3992 unde

2645 4006 2964 4088 coepisset
3005 4006 3395 4084 orationem,
3455 4007 3715 4090 saepius
3767 4010 3838 4073 in
3882 4009 4060 4074 viam
4105 4008 4593 4077 reducebamus.

2644 4089 2825 4172 Quid
2889 4093 3163 4156 tentarit
3226 4092 3346 4157 sub
3413 4095 3609 4158 finem
3669 4093 4160 4178 disputationis,
4225 4117 4451 4178 quam,
4519 4106 4595 4163 ιιι

2646 4176 2971 4255 diximus,
3033 4197 3151 4259 per
3194 4176 3605 4244 Bernardum
3649 4180 4181 4263 impetravimus,
4229 4203 4360 4247 non
4405 4203 4591 4266 pror·

2643 4283 2756 4328 sus
2798 4262 3199 4346 ignoramus,
3222 4263 3279 4349 ⁹)
3325 4262 3438 4329 sed
3471 4285 3592 4347 per
3626 4264 3988 4331 Dominum
4031 4268 4336 4333 effectum
4380 4280 4482 4335 est
4516 4276 4595 4335 ut

2844 4482 2907 4545 5)
2947 4483 3044 4536 Εα
3077 4483 3192 4537 scil.
3403 4500 3584 4539 menoe
3616 4484 3844 4539 Octobr-e
3878 4485 4013 4539 1536
4046 4486 4241 4541 habita
4274 4492 4372 4556 est,
4408 4494 4461 4545 et
4493 4489 4594 4545 ubo·

2649 4551 2884 4606 Carolus
2915 4551 2983 4605 de
3015 4557 3176 4606 trasna
3280 4554 3638 4609 stamiatione
3670 4554 3840 4608 verba
3870 4553 4002 4621 fecit
4024 4553 4276 4624 (Ructat
4315 4557 4426 4612 11⁷.
4444 4558 4590 4626 326).

2784 4689 2796 4702 ,
2848 4620 2904 4687 e)
2944 4620 3235 4702 Pertimnt·
3263 4623 3399 4677 haec
3442 4624 3520 4677 aa
3552 4640 3624 4678 m.
3661 4623 3829 4677 Febr.
3869 4624 4024 4693 1524,
4062 4641 4232 4693 qaum
4266 4596 4528 4683 &areum
4561 4643 4592 4684 ο

2644 4688 2835 4743 Gallu:
2865 4689 3139 4757 protam
3173 4691 3607 4758 amputationem
3640 4691 3838 4746 habuit
3870 4699 4151 4748 annuente
4186 4702 4386 4751 senatu
4439 4697 4589 4752 invi-

2639 4758 2714 4812 tis
2745 4758 3132 4839 mom-sitatis
3173 4759 3606 4827 professoribus,
3657 4762 3894 4815 maxiano
3941 4763 4013 4817 L.
4058 4763 4268 4819 Baen'o
4279 4805 4299 4833 ,
4353 4736 4590 4821 &menti

2640 4841 2835 4950 ιὸηιωιὲἵ.
2859 4827 3148 4962 laggai&
3184 4828 3237 4881 Ι.
3279 4829 3375 4882 193
3409 4844 3488 4897 sq.
3524 4828 3646 4883 202.
3726 4829 3962 4886 Kirchh.
3997 4832 4053 4886 I.
4090 4832 4157 4886 19
4192 4848 4272 4903 sq.
4341 4834 4584 4904 Hauon,

2808 4935 2822 4949 ο
2898 4936 2912 4949 ι
2947 4921 2979 4948 k
3053 4937 3067 4950 ο

2848 4964 3009 5044 7))1».
3046 4964 3219 5020 Iwnio
3255 4963 3390 5017 1524
3424 4964 3833 5036 Monbelqardi,
3881 4984 4060 5024 manu
4091 4971 4500 5026 Basilum
4531 4976 4586 5028 ot

2637 5047 2707 5087 ex
2740 5037 3041 5113 auctorante
3074 5031 3432 5087 dacisUWci
3464 5035 3687 5090 mulie.
3750 5035 3889 5091 Vide
3923 5037 4108 5108 ipsum
4140 5041 4205 5095 in
4235 5041 4585 5110 praefatione

2641 5100 2948 5156 Swnmafft
2981 5103 3073 5156 sui
3106 5101 3190 5156 ed.
3226 5100 3364 5156 1552
3398 5107 3449 5156 et
3483 5101 3837 5173 Kirchhofer,
3875 5107 3928 5161 Ι.
3962 5107 4052 5163 34.

2844 5172 2900 5236 8)
2937 5171 3054 5225 πᾶ.
3087 5173 3152 5225 in
3183 5169 3557 5239 disputatione
3591 5173 3913 5230 Genavam.

2649 5307 2661 5320 ·
2844 5239 2904 5307 9)
2936 5256 3124 5295 vorum
3155 5254 3257 5294 nos
3289 5241 3561 5297 moia-ue
3606 5242 3743 5312 quid
3773 5244 3864 5300 hic
3896 5245 4181 5315 sianissca.
4256 5245 4490 5301 Carolus
4523 5260 4583 5303 κ

2635 5324 2751 5363 κιαι
2778 5323 3114 5378 paenam
3145 5309 3467 5365 tentabam.
