5050 6167
636 440 770 506 22⁷

815 624 1363 712 vigilantissimis
1402 623 2063 724 prudentissimisque
2106 624 2475 724 pastoribus
2517 644 2597 690 ac

630 712 967 780 ministris
1009 712 1317 778 ecclesiae
1573 712 1587 725 ‘
1760 711 1988 778 amicis
2030 712 2272 777 nostris
2326 732 2402 775 in
2453 711 2596 775 Do-

640 800 823 865 mino
862 797 1305 864 observandis.

815 967 887 1036 S.
942 968 1097 1035 Non
1144 968 1158 982 '
1255 968 1477 1047 oratis,
1536 968 1775 1033 fratres
1816 976 1886 1034 et
1927 968 2115 1034 amici
2161 966 2592 1051 integerrimi,

639 1055 715 1120 in
770 1075 933 1139 qnos
984 1064 1172 1120 tumn
1203 1064 1311 1120 tus
1366 1061 1436 1121 et
1489 1053 1816 1119 horrenda
1864 1053 2213 1119 incidimus
2266 1049 2591 1131 scandala,

644 1139 728 1206 ab
783 1161 859 1206 eo
912 1160 1042 1223 quo
1096 1141 1185 1223 pii
1241 1148 1534 1223 pastores
1578 1160 1655 1205 ac
1705 1139 1993 1205 ministri
2048 1139 2291 1216 nostri,
2347 1158 2592 1221 magna

641 1224 903 1310 quidem
979 1224 1250 1304 iniuria,
1321 1224 1609 1290 tumultu
1684 1235 1755 1290 et
1825 1224 2301 1308 conspiratione
2376 1224 2593 1305 potius

687 1332 838 1377 uam
880 1309 1101 1376 iudicii
1144 1310 1392 1389 ordine,
1437 1311 1520 1377 ab
1562 1310 1725 1376 urbe
1757 1318 1981 1376 nostra
2001 1311 2242 1375 iniuste
2264 1308 2592 1392 profligati

715 1405 928 1462 erunt.
1017 1395 1278 1477 Quibus
1319 1417 1729 1479 nequaquam
1772 1395 2022 1461 mederi
2064 1416 2428 1478 possumus,
2471 1415 2590 1458 ne-

640 1503 766 1565 que
822 1480 893 1546 id
951 1490 1086 1547 tam
1140 1483 1581 1565 periculosum
1629 1501 1860 1548 curare
1915 1481 2189 1560 vulnus,
2258 1480 2389 1546 nisi
2445 1480 2589 1562 pios

638 1567 1061 1633 habuerimus
1103 1576 1396 1650 pastores
1436 1575 1503 1632 et
1542 1568 1893 1645 ministros,
1938 1567 2202 1649 peritos,
2258 1564 2589 1649 sapientes

640 1660 712 1719 et
763 1652 984 1719 Deum
1038 1654 1377 1731 timentes,
1436 1651 1521 1717 ad
1564 1653 1736 1718 hanc
1776 1650 2260 1718 resarciendam
2301 1652 2585 1716 ruinam.

642 1736 858 1820 Quam
901 1739 984 1805 ob
1024 1759 1165 1804 rem
1207 1738 1292 1804 ad
1334 1759 1451 1807 vos
1484 1737 1915 1824 confugimus,
1959 1759 2119 1822 quos
2157 1744 2343 1803 tanta
2374 1736 2588 1801 teneri

640 1821 1074 1891 sollicitudine
1116 1823 1314 1890 huius
1368 1824 1681 1890 ecclesiae
1731 1833 2013 1903 nostrae,
2070 1830 2318 1907 quanta
2357 1843 2588 1889 earum

685 1930 811 1974 uae
870 1910 1057 1977 vobis
1116 1909 1265 1975 istie
1327 1909 1737 1976 concreditae
1777 1917 1953 1988 sunt,
2017 1918 2193 1975 certo
2250 1908 2583 1974 novimus:

693 1994 971 2078 uiusque
1010 1994 1119 2064 vel
1151 1994 1662 2061 aedificationem
1683 1996 1790 2061 vel
1813 1994 2315 2061 destructionem
2339 1993 2591 2076 pariter

639 2089 1005 2146 vestrarum
1048 2100 1190 2146 esse
1224 2080 1553 2157 ducentes,
1598 2081 1770 2164 quod
1811 2079 2071 2146 abunde
2091 2078 2589 2145 demonstrastis

640 2164 801 2230 dum
864 2167 1017 2231 totis
1074 2166 1329 2231 viribus
1399 2166 1816 2251 magistratui
1888 2174 2113 2232 nostro
2192 2163 2587 2248 persuadere

639 2251 853 2317 conati
909 2252 1096 2327 estis,
1155 2252 1641 2318 carissimorum
1684 2254 1964 2317 fratrum
2008 2250 2416 2333 fidorumque
2459 2251 2586 2314 mi-

635 2337 999 2402 nistrorum
1040 2345 1434 2417 nostrorum,
1480 2336 1742 2418 Fareui,
1790 2336 2041 2403 Calvini
2070 2346 2138 2403 et
2175 2335 2509 2414 Choraudi,
2535 2334 2585 2420 ¹)

634 2422 1136 2489 restaurandum
1190 2444 1333 2489 esse
1388 2423 1849 2501 ministerium,
1909 2423 1980 2487 in
2024 2422 2371 2506 pristinum
2423 2442 2586 2504 quo-

634 2527 762 2590 que
804 2515 1047 2573 statum
1090 2517 1158 2574 et
1200 2508 1487 2574 officium
1529 2528 1671 2574 esse
1714 2508 2226 2593 reintegrandos.
2241 2509 2301 2585 2)
2389 2506 2586 2588 Quod

632 2600 790 2659 tuno
844 2594 1340 2676 importunitate
1379 2615 1455 2659 ac
1497 2592 1978 2677 praefractione
2020 2614 2248 2660 eornm
2304 2593 2417 2678 qui
2468 2614 2585 2676 po-

630 2678 772 2761 puli
854 2680 1227 2746 turbatores
1314 2691 1505 2745 erant
1587 2680 1770 2745 nullo
1856 2680 1999 2745 fieri
2073 2689 2264 2762 pacto
2336 2680 2580 2762 potuit:

630 2763 806 2830 unde
847 2765 1181 2849 ingentem
1216 2765 1477 2848 piorum
1519 2785 1594 2830 ac
1628 2767 1980 2848 proborum
2005 2764 2299 2831 virorum
2320 2765 2581 2830 turbam

629 2849 711 2914 ad
758 2852 1079 2934 gemitum
1113 2860 1182 2915 et
1211 2851 1538 2936 lacrymas
1559 2850 1940 2935 adegerunt,
1984 2849 2583 2916 animadvertentes

628 2935 861 3001 urbem
905 2944 1201 3002 nostram
1245 2946 1434 3001 tanta
1468 2935 1720 3002 Deiira
1754 2957 2134 3003 concussam
2157 2957 2318 3002 esse.
2386 2936 2581 3002 Nunc

628 3029 848 3087 autem
892 3042 1093 3104 quum
1138 3022 1582 3105 pientissimus
1625 3030 1812 3106 pater
1854 3021 2256 3106 benignitate
2297 3043 2419 3089 sua
2459 3043 2582 3088 nos

627 3106 1014 3185 visitaverit,
1069 3116 1138 3173 et
1179 3107 1250 3172 in
1293 3129 1560 3193 gregem
1619 3128 1827 3173 unum
1884 3129 2003 3173 nos
2060 3109 2578 3193 congregaverit,

624 3192 697 3257 in
741 3194 1004 3258 nomine
1048 3193 1318 3259 Domini
1360 3214 1481 3260 vos
1524 3192 1982 3259 ardentissime
2036 3212 2297 3260 oramus
2344 3199 2425 3259 ut
2466 3194 2578 3278 qui

627 3277 790 3344 adeo
825 3278 1168 3345 laborastis
1202 3280 1278 3344 in
1316 3279 1736 3345 restituendis
1769 3279 2085 3344 fratribus
2107 3287 2175 3344 et
2206 3279 2580 3362 pastoribus

624 3364 866 3429 nostris
920 3364 1247 3445 fidelibus,
1302 3362 1460 3430 dum
1515 3385 1634 3448 per
1694 3385 1805 3430 eos
1886 3364 2110 3431 reiecti
2177 3372 2398 3431 essent
2465 3366 2577 3448 qui

671 3449 958 3532 ropriam
1002 3451 1425 3517 sectabantur
1467 3450 2062 3533 concupiscentiam
2115 3450 2331 3534 potius
2379 3472 2577 3534 quam

693 3535 753 3599 ei
796 3534 1223 3614 voluntatem,
1268 3557 1446 3602 nunc
1483 3556 1742 3619 quoque
1775 3536 1845 3600 in
1881 3536 1987 3601 his
2019 3535 2408 3603 revocandis
2451 3557 2575 3604 nos

621 3619 854 3686 iuvare
912 3621 1157 3698 velitis,
1217 3620 1374 3686 dum
1417 3623 1500 3689 ab
1542 3622 1685 3704 ipso
1724 3622 2121 3705 magistratu
2164 3631 2426 3704 totoque
2468 3644 2575 3689 re-

621 3706 975 3788 quiruntur
1027 3706 1300 3790 populo,
1348 3707 1608 3773 abunde
1660 3707 2015 3773 sentientes
2058 3728 2257 3790 quam
2300 3729 2571 3791 gravem

621 3790 778 3858 hinc
800 3793 1117 3857 iacturam
1153 3792 1588 3858 sustinuerint
1607 3799 1671 3858 et
1706 3791 1923 3859 adhuc
1966 3793 2352 3860 sustineant.
2414 3793 2573 3859 Pla·

622 3885 769 3942 ceat
809 3878 1014 3962 igitur
1058 3878 1257 3956 vobis,
1302 3879 1373 3943 in
1413 3886 1598 3944 tanto
1640 3898 1836 3963 opere
1871 3878 2056 3944 nobis
2091 3877 2338 3958 adesse,
2380 3878 2573 3946 iuxta

619 3969 917 4028 tenorem
958 3962 1304 4029 literarum
1345 3973 1723 4030 nostrarum
1766 3962 1846 4029 ad
1871 3985 1934 4027 m
2025 3964 2250 4029 nificos
2273 3961 2571 4031 dominos

618 4047 948 4133 principes
991 4064 1244 4116 vestros
1289 4050 1699 4133 scriptarum,
1745 4051 1961 4132 quasi
2009 4071 2085 4115 eo
2129 4049 2214 4115 ad
2256 4071 2373 4117 vos
2416 4072 2571 4116 cum

619 4155 846 4199 earum
890 4136 1248 4219 exemplari
1293 4136 1719 4219 transscripto
1751 4135 2093 4213 mittimus,
2136 4145 2212 4200 ut
2254 4137 2310 4201 si
2346 4158 2570 4203 neces-

619 4220 870 4285 sarium
914 4231 982 4286 et
1023 4221 1184 4287 utile
1227 4220 1548 4286 duxeritis
1590 4221 1983 4301 reddantur,
2037 4222 2141 4286 sin
2181 4221 2420 4301 minus,
2463 4244 2569 4288 re-

618 4304 975 4372 fineanmr.
1063 4305 1355 4372 Omnino
1414 4308 1589 4390 agite
1647 4316 1843 4390 prout
1886 4318 2108 4372 vestra
2149 4307 2570 4390 providentia

620 4398 690 4454 et
741 4391 1009 4458 consilio
1064 4394 1277 4476 magis
1319 4392 1628 4476 expedire
1678 4391 2009 4470 videritis,
2065 4392 2205 4459 sive
2256 4392 2567 4471 reddatis,

621 4475 761 4541 sive
830 4476 1242 4542 dominorum
1308 4488 1678 4544 vestrorum
1740 4477 2195 4543 excellentiam
2259 4479 2384 4563 ipsi
2447 4500 2568 4563 pro

620 4561 811 4626 nobis
864 4564 1296 4641 conveniatis,
1353 4585 1432 4629 ea
1487 4586 1656 4649 quae
1674 4567 1731 4640 ⁸)
1784 4563 1857 4628 in
1922 4565 2084 4648 ipsis
2148 4564 2570 4631 continentur

618 4646 832 4714 literis
901 4649 1295 4730 proposituri
1356 4650 1468 4715 eis.
1570 4648 1816 4715 Omnia
1887 4650 2065 4715 enim
2118 4658 2339 4716 vestro
2391 4671 2569 4716 com-

621 4733 949 4799 mittimus
1001 4733 1268 4811 iudicio,
1330 4734 1514 4801 vobis
1570 4735 1842 4819 perinde
1903 4744 2098 4820 atque
2165 4736 2357 4802 nobis
2411 4756 2570 4802 con-

619 4818 927 4899 fidentes,
986 4828 1164 4885 certo
1228 4821 1556 4904 persuasi,
1619 4843 1738 4888 vos
1802 4822 1957 4886 totis
2013 4820 2265 4887 viribus
2317 4823 2390 4887 in
2445 4822 2570 4889 hoc

619 4912 758 4970 tam
811 4905 1001 4991 gravi
1058 4906 1352 4988 serioque
1404 4906 1676 4972 Domini
1730 4908 1989 4991 negotio
2034 4907 2224 4973 nobis
2291 4907 2571 4973 auxilia-

618 4990 821 5058 trices
862 5012 1097 5057 manus
1147 5000 1580 5075 porrecturos.
1678 4992 1760 5058 Id
1815 5001 2034 5059 autem
2088 4993 2402 5060 facientes
2457 4991 2570 5059 de-

618 5130 717 5139 0—---
740 5132 869 5139 ——q
890 5132 1030 5139 -—-——

657 5209 784 5273 815.
830 5214 885 5281 l)
916 5213 1034 5268 iam
1068 5231 1123 5268 a.
1158 5210 1295 5268 1538
1326 5215 1546 5269 norm.

829 5282 889 5417 ἒς
923 5283 1138 5407 ὣς
1171 5368 1360 5422 eaque.
1434 5352 1637 5409 Siata
1666 5366 1737 5409 ox
1769 5354 2113 5413 modurn.-
2148 5368 2411 5424 quaeque.

2178 436 2708 505 EPISTOLAE
2750 438 3091 503 315—318

4517 436 4645 501 228

2696 622 3030 690 clarabitis
3119 630 3365 709 quanta
3453 622 3541 690 sit
3624 623 3810 689 vobis
3885 642 4045 690 cura
4125 628 4194 688 et
4275 620 4647 689 sollicitudo

2696 709 3095 776 christianae
3148 709 3458 776 ecclesiae
3476 759 3492 787 ‚
3547 730 3676 792 qua
3729 707 3994 775 demum
4048 707 4397 793 vigilantia
4446 727 4647 791 super

2696 815 2899 880 grege
2931 795 3140 878 ipsius
3162 794 3535 872 attendatis,
3570 816 3781 878 quave
3804 793 4150 861 dilectione
4175 793 4649 877 rempublicam

2696 890 2992 946 nostram
3049 881 3551 965 prosequamini.
3650 880 3981 946 Dominus
4035 901 4151 946 vos
4204 880 4383 944 omni
4446 880 4649 946 bene-

2697 965 2982 1033 dictione
3034 976 3102 1033 et
3154 969 3368 1052 gratia
3430 965 3702 1050 impleat
3766 964 3848 1031 ad
3914 965 4383 1049 perficiendum
4450 972 4648 1048 atque

2692 1052 3158 1118 illustrandum
3202 1052 3326 1119 hoc
3357 1074 3550 1118 suum
3590 1072 3756 1135 opus
3792 1051 3966 1135 quod
3988 1052 4173 1118 vobis
4193 1048 4644 1118 concreditum

2698 1146 2817 1203 est.
2907 1136 3152 1204 Valete.
3243 1138 3559 1205 Genevae
3601 1141 3702 1203 26.
3748 1138 3910 1203 Maii
3964 1142 4143 1203 1541.

3296 1273 3524 1340 Vestri
3567 1295 3649 1339 ex
3694 1272 3914 1340 animo
3959 1274 4150 1339 amici
4195 1271 4475 1358 Syndici

3288 1367 3357 1426 et
3398 1359 3686 1428 Senatus
3730 1359 4144 1426 Genevensis
4187 1360 4490 1426 civitatis.

3596 1871 3746 1943 816.

2905 2011 3029 2078 LE
3075 1995 3381 2079 smum
3422 2010 3551 2077 DE
3592 2010 3909 2076 BERNE
3954 2009 4083 2077 An
4122 1993 4426 2075 SENA'r

3381 2112 3512 2180 DE
3554 2096 3957 2180 GENEvE.

2865 2283 3259 2351 Permission
3312 2284 3544 2352 donnae
3599 2285 3643 2349 ὰ
3698 2284 3874 2352 Viret
3920 2285 3998 2351 de
4049 2290 4245 2351 restet·
4283 2304 4495 2351 encore
4534 2281 4645 2350 six

2687 2371 2848 2436 mois
2891 2370 2935 2435 ᾰ
2981 2368 3237 2436 θὲπὲυε.

2769 2540 3056 2607 (Archives
3091 2541 3160 2595 de
3194 2540 3387 2595 Berne.
3457 2539 3674 2596 Welsoh
3706 2540 4075 2596 Missiv-Buch
4111 2543 4176 2596 B.
4211 2541 4302 2596 fol.
4337 2540 4441 2595 247
4477 2543 4555 2609 v.)

2859 2695 2924 2759 N
2926 2694 3104 2762 obles
3143 2702 3263 2762 eto.
3306 2715 3475 2779 pour
3515 2695 3579 2760 16
3614 2693 3788 2761 desir
3829 2717 4126 2779 quavons
4159 2704 4305 2762 tant
4346 2695 4428 2762 de
4470 2715 4637 2763 vous

2685 2780 3006 2865 gratiffier
3060 2802 3186 2864 que
3245 2802 3414 2865 pour
3469 2800 3753 2847 avancer
3803 2782 3871 2847 la
3923 2782 4128 2867 gloire
4180 2782 4271 2848 du
4325 2782 4638 2868 seigneur

2686 2887 2969 2932 sommes
3002 2875 3278 2933 contans
3313 2866 3394 2932 de
3432 2889 3598 2933 vous
3635 2868 3869 2933 laisser
3900 2868 4171 2934 maistre
4205 2870 4424 2953 pierre
4459 2867 4634 2933 Viret

2686 2972 2957 3018 ancores
2998 2953 3254 3036 lespace
3311 2950 3392 3017 (16
3448 2952 3644 3039 demy
3700 2974 3788 3019 an
3840 2973 4006 3037 pour
4049 2953 4223 3019 vehu
4264 2976 4392 3039 que
4434 2951 4637 3019 ledict

2684 3039 2953 3103 maistre
2987 3040 3205 3124 pierre
3240 3037 3416 3105 Viret
3447 3040 3586 3104 soit
3609 3046 3879 3105 coutant
3913 3037 3993 3104 de
4016 3039 4395 3106 desmourer
4427 3057 4637 3123 avecq

2683 3145 2876 3190 vous:
2933 3145 3046 3190 car
3100 3132 3324 3192 contre
3378 3144 3501 3190 son
3542 3125 3829 3191 voulloir
3880 3132 3947 3191 et
3999 3124 4125 3192 bon
4170 3126 4400 3210 plaisir
4441 3146 4527 3190 ne
4570 3122 4634 3189 le

2681 3209 3065 3276 vouldrions
3104 3209 3522 3276 contraindre
3564 3230 3605 3273 a
3637 3232 3712 3277 ce
3749 3212 3929 3290 faire,
3964 3212 4261 3280 combien
4301 3233 4426 3295 que
4446 3230 4634 3294 espe-

2683 3316 2837 3362 rons
2880 3296 2993 3379 qui
3049 3316 3183 3361 nen
3240 3297 3415 3362 feraz
3470 3296 3675 3361 reffus
3728 3306 3979 3382 voyant
4031 3298 4094 3364 le
4140 3298 4341 3364 fruict
4396 3318 4525 3382 que
4565 3294 4631 3360 le

2682 3379 2834 3466 Sgr.
2890 3382 3051 3449 faict
3104 3403 3229 3467 par
3280 3402 3402 3448 son
3455 3382 3814 3448 ministare.
3911 3383 4151 3451 Prians
4191 3384 4254 3450 le
4299 3382 4451 3468 Sgr.
4491 3378 4634 3467 quil

2681 3475 3031 3552 augmente
3075 3466 3156 3533 de
3197 3468 3350 3534 bien
3393 3489 3481 3534 en
3521 3468 3769 3533 mieulx
3812 3468 3880 3534 la
3920 3471 4381 3556 cogneissance
4434 3468 4519 3534 de
4556 3486 4633 3533 sa

2680 3552 2930 3619 saincte
2985 3560 3278 3638 mageste
3332 3552 3515 3619 Nous
3585 3554 3966 3638 escripvons
4022 3562 4511 3640 presentement
4563 3556 4634 3618 et

2678 3636 3014 3705 derechief
3047 3660 3131 3705 au
3176 3646 3542 3725 secretayre
3582 3639 3909 3724 vyennois
3950 3663 4080 3725 que
4125 3641 4339 3708 doibie
4381 3641 4625 3708 liberer

2676 3745 2798 3790 voz
2897 3724 3255 3791 risonniers
3281 3725 3332 3812 ¹)
3384 3732 3796 3808 moyennant
3847 3730 4107 3794 cantion
4167 3738 4236 3794 et
4287 3748 4418 3793 nen
4470 3725 4623 3811 plus

2673 3830 2840 3894 pren
2924 3831 2961 3875 6
3009 3830 3163 3876 sans
3217 3832 3299 3877 en
3356 3812 3543 3877 avoir
3595 3810 3876 3895 especial
3933 3812 4498 3881 commandement
4540 3810 4623 3878 de

2672 3916 2857 3962 nous.
2948 3897 3098 3962 Dat
3146 3897 3392 3980 penult.
3437 3897 3596 3962 maii
3645 3898 3904 3982 1541.²)

3862 4037 3945 4103 L.
3988 4037 4068 4102 E.
4114 4036 4190 4105 O.
4239 4036 4319 4101 D.
4366 4036 4446 4101 B.

3572 4493 3717 4566 317.
3911 4524 3922 4537 ·

2915 4635 3040 4702 LE
3086 4618 3390 4700 SENAT
3431 4631 3559 4700 DE
3601 4630 3912 4699 BERNE
3956 4634 4020 4699 A
4063 4628 4370 4700 vmm.

2845 4808 3057 4874 Meme
3097 4806 3270 4888 sajet.

2780 4977 3071 5045 (Archives
3106 4975 3175 5030 de
3209 4976 3406 5030 Berne.
3478 4974 3695 5030 Welsoh
3729 4975 4098 5031 Missiv-Buch
4131 4977 4196 5032 B.
4230 4975 4323 5032 tol.
4357 4974 4505 5045 248.)

2879 5218 2942 5355 Β,
2963 5213 3539 5352 mmm&
3557 5212 3710 5338 52:5⁸
3726 5212 4623 5355 w.ww.

2677 5355 2846 5425 oona&
2874 5354 3180 5425 u'oecpirat't
3205 5355 3371 5423 qu'en
3391 5352 3580 5422 juillet
3615 5352 3765 5410 1542.
