5050 6167
593 435 719 500 10³

1499 611 1642 682 251.

1069 768 1505 840 BUCERUS
1551 765 2085 834 BLAURERO.

776 949 857 1014 In
899 946 1196 1027 colloquio
1254 941 1709 1006 wormaciens-2·
1757 938 2131 1021 parturiunt
2183 941 2442 1014 montes,
2504 938 2562 999 et

596 1037 809 1104 munia
855 1034 949 1098 sic
989 1032 1295 1114 disposita
1345 1032 1493 1092 sunt
1534 1031 1605 1088 ut
1642 1029 1943 1090 nascatur
1984 1021 2293 1087 ridiculus
2334 1040 2494 1085 mua

602 1209 851 1276 (Au-gent.
876 1203 1095 1256 Archiv.
1124 1202 1175 1253 S.
1194 1200 1453 1253 Thomas.
1510 1198 1648 1266 Epp.
1670 1197 1865 1249 Buceri
1904 1195 1963 1248 T.
1984 1194 2053 1250 Π.
2090 1193 2157 1246 N.
2181 1190 2283 1245 136
2318 1194 2556 1260 autogr.)

598 1395 771 1462 Fido
816 1404 885 1458 et
927 1389 1253 1475 satagenti
1287 1387 1541 1453 Christi
1586 1406 1776 1450 servo
1820 1385 1913 1450 M.
1960 1380 2310 1448 Ambrosio
2353 1380 2560 1445 Blau-

601 1502 749 1548 rero
793 1479 1036 1564 pastori
1091 1475 1399 1542 ecclesiae
1446 1471 1975 1538 constantiensis
2032 1477 2437 1553 symmystae
2494 1474 2563 1532 et

1038 1562 1221 1627 fratri
1262 1560 1600 1626 carissimo
1645 1569 1712 1622 et
1755 1555 2043 1624 colendo.
2076 1555 2124 1637 ⁸)

777 1701 846 1767 S.
893 1702 977 1766 D.
1060 1695 1435 1764 Admodum
1481 1695 1689 1774 dolet,
1749 1694 2048 1759 Ambrosi
2098 1693 2304 1757 frater
2357 1711 2561 1756 vene-

606 1788 812 1854 rande
856 1797 924 1852 et
966 1785 1319 1861 carissime,
1363 1791 1430 1846 te
1469 1803 1599 1847 non
1635 1779 1996 1857 advenisse,
2043 1798 2415 1861 quanquam
2461 1776 2560 1840 di-

608 1876 836 1940 vinare
881 1893 1014 1937 non
1061 1870 1297 1953 possim
1354 1864 1511 1951 quid
1568 1865 1924 1931 adversarii
1971 1885 2166 1948 agere
2220 1862 2562 1929 nobiscum

606 1961 981 2026 instituant.
1046 1957 1241 2022 Tales
1285 1954 1461 2020 enim
1508 1951 1824 2036 adsunt2)
1871 1973 1911 2016 a
1952 1951 2190 2033 quibus
2233 1949 2400 2014 nihil
2447 1970 2562 2013 ex·

606 2054 861 2131 spectes
906 2043 1187 2118 Christi,
1244 2052 1317 2105 ut
1360 2061 1400 2104 a
1442 2039 1782 2116 Pontifice,
1826 2038 2031 2121 Rege,
2070 2036 2368 2112 Bavaris,
2413 2034 2565 2099 Ma-

609 2133 887 2217 guntino
930 2140 997 2195 et
1038 2128 1689 2210 Argentoratense.⁸)
1782 2122 2018 2188 Comes
2063 2121 2413 2188 Palatinus
2457 2119 2565 2184 de-

488 2261 504 2274 ·
607 2220 661 2283 si
759 2218 914 2294 avit,
959 2213 1259 2280 Marchio
1279 2209 1529 2277 Brand.
1597 2208 2010 2275 Coloniensis
2055 2216 2121 2273 et
2155 2206 2563 2272 Lubecensis

606 2311 934 2370 m1serunt
976 2321 1015 2365 a
1058 2298 1296 2382 quibus
1340 2299 1652 2379 impetres
1696 2294 1871 2378 quod
1914 2314 2195 2377 aequum
2241 2292 2345 2357 sit.
2412 2291 2562 2375 Ego

607 2389 906 2453 divinare
960 2384 1126 2451 nihil
1184 2405 1466 2466 possum.
1569 2378 1882 2447 Orandus
1939 2380 2266 2445 Dominus
2323 2386 2426 2442 est
2484 2386 2564 2441 ut

606 2473 918 2541 ecclesiae
962 2492 1120 2537 suae
1177 2469 1363 2535 adsit.
1451 2467 1679 2533 Nostri
1733 2465 1817 2532 ad
1876 2485 2086 2531 unum
2140 2464 2565 2530 consentiunt

605 2568 687 2626 ιιι
726 2559 893 2624 nihil
937 2558 1316 2622 remittatur
1358 2551 1535 2637 quod
1578 2573 1696 2635 per
1739 2573 1809 2617 se
1854 2551 2108 2617 Christi
2154 2558 2270 2615 est.
2337 2550 2563 2632 Papae

606 2645 890 2711 nuncius
934 2643 1136 2708 iactat
1190 2663 1260 2705 se
1313 2637 1625 2705 mandata
1684 2638 1925 2703 habere
1988 2647 2062 2701 ut
2105 2637 2329 2701 omnia
2371 2634 2563 2700 nobis

607 2729 921 2798 concedat
963 2748 1130 2812 quae
1178 2727 1526 2802 habemus,
1584 2731 1837 2789 tantum
1894 2733 1971 2788 ut
2014 2723 2232 2805 ipsum
2277 2721 2563 2787 invicem

608 2838 1041 2901 agnoscamus
1076 2824 1147 2879 et
1181 2810 1635 2896 praedicemus
1672 2810 2031 2894 principem
2068 2807 2398 2884 ecclesiae,
2437 2808 2479 2873 i.
2503 2828 2560 2872 e.

609 2901 782 3003 apud
825 2923 945 2966 nos
987 2902 1177 2965 iuxta
1220 2897 1559 2963 Christum
1605 2894 2010 2971 collocemus,
2055 2894 2124 2957 in
2169 2892 2313 2958 aliis
2356 2893 2563 2959 eccle-

608 2989 723 3054 siis
766 2988 1098 3072 patiamur
1152 2982 1423 3067 depulso
1480 2980 1747 3046 Christo
1798 2983 1869 3045 in
1925 2977 2078 3045 sede
2121 2979 2373 3044 Christi
2416 2979 2563 3062 ipsa

608 3095 760 3140 eum
805 3070 1081 3139 adorari.
1158 3072 1221 3135 A
1265 3066 1619 3134 Germanis
1636 3070 1695 3152 ⁴)
1740 3065 1983 3149 aliquid
2021 3064 2409 3132 accessionis
2445 3086 2561 3133 ex·

609 3158 1037 3244 spectandum
1082 3164 1278 3222 esset:
1338 3153 1482 3220 ideo
1540 3152 1760 3219 hostes
1820 3152 2020 3217 istum
2073 3152 2561 3233 iniquissimum

610 3245 939 3312 delectum
992 3242 1325 3317 fecerunt,
1392 3260 1478 3304 ne
1535 3250 1746 3304 status
1801 3258 2030 3304 omnes
2087 3235 2320 3302 adsint.
2425 3234 2562 3303 Sed

606 3331 733 3396 hoc
778 3329 929 3395 boni
986 3337 1085 3393 est
1140 3326 1311 3410 quod
1355 3325 1462 3390 hic
1510 3324 1678 3390 nihil
1724 3323 2155 3390 concluditur.
2244 3323 2565 3388 Libenter

606 3417 939 3482 efficerem
985 3421 1059 3479 ut
1101 3419 1177 3477 tu
1220 3412 1438 3477 denuo
1484 3411 1757 3489 voceris,
1804 3409 1918 3475 sed
1965 3410 2183 3475 nescio
2227 3409 2336 3492 qui
2386 3408 2562 3492 apud

609 3514 865 3568 vestros
930 3499 1247 3576 valerem,
1312 3517 1512 3581 quum
1578 3507 1950 3562 nostrorum
2019 3505 2089 3560 et
2140 3495 2563 3562 Ulmensium

605 3588 958 3674 petitiones
1014 3583 1547 3669 posthabuerunt.
1642 3586 1945 3666 Agnosco
2001 3602 2231 3647 causas
2283 3601 2564 3666 magnas

608 3694 728 3739 cur
770 3683 838 3738 te
883 3672 1221 3738 detineant
1264 3668 1381 3746 tui,
1438 3677 1507 3732 et
1547 3669 1875 3734 Dominus
1919 3666 2230 3752 dignetur
2279 3687 2389 3732 eas
2434 3667 2564 3731 tol·

606 3760 742 3826 lere
785 3758 894 3824 vel
941 3758 1256 3840 mitigare.
1345 3754 1439 3819 Et
1482 3755 1538 3818 si
1582 3763 1650 3819 te
1706 3755 1998 3833 mittent,
2060 3754 2158 3820 sac
2203 3774 2443 3836 quaeso
2488 3759 2565 3818 ut

607 3845 853 3910 venias.
946 3844 1168 3907 Potest
1212 3838 1472 3923 quidem
1529 3840 1672 3905 fieri
1728 3848 1805 3905 ut
1860 3861 1991 3905 non
2035 3841 2122 3904 sit
2164 3841 2359 3904 etiam
2407 3859 2562 3904 nos-

606 3941 860 3995 trorum
905 3928 1138 4010 aliquis
1182 3947 1371 3990 usus:
1421 3933 1636 4008 potest
1668 3947 1902 3990 rursus
1938 3923 2230 3991 accidere
2266 3934 2341 3990 ιιι
2384 3936 2561 3991 certe

606 4014 909 4082 omnibus
953 4035 1115 4096 opus
1156 4013 1259 4076 sit.
1351 4010 1485 4076 Res
1530 4021 1631 4076 est
1674 4013 1744 4076 in
1788 4032 2028 4096 magno
2073 4021 2425 4094 apparatu:
2473 4032 2560 4074 an

606 4111 825 4166 autem
873 4096 1388 4184 parturientibus
1444 4098 1777 4162 montibus
1831 4097 2206 4162 nasciturus
2263 4096 2351 4160 sit
2402 4095 2559 4161 ridi-

606 4187 796 4253 culus
829 4207 995 4261 mua,
1043 4184 1367 4249 Dominus
1413 4184 1611 4259 novit,
1657 4183 1770 4266 qui
1814 4182 1927 4247 det
1969 4182 2156 4248 nobis
2199 4203 2282 4246 ne
2326 4202 2561 4248 causae

608 4294 766 4337 suae
810 4281 877 4336 et
920 4280 1183 4336 nostrae
1228 4268 1532 4334 desimus.
1601 4268 1768 4334 Vale
1809 4268 2085 4335 feliciter
2126 4289 2275 4333 cum
2321 4289 2559 4346 sorore,

606 4359 813 4423 frater
854 4395 933 4403 —
980 4393 1064 4404 —
1107 4393 1193 4403 —
1237 4354 1525 4430 Worms,
1575 4363 1631 4418 9.
1682 4356 1847 4419 Nov.
1903 4358 2082 4418 1540.

1728 4466 1819 4530 Μ.
1867 4465 2166 4531 Bucerus
2212 4474 2383 4531 tuus.

777 4620 1085 4687 Salutant
1132 4641 1246 4685 vos
1292 4619 1462 4701 Cap„
1505 4618 1838 4699 Βνεησίιιε,

607 4708 931 4785 Calvinus,
981 4705 1334 4784 Stamina,
1395 4706 1596 4789 legati
1643 4705 1833 4770 ambo

600 4795 737 4864 Iac.
786 4792 1107 4858 Sturmius
1164 4801 1227 4855 et
1272 4791 1590 4857 Matthias
1642 4790 1834 4873 Psar-
1872 4855 1879 4864 ,

600 4901 800 4946 rems,

637 5050 766 5110 251.
805 5053 857 5110 l)
894 5048 1211 5102 Blaurens
1245 5047 1577 5118 adscripsit:
1618 5048 1699 5102 15.
1737 5048 1871 5102 Nov,
1914 5047 2062 5102 1540.
2137 5048 2448 5102 wormatia.

906 5117 1024 5200 0⁶³
1059 5117 1242 5186 ‘w‘

810 5258 872 5312 4)
1176 5256 1187 5268 '
1226 5294 1240 5308 .

907 5272 1018 5311 m

2158 415 2689 486 EPISTOLAE
2734 414 3075 479 251—253

4497 415 4619 479 104

3562 598 3706 669 252.

2890 757 3242 822 OALVIN
3291 757 3419 824 An
3464 741 3771 823 SENAT
3817 755 3945 820 DE
3992 739 4395 821 GENEVE.

2845 930 2912 995 Π
2951 931 3243 995 νεοπενθέα
3287 930 3343 995 le
3386 928 3638 996 Conseil
3680 928 3756 992 de
3788 925 4112 993 l’hmmeur
4153 926 4309 1008 qu’il
4349 928 4514 991 vient
4545 927 4622 992 de

2668 1016 2762 1081 lui
2801 1017 2972 1098 faire
3010 1036 3086 1079 en
3130 1015 3185 1078 Ie
3225 1017 3554 1098 rappelant
3608 1014 3650 1076 ὰ
3699 1013 3965 1092 θεηὲυε,
4022 1018 4078 1078 et
4118 1011 4386 1077 s'excuse
4426 1012 4502 1077 de
4542 1032 4621 1077 ne

2654 1103 2926 1184 pouvoir
2990 1107 3264 1182 accepter
3325 1108 3469 1168 cette
3532 1100 3810 1165 vocation
3864 1104 3999 1163 tant
4059 1119 4177 1180 que
4232 1097 4297 1163 la
4353 1098 4621 1164 missio„

2666 1187 2823 1269 qu'il
2863 1188 3115 1268 remplit
3172 1188 3596 1252 actueuemmt
3646 1186 3702 1248 le
3754 1185 4070 1250 retiendra
4125 1206 4212 1248 au
4268 1185 4502 1250 service
4542 1183 4619 1249 de

2670 1272 3064 1357 Strasbourq.

2668 1444 2962 1508 (Archives
3011 1444 3080 1496 de
3126 1443 3361 1498 Geneve.
3433 1443 3620 1498 Pieccs
3668 1444 3794 1495 hist.
3831 1442 4019 1496 Liasse
4068 1440 4219 1504 1250,
4268 1440 4616 1562 autographo.

2670 1514 2760 1565 Au
2796 1513 2895 1565 dos
2931 1529 3000 1565 on
3037 1513 3128 1565 lit:
3177 1514 3342 1566 Leti-e
3387 1513 3456 1566 de
3491 1518 3731 1582 maystre
3769 1511 3996 1565 Caulvin
4043 1510 4278 1579 escripte
4324 1527 4358 1562 a
4441 1526 4620 1563 ornes

2671 1598 2890 1634 receues
2936 1598 2997 1634 ce
3044 1580 3129 1635 26.
3176 1599 3298 1635 noV.
3339 1581 3489 1636 1540.
3537 1610 3605 1621 —
3641 1581 3866 1650 Copies:
3919 1581 4061 1633 Bibl.
4108 1579 4175 1631 de
4212 1577 4450 1642 Geneve,
4487 1578 4617 1632 Cod.

2672 1649 2788 1715 111,
2838 1651 2928 1704 fol.
2978 1649 3060 1703 40.
3135 1651 3400 1704 Archives
3447 1652 3515 1704 de
3567 1653 3740 1704 ὅθι-86
3786 1651 3929 1718 Epp.
3978 1647 4064 1701 VI.
4113 1665 4164 1716 p.
4211 1646 4296 1700 38.
4367 1647 4512 1701 Bibl.
4550 1647 4619 1701 de

2670 1719 2886 1783 Zurich,
2920 1717 3116 1773 Simler
3135 1718 3259 1772 Vol.
3280 1718 3367 1772 48.
3405 1749 3472 1758 —
3507 1718 3795 1789 Imprimee
3831 1718 3961 1771 cbez
3996 1718 4151 1770 Heni·
4225 1716 4436 1770 Tom.1.
4475 1719 4562 1785 Ap
4604 1753 4618 1767 .

2669 1805 2725 1857 p.
2764 1786 2846 1840 78.
2918 1789 3137 1840 Bonnet
3171 1789 3364 1840 lettres
3401 1789 3462 1841 fr.
3502 1790 3546 1841 1.
3585 1806 3636 1857 p.
3670 1787 3753 1840 32.
3808 1787 3995 1855 Comp.
4032 1734 4261 1849 Ruclviat,
4301 1785 4368 1837 V.
4406 1802 4458 1854 p.
4496 1732 4615 1837 5111’.

3115 1885 3181 1897 -
3219 1858 3549 1910 Traduction
3587 1857 3826 1924 anglaise
3863 1857 3905 1909 1.
3944 1872 3996 1923 p.
4036 1854 4180 1916 190.)

2670 2047 2725 2108 Δ
2775 2044 3253 2127 Magnificques
3300 2046 3523 2111 noblcs
3567 2055 3633 2110 et
3671 2046 4004 2129 puissantz
4045 2042 4405 2127 Scigneurs
4439 2044 4620 2109 Mes-

2797 2132 3004 2195 sieurs
3049 2129 3144 2195 les
3189 2129 3602 2215 Syndicques
3647 2141 3714 2195 et
3755 2130 4000 2197 conseil
4045 2130 4126 2194 de
4171 2130 4486 2229 Genefve.

2839 2266 3318 2350 Magnificques
3354 2270 3684 2351 puissantz
3720 2278 3789 2332 et
3824 2267 4213 2334 honorables
4236 2269 4616 2352 Seigneurs,

2666 2354 2774 2436 iay
2821 2373 3013 2417 recen
3060 2352 3157 2416 les
3199 2352 3427 2418 lettres
3481 2355 3617 2436 quil
3670 2374 3832 2419 vous
3885 2375 3925 2417 a
3966 2355 4115 2437 pleu
4162 2353 4245 2418 de
4287 2355 4617 2430 meserire,

2667 2436 3001 2503 ensemble
3045 2438 3334 2504 entendu
3388 2439 3452 2503 16
3508 2455 3780 2523 rapport
3821 2438 3904 2504 de
3957 2460 4080 2505 voz
4125 2438 4620 2506 ambassadeurs

2667 2523 2997 2589 conforme
3058 2545 3097 2589 a
3156 2525 3391 2589 icelles.
3480 2524 3710 2606 Quant
3761 2526 3810 2590 il
3869 2547 3957 2608 ny
4013 2527 4226 2591 auroit
4274 2547 4401 2607 que
4467 2526 4617 2590 lhu-

2666 2609 2914 2674 manite
2969 2617 3039 2673 et
3079 2610 3476 2693 gratieusete
3534 2610 3697 2676 dont
3747 2632 3914 2676 vous
3969 2632 4122 2676 usez
4177 2633 4412 2678 envers
4461 2632 4616 2695 moy

2665 2716 2751 2759 en
2794 2706 3012 2759 toutes
3056 2707 3286 2773 sortes,
3342 2698 3403 2761 ie
3448 2717 3531 2761 ne
3574 2718 3681 2762 me
3724 2697 4023 2781 pourrois
4066 2697 4465 2762 aultrement
4509 2719 4616 2763 ac-

2668 2781 2886 2864 quiter
2929 2779 3009 2844 de
3063 2802 3218 2847 mon
3262 2780 3534 2847 debvoir
3587 2804 3712 2864 que
3766 2804 3851 2848 en
3904 2782 4332 2848 mefforseant
4386 2793 4619 2848 entant

2669 2865 2807 2949 quil
2872 2876 2972 2931 est
3028 2887 3113 2931 en
3178 2887 3332 2951 moy
3387 2867 3469 2932 de
3523 2869 3845 2933 satisfaire
3902 2890 3941 2934 a
3999 2877 4222 2934 vostre
4277 2867 4613 2934 demando.

2668 2951 3128 3036 Dadvantaige
3162 2952 3288 3017 elle
3324 2962 3426 3017 est
3461 2965 3611 3018 tant
3643 2952 4009 3019 raisonable
4043 2955 4258 3037 quelle
4291 2976 4398 3020 me
4434 2953 4617 3020 doibt

2669 3037 2821 3103 bien
2864 3035 3124 3103 induire
3168 3038 3251 3103 de
3294 3039 3457 3104 faire
3501 3061 3575 3105 ce
3618 3039 3832 3123 quelle
3875 3040 4187 3105 contient.
4278 3040 4615 3106 'Pontefois

2667 3123 2715 3188 il
2769 3147 2812 3207 y
2872 3145 2912 3188 a
2967 3144 3235 3190 encores
3293 3146 3421 3189 une
3486 3127 3704 3191 raison
3761 3125 4042 3208 laquelle
4099 3148 4207 3192 me
4255 3127 4623 3192 contrainct

2668 3209 2820 3292 plus
2859 3230 2899 3273 a
2940 3209 3252 3293 regarder
3294 3210 3391 3277 168
3434 3232 3709 3295 moyens
3769 3208 3849 3276 de
3892 3214 4167 3294 pouvoir
4208 3213 4622 3295 obtemperer

2670 3317 2710 3360 a
2764 3304 2983 3361 vostre
3036 3296 3306 3362 vouloir.
3396 3297 3556 3363 Cest
3608 3299 3672 3362 le
3729 3297 4048 3381 singulier
4101 3319 4336 3363 amour
4389 3320 4515 3381 que
4557 3299 4619 3363 ie

2667 3391 2854 3464 porte
2898 3402 2938 3445 a
2981 3393 3199 3447 vostre
3241 3382 3499 3466 esglise,
3554 3394 3759 3467 ayant
3803 3386 4134 3449 tousiours
4178 3404 4262 3449 en
4305 3385 4619 3449 memoire

2667 3466 2881 3549 quelle
2933 3488 3044 3532 ma
3097 3488 3226 3532 une
3281 3470 3404 3534 fois
3459 3479 3599 3534 este
3652 3470 4147 3535 recommandee
4205 3468 4286 3534 de
4330 3469 4507 3535 Dieu
4552 3481 4620 3534 et

2667 3553 2976 3619 commise
3019 3575 3101 3618 en
3146 3553 3407 3636 charge,
3454 3563 3522 3619 et
3562 3577 3688 3638 que
3732 3577 3854 3638 par
3887 3556 4027 3621 cela
4070 3557 4177 3640 iay
4221 3568 4360 3621 este
4403 3555 4618 3638 oblige

2668 3661 2708 3704 a
2748 3640 2980 3704 iamais
3025 3637 3106 3703 de
3149 3659 3462 3722 procurer
3504 3661 3626 3706 son
3668 3642 3816 3707 bien
3861 3657 3928 3706 et
3970 3640 4158 3706 salut.

2836 3724 3171 3791 'Pontefois
3215 3727 3275 3790 ie
3318 3746 3519 3807 pense
3554 3728 3739 3792 avoir
3773 3747 4011 3792 excuse
4055 3730 4111 3792 si
4157 3728 4327 3793 iuste
4370 3741 4438 3791 et
4479 3731 4615 3792 suf-

2665 3813 2903 3876 fisante
2947 3809 3029 3874 de
3071 3830 3145 3874 ce
3187 3832 3313 3894 que
3357 3812 3417 3876 ie
3462 3823 3779 3878 nexecute
3823 3813 4010 3895 point
4046 3813 4103 3878 si
4140 3822 4272 3878 tost
4313 3834 4467 3879 mon
4503 3812 4615 3878 de-
4679 3875 4684 3880 .

2665 3896 2761 3962 sir
2803 3908 2867 3962 et
2911 3894 2974 3960 le
3018 3903 3261 3972 vostre,
3306 3898 3601 3962 assavoir
3656 3898 3737 3963 de
3782 3920 3944 3964 vous
3987 3899 4307 3965 declairer
4359 3920 4480 3982 par
4520 3898 4615 3963 ef-

2665 3983 2796 4048 fect
2836 3981 3166 4047 laffection
3211 3981 3293 4046 de
3336 4003 3493 4048 mon
3528 4005 3749 4062 cucur,
3795 4006 3921 4067 que
3955 4006 4120 4051 vous
4154 4007 4237 4051 ne
4281 4006 4458 4050 seres
4494 4006 4615 4069 pas

2664 4067 2800 4131 mal
2851 4077 3150 4133 contenta
3219 4066 3299 4132 de
3358 4066 3424 4133 la
3480 4089 3790 4152 response
3842 4092 3971 4151 que
4025 4073 4134 4155 iay
4186 4072 4343 4136 faict
4397 4093 4437 4136 a
4491 4091 4614 4135 voa

2665 4150 3177 4218 ambassadeurs.
3271 4152 3342 4218 Ie
3379 4175 3539 4219 vous
3582 4177 3746 4239 prye
3784 4155 4010 4239 doncq,
4058 4177 4308 4221 comme
4350 4156 4412 4221 ie
4449 4176 4614 4222 vous

2665 4260 2748 4323 ay
2794 4259 3082 4321 naguere
3125 4239 3339 4316 escrit,
3367 4238 3415 4324 ¹)
3461 4239 3541 4305 de
3578 4242 3833 4307 vouloir
3877 4243 4201 4307 tousiours
4243 4242 4614 4307 considerer

2662 4344 2788 4407 que
2831 4324 2893 4388 ie
2950 4324 3087 4389 suis
3141 4324 3250 4408 icy
3308 4346 3471 4408 pour
3526 4327 3739 4392 servir
3781 4328 3960 4393 selon
4005 4327 4071 4393 la
4125 4329 4328 4410 petite
4369 4328 4612 4393 faculte

2661 4430 2787 4491 que
2840 4407 3016 4475 Dieu
3070 4431 3180 4474 ma
3230 4411 3481 4477 donnee
3533 4434 3576 4476 a
3632 4424 3848 4478 tontes
3902 4412 4000 4478 les
4055 4413 4325 4497 esglises
4367 4413 4610 4479 Chres-

2663 4496 2948 4572 tiennes‚
3004 4516 3086 4560 au
3141 4498 3413 4563 nombre
3468 4497 3831 4582 desquelles
3885 4499 3951 4563 la
4006 4509 4226 4564 vostre
4280 4510 4383 4564 est
4434 4520 4612 4566 com-

2661 4582 2853 4663 prise.
2955 4581 3047 4644 Et
3102 4593 3416 4664 pourtant
3480 4606 3609 4667 que
3661 4585 3725 4648 ie
3780 4607 3864 4649 ne
3924 4585 4072 4667 puis
4125 4606 4242 4668 pas
4298 4585 4612 4651 delaisser

2664 4688 2795 4731 une
2839 4666 2992 4731 telle
3054 4669 3379 4744 vocation‚
3438 4670 3604 4735 mais
3657 4672 3793 4735 suis
3846 4672 4214 4737 contrainct
4267 4670 4612 4737 dattendre

2661 4751 2860 4817 lissue
2902 4752 3042 4836 quil
3084 4753 3294 4835 plaira
3336 4775 3417 4819 au
3445 4753 3773 4839 Seigneur
3809 4757 3890 4821 de
3926 4778 4092 4821 nous
4127 4756 4397 4822 donner.
4476 4756 4613 4824 Car

2660 4837 2957 4903 combien
3013 4859 3138 4920 que
3195 4840 3255 4902 ie
3311 4861 3394 4903 ne
3451 4859 3602 4924 soys
3646 4843 3818 4921 rien,
3876 4843 3924 4906 il
3984 4864 4089 4907 me
4149 4843 4328 4909 doibt
4386 4844 4610 4909 suffire

2660 4943 2789 5006 que
2837 4924 2898 4988 ie
2939 4925 3078 4988 suis
3122 4926 3447 4990 constitue
3503 4947 3587 4990 en
3642 4946 3716 4991 ce
3759 4927 3888 4992 lieu
3932 4949 4055 5012 par
4097 4930 4163 4994 la
4208 4929 4476 4994 volante
4519 4927 4607 4993 du
