5050 6167
567 355 692 419 267

740 538 1188 606 Prudentibus
1230 545 1298 603 et
1341 536 1691 621 praeclaris
1734 538 1959 604 amicis
1995 546 2064 604 et
2101 538 2339 604 vicinis
2384 539 2523 605 suis

571 626 925 695 carissimis
970 623 1282 709 Syndicis
1324 630 1391 688 et
1434 620 1711 689 Senatui
1770 624 2179 690 Genevensis
2236 624 2523 690 civitatis

568 709 1062 781 Hildebrandus
1103 730 1144 774 a
1180 708 1551 774 Mulnheim
1593 716 1661 773 et
1696 707 1984 776 Senatus
2017 711 2523 794 Argentinensis

572 798 644 867 S.
690 800 765 864 P.
814 797 1056 871 dicunt,
1103 794 1459 861 amicitiam
1503 803 1569 859 et
1610 794 2137 860 benevolentiam
2173 817 2358 860 suam
2405 816 2521 878 pa-

568 892 781 951 ratam
826 883 1192 949 offerentes.

744 1019 959 1085 Amici
1004 1018 1339 1084 carissimi.
1429 1017 1691 1083 Literas
1735 1024 1986 1083 vestras
2044 1016 2127 1082 ad
2170 1038 2288 1082 nos
2334 1015 2520 1082 datas

573 1111 674 1172 20.
714 1104 999 1189 Augusti
1043 1104 1428 1186 accepimuS,
1485 1103 1718 1186 quibus
1763 1124 1909 1180 nos,
1967 1110 2042 1167 ut
2083 1102 2251 1185 quod
2297 1102 2375 1166 de
2432 1104 2515 1167 D.

570 1191 870 1258 Iohanne
917 1188 1176 1255 Calvino
1221 1190 1461 1254 nostris
1504 1210 1715 1271 nuper
1768 1186 1850 1253 ad
1905 1209 2025 1254 vos
2080 1188 2289 1253 literis
2317 1192 2364 1267 ¹)
2415 1210 2517 1253 re-

571 1278 860 1361 cepimus
916 1276 1232 1351 factur03,
1305 1274 1374 1338 id
1443 1275 1654 1357 primo
1711 1295 1964 1356 quoque
2028 1282 2318 1357 tempore
2383 1294 2517 1337 non

571 1372 710 1428 tam
776 1363 845 1425 in
922 1372 1211 1427 vestram
1288 1381 1483 1443 quam
1551 1359 1857 1426 ecclesiae
1921 1358 2169 1424 Christi
2237 1360 2519 1443 gratiam

570 1457 997 1532 praestemus,
1044 1447 1308 1530 rogatis,
1353 1454 1420 1510 et
1463 1454 1537 1509 ut
1569 1455 1797 1510 nostra
1833 1444 2004 1527 apud
2041 1444 2251 1524 illum,
2286 1456 2361 1509 ut
2401 1465 2518 1509 suo

617 1534 850 1599 ristino
871 1533 1057 1616 gregi
1082 1532 1488 1611 restituatur,
1526 1531 1883 1597 intercedat
1912 1532 2226 1596 autoritas
2259 1530 2516 1614 optatis.

640 1640 713 1685 os
767 1626 1018 1695 autem,
1078 1618 1339 1682 tametsi
1397 1617 1598 1694 vobis,
1655 1625 1730 1681 ut
1772 1626 2028 1683 caetera
2071 1617 2237 1682 bona
2280 1616 2517 1694 omnia,

570 1705 668 1771 ita
716 1704 1001 1770 maxime
1054 1702 1319 1768 idoneos
1373 1702 1669 1769 doctores
1724 1711 1791 1768 et
1853 1714 2146 1785 pastores
2210 1701 2519 1767 ecclesiae

571 1799 832 1856 vestrae
886 1810 970 1853 ex
1037 1789 1257 1854 animo
1316 1789 1635 1871 cupimus,
1690 1796 1914 1853 tamen
1957 1809 2161 1870 quum
2207 1787 2285 1852 de
2330 1787 2515 1852 resti-

571 1874 815 1941 tuendo
862 1874 1121 1941 Calvino
1163 1896 1281 1939 nos
1316 1873 1594 1939 antehac
1627 1874 2004 1957 appellastis
2038 1872 2206 1938 nihil
2241 1872 2520 1956 amplius

570 1984 692 2028 nos
712 1961 953 2027 nostris
980 1960 1191 2025 literis
1214 1960 1497 2026 facturos
1519 1961 1899 2042 recepimus,
1938 1957 2111 2042 quod
2146 1957 2522 2041 exemplum

570 2047 833 2113 illarum
900 2053 1210 2122 testatur,
1276 2066 1507 2127 quam,
1574 2044 1732 2109 dum
1803 2043 2107 2111 Calvinus
2172 2044 2518 2108 defunctus

569 2134 797 2199 fuisset
844 2132 1118 2215 publicis
1162 2129 1468 2196 ecclesiae
1524 2131 1803 2215 negotiis
1861 2129 2098 2214 quibus
2152 2140 2293 2194 tum
2355 2128 2516 2194 deti·

570 2219 851 2285 nebatur
870 2269 885 2295 ,
942 2226 1082 2281 tum
1126 2216 1531 2299 dispecturos
1575 2216 1656 2280 de
1700 2224 1921 2281 vestra
1963 2215 2297 2299 petitione,
2341 2224 2409 2280 et
2449 2214 2519 2279 id

573 2312 945 2379 curaturos,
1022 2301 1195 2386 quod
1259 2324 1295 2368 e
1358 2322 1430 2366 re
1496 2301 1801 2367 ecclesiae
1878 2302 2171 2366 futurum
2246 2321 2517 2385 cognos-

572 2408 894 2455 ceremus:
952 2387 1398 2453 intelleximus
1457 2396 1677 2452 autem
1730 2407 1808 2453 eo
1863 2408 1985 2453 nec
2042 2394 2333 2453 nostram
2399 2408 2519 2453 nec

572 2482 864 2543 vestram
908 2473 1309 2558 singulatim,
1353 2473 1467 2537 sed
1512 2474 1889 2538 universam
1946 2472 2303 2538 ecclesiam.
2393 2471 2518 2538 Cui

571 2562 888 2645 profecto,
946 2581 1018 2625 re
1075 2559 1253 2624 omni
1305 2556 1712 2625 considerata
1765 2558 1973 2641 quoad
2030 2558 2247 2638 licuit,
2302 2557 2519 2623 adhuc

572 2645 801 2711 utilius
863 2645 1225 2711 iudicamus
1290 2644 1427 2709 fore
1492 2644 1549 2709 si
1618 2642 1920 2709 Calvinus
1982 2654 2278 2709 maneret
2343 2642 2518 2727 apud

570 2753 721 2808 nos,
774 2730 972 2814 idque
1029 2752 1163 2795 non
1218 2738 1475 2795 tantum
1532 2730 1932 2813 (quanquam
1992 2730 2188 2794 etiam
2254 2729 2380 2794 hac
2437 2728 2517 2793 de

569 2816 797 2903 causa)
856 2824 933 2881 ut
985 2824 1252 2882 nostrae
1320 2815 1627 2881 ecclesiae
1693 2823 1759 2879 et
1823 2815 2084 2881 scholae
2148 2816 2517 2895 inserviret,

568 2903 685 2969 sed
725 2911 803 2968 ut
845 2903 1089 2967 maiore
1131 2901 1262 2966 otio
1305 2909 1373 2965 et
1423 2901 1904 2984 opportunitate
1960 2922 2120 2966 usus
2175 2901 2515 2966 universae

566 2988 879 3055 ecclesiae
912 2985 1253 3052 commoda
1284 2994 1429 3050 tum
1463 2986 1721 3070 scriptis
1757 2996 1897 3051 tum
1930 2986 2516 3053 consultationibus

568 3084 639 3141 et
674 3074 820 3139 aliis
864 3072 1231 3139 actionibus
1273 3072 1744 3152 ecclesiasticis,
1789 3092 1909 3156 pro
1943 3073 2294 3155 praeclaris
2329 3070 2515 3137 donis

567 3160 803 3244 quibus
851 3158 1037 3222 illum
1093 3156 1419 3224 Dominus
1473 3160 1759 3238 ornavit,
1816 3164 2251 3241 promoveret.
2339 3158 2404 3222 N
2407 3178 2515 3222 am

434 3250 453 3265 ¹
568 3246 681 3328 qui
738 3245 1188 3310 communibus
1243 3243 1551 3309 ecclesiae
1604 3244 1885 3328 negotiis
1934 3243 2238 3329 gerendis
2294 3252 2363 3308 et
2414 3243 2512 3307 fa-

567 3330 813 3398 cultate
855 3329 1181 3395 scribendi
1222 3328 1305 3395 ad
1350 3328 1792 3395 defensionem
1828 3349 2062 3396 causae
2083 3329 2335 3396 Christi
2355 3330 2514 3395 satis

569 3416 874 3481 instructi
931 3415 1095 3492 sint,
1167 3415 1486 3480 rarissimi
1549 3414 1746 3480 hodie
1814 3416 2156 3481 exsistunt.
2279 3415 2512 3498 Itaque

567 3500 811 3566 hortati
851 3498 1183 3566 Calvinum
1225 3501 1295 3564 in
1336 3501 1854 3582 praesentiarum
1897 3522 2143 3581 sumus,
2190 3509 2513 3584 quantum

562 3586 915 3672 potuimus,
962 3595 1036 3650 ut
1075 3584 1250 3669 apud
1295 3606 1412 3650 nos
1455 3595 1754 3652 maneret
1794 3597 1862 3652 et
1904 3586 2090 3652 daret
2131 3608 2396 3671 operam
2440 3598 2515 3651 ut

560 3680 824 3740 vestrae
867 3671 1177 3737 ecclesiae
1218 3691 1339 3753 per
1383 3670 1585 3736 alium
1642 3671 2117 3752 consuleretur,
2176 3671 2348 3755 quod
2393 3693 2511 3739 nos

560 3757 770 3825 multo
811 3757 1067 3822 facilius
1100 3757 1246 3822 fieri
1288 3778 1476 3840 posse
1521 3757 1934 3838 arbitramur,
1987 3779 2180 3841 quam
2225 3759 2510 3825 inveniri

561 3844 674 3928 qui
717 3844 791 3907 in
834 3843 1162 3908 communi
1202 3843 1490 3909 ecclesiis
1532 3851 1820 3926 praestet
1859 3864 2024 3926 quae
2066 3842 2191 3923 hic,
2238 3844 2295 3909 si
2337 3843 2509 3927 apud

559 3949 684 3995 nos
741 3935 1064 4006 maneret,
1121 3936 1458 4012 praestare
1519 3937 1755 4011 posset.
1866 3930 2118 3995 Verum
2180 3929 2336 3995 dum
2399 3930 2509 3995 ille

560 4014 937 4093 affirmaret,
975 4014 1440 4080 conscientiam
1483 4035 1673 4079 suam
1712 4016 1935 4099 urgeri
1978 4016 2299 4098 promisso
2333 4014 2508 4098 quod

562 4099 747 4166 vobis
789 4101 1064 4178 fecisset,
1110 4099 1192 4164 de
1233 4121 1304 4165 se
1348 4100 1533 4167 vobis
1576 4100 1777 4165 semel
1828 4101 1925 4166 ita
1977 4099 2377 4179 exhibendo,
2434 4112 2509 4165 ut

561 4187 635 4251 in
690 4206 763 4250 re
828 4186 1157 4268 praesenti
1234 4194 1653 4270 cognosceret
1721 4194 1950 4251 utrum
2007 4188 2066 4253 ei
2131 4208 2325 4269 quam
2393 4209 2508 4253 vos

565 4272 837 4345 offertis,
882 4291 968 4335 an
1009 4271 1071 4335 ei
1114 4271 1185 4335 in
1239 4293 1369 4355 qua
1410 4271 1517 4337 hic
1560 4270 1891 4338 detinetur
1932 4272 2258 4339 vocationi
2301 4273 2510 4339 inser-

561 4359 708 4423 vire
760 4378 830 4423 se
884 4356 1211 4422 Dominus
1254 4357 1445 4437 velit,
1507 4357 1835 4424 noluimus
1895 4357 2037 4425 eius
2079 4358 2508 4425 conscientiae

561 4442 768 4509 ullam
819 4442 1063 4507 inferre
1115 4442 1509 4521 molestiam,
1565 4465 1640 4510 ac
1686 4445 2099 4527 permisimus
2151 4455 2224 4509 ut
2266 4443 2349 4509 ad
2393 4465 2509 4509 vos

559 4526 976 4606 concederet,
1034 4528 1559 4594 consideraturus
1626 4536 1775 4595 utro
1837 4531 1909 4595 in
1975 4530 2116 4596 loco
2179 4530 2508 4595 Dominus

559 4613 702 4681 eius
757 4633 956 4697 opera
1009 4614 1107 4679 uti
1164 4614 1339 4680 velit.
1440 4612 1630 4681 Sicut
1681 4637 1837 4700 ergo
1891 4637 2200 4701 rogamus
2257 4636 2373 4681 vos
2430 4625 2510 4681 ut

558 4720 731 4778 eum,
775 4699 945 4766 sicut
987 4699 1277 4779 novistis,
1319 4700 1537 4766 virum
1581 4700 1664 4766 ad
1718 4723 1998 4787 regnum
2053 4700 2300 4768 Christi
2356 4722 2507 4786 pro-

558 4785 962 4853 movendum
1016 4792 1084 4851 et
1136 4785 1663 4853 ardentissimum
1716 4795 1782 4853 et
1825 4786 2053 4854 multis
2117 4788 2507 4871 magnisque

560 4870 751 4938 donis
792 4872 1369 4939 instructissimum
1405 4873 1747 4957 excipiatis
1790 4883 1856 4938 et
1898 4872 2206 4951 audiatis,
2250 4873 2345 4938 ita
2385 4893 2504 4939 vos

557 4977 679 5041 per
741 4956 1100 5023 Dominum
1162 4960 1596 5038 obtestamur,
1664 4970 1742 5023 ut
1820 4978 2236 5025 communem
2301 4959 2505 5025 eccle·

558 5042 809 5110 siarum
844 5044 1296 5111 necessitatem
1319 5051 1576 5112 vestrae
1599 5043 2043 5110 commoditati
2063 5045 2505 5128 praeferentes

718 5204 953 5213 ——--0—.

592 5284 816 5353 345.1)
857 5286 929 5340 Ν.
966 5286 1085 5339 324.

2119 348 2647 417 EPIS'POLAE
2694 354 3032 416 345—348

4447 359 4573 425 268

2626 559 2776 605 eum
2823 540 3013 605 nobis
3046 540 3353 606 ecclesiae
3397 541 3746 608 universae
3790 542 3897 610 hic
3931 544 4327 611 fructuosius
4360 544 4572 613 inser-

2627 626 2917 691 viturum
2961 646 3158 708 quam
3202 627 3488 708 primum
3532 628 3899 694 remittatis.
3989 628 4212 711 Quare
4269 651 4403 696 non
4451 630 4572 696 du·

2623 709 2907 776 bitamus
2964 732 3079 776 vos
3135 710 3400 777 Christo
3419 712 3477 795 2)
3542 733 3703 778 vere
3746 715 4255 799 gratificaturos,
4313 723 4382 781 et
4441 737 4575 784 non

2624 796 2846 861 minus
2889 798 3217 862 communi
3259 818 3453 880 quam
3487 798 3681 863 etiam
3718 809 3974 866 vestrae
3995 800 4302 867 ecclesiae
4330 802 4573 868 rectius

2626 882 3049 947 consulturos.
3073 886 3128 959 ⁸)
3227 883 3394 947 Eam
3450 884 3649 949 etiam
3706 906 3829 951 nos
3896 888 4099 969 gratis
4153 888 4390 953 animis
4455 907 4572 954 ex-

2624 968 2937 1050 cipiemus
2980 978 3046 1032 et
3089 989 3509 1050 compensare
3563 970 3988 1036 studebimus.
4089 973 4303 1037 Datae
4359 974 4573 1055 prima

2626 1050 3030 1136 Septembris
3074 1074 3246 1119 anno
3290 1052 3559 1119 Domini
3604 1056 3694 1120 Μ.
3740 1055 3827 1122 D.
3874 1057 4060 1123 XLI.

3204 1190 3524 1274 Magister
3567 1198 3633 1256 et
3676 1189 3959 1257 Senatus
4005 1192 4396 1277 reipublicae

3495 1276 4091 1362 Argentoratensis.

3523 1770 3676 1841 846.

2738 1908 2932 1974 DER
2975 1908 3232 1974 RATH
3274 1909 3394 1975 ZU
3437 1907 4046 2078 {Tsssszssmto
4092 1909 4218 1975 AN
4262 1911 4454 1977 DEN

3383 2013 3437 2077 Ζ
3547 2013 3734 2077 BER
3802 2062 3817 2077 .

2624 2268 2731 2333 des
2795 2180 3101 2332 {scaldum
3136 2201 3252 2247 von
3287 2183 3399 2247 der
3419 2183 3680 2249 Abreise
3706 2182 3961 2251 Calvins
3997 2186 4127 2251 und
4147 2184 4570 2272 Empfehlemq

2730 2288 2794 2334 se
2932 2317 2945 2330 .

2622 2441 2861 2506 (Bel-ner
2908 2438 3131 2494 Archiv.
3176 2438 3471 2492 kirchliche
3517 2441 3946 2510 Angelegenhtn.
3994 2441 4166 2496 Band.
4206 2440 4564 2496 1540-1559.

2623 2508 2868 2578 Original
2901 2509 3004 2562 mit
3040 2508 3232 2577 Siegel.
3304 2509 3388 2562 Im
3423 2509 3540 2562 Aue
3678 2510 3753 2562 im
3790 2510 3991 2563 Archiv
4037 2529 4103 2564 zu
4140 2511 4194 2564 S.
4229 2511 4465 2564 Thomae
4499 2527 4567 2565 m

2624 2578 2960 2647 Strassburg,
2993 2577 3051 2631 in
3086 2575 3221 2629 zwei
3268 2578 3409 2630 ΕΠ.
3456 2578 3558 2631 mit
3630 2594 3689 2630 er
3737 2578 4017 2632 einfachen
4052 2578 4429 2633 Ueberschrift
4463 2578 4564 2648 (l.)

3099 2644 3255 2699 Ahne
3289 2645 3451 2711 Bern,
3486 2645 3596 2701 und
3632 2645 3736 2713 (2.)
3772 2647 3846 2700 Jn
3885 2648 4074 2714 Bern.)

2791 2832 2947 2898 Den
2988 2835 3310 2899 Ersamen
3352 2854 3617 2919 weysen
3663 2855 3953 2900 vnnsern
3989 2833 4319 2902 sonndern
4353 2835 4566 2903 lieben

2711 2927 2822 2984 ten
2886 2918 3204 2985 freunden
3268 2920 3407 2985 vnd
3486 2928 3881 2986 vertrawten
3945 2921 4007 2985 Ν
4010 2921 4349 3004 achpaurn
4416 2920 4566 2988 dem

2669 3004 3119 3074 chulthaiszen
3165 3004 3297 3071 vnd
3342 3003 3491 3070 dem
3528 3005 3711 3071 Rath
3754 3028 3836 3072 zu
3878 3007 4077 3071 Bern.

2788 3143 2941 3208 Den
2963 3141 3285 3208 Ersamen
3309 3163 3575 3226 weysen
3595 3163 3892 3208 vnnsern
3918 3142 4330 3209 besonndern
4349 3142 4567 3209 lieben

2713 3236 2822 3293 ten
2890 3227 3212 3294 freunden
3269 3227 3407 3293 vnd
3465 3235 3864 3294 vertrawten
3938 3227 4336 3311 Nachpaurn
4413 3227 4564 3296 dem

2619 3250 3143 3399 ffihulthayszen
3200 3314 3338 3380 vnd
3393 3313 3543 3378 dem
3595 3314 3779 3378 Rath
3831 3336 3913 3379 zu
3967 3314 4150 3379 Bern
4208 3315 4564 3398 Empieten

2616 3401 2740 3466 wir
2781 3399 3173 3465 Hiltbrandt
3215 3420 3348 3464 von
3394 3399 3744 3465 Miilnheim
3785 3399 3902 3466 der
3953 3400 4227 3465 Maister
4269 3398 4405 3466 vnd
4449 3398 4566 3466 der

2616 3485 2799 3635 (Iltath
2875 3507 2956 3550 zu
3022 3484 3468 3569 Straszpurgk
3534 3506 3820 3551 vnnsere
3883 3484 4253 3552 friindliche
4318 3485 4562 3572 willige

2664 3572 2850 3637 ienst.

2784 3656 3036 3723 Lieben
3166 3666 3279 3721 ten
3313 3655 3548 3721 freund
3584 3654 3718 3721 vnd
3746 3664 4141 3722 vertrawten
4161 3655 4563 3740 Nachpaurn

2614 3741 2769 3807 wir
2810 3743 3080 3828 zweyffe
3110 3766 3150 3807 n
3198 3743 3301 3806 nit
3341 3741 3427 3808 Jr
3468 3756 3697 3825 tragen
3753 3741 3923 3806 noch
3981 3743 4222 3808 wissen
4278 3741 4562 3808 welcher

2660 3827 2935 3893 estalten
2993 3849 3111 3893 vor
3143 3829 3333 3911 jaren
3381 3827 3536 3891 herr
3578 3825 3834 3892 Iohann
3882 3827 4192 3894 Caluinus
4234 3849 4313 3892 zu
4354 3828 4569 3895 Jennf

2614 3850 2881 3997 {inwog
2931 3913 3322 3990 khommen,
3378 3912 3462 3977 da
3515 3912 3601 3979 Jr
3663 3913 3788 3977 wie
3848 3914 3974 3978 wir
4041 3913 4296 3980 bericht
4358 3913 4560 3980 selbst

2613 3999 2730 4064 das
2808 4021 2879 4064 er
2959 3996 3211 4062 widder
3298 3996 3604 4063 derendts
3634 3997 3680 4083 ¹)
3770 3998 4234 4063 einkhommen
4311 3999 4559 4066 moecht

2614 4083 2903 4150 handlen
2946 4083 3164 4149 lassen
3210 4083 3441 4163 haben,
3480 4082 3615 4147 vnd
3674 4105 3745 4147 er
3802 4084 4031 4149 sollich
4082 4086 4210 4150 zeit
4263 4084 4402 4150 also
4449 4105 4557 4151 vsz

2611 4170 2661 4237 J
2661 4171 2852 4235 ennff
2885 4190 3205 4253 gewesen‚
3248 4167 3405 4234 aber
3447 4168 3672 4235 ettlich
3708 4171 3815 4253 jar
3857 4170 3998 4236 sich
4041 4169 4171 4256 bey
4207 4192 4379 4237 vnns
4413 4177 4557 4236 ent-

2611 4255 2839 4321 halten
2877 4255 3042 4320 hatt.
3130 4254 3195 4318 N
3197 4254 3470 4320 achdem
3514 4256 3636 4320 wir
3672 4276 3810 4319 nun
3846 4255 4196 4321 denselben
4241 4276 4483 4340 seyner
4496 4258 4556 4341 ²)

2612 4341 2841 4406 Kunst
2884 4339 3119 4405 halben
3155 4342 3233 4424 jn
3273 4341 3606 4425 gemainer
3647 4361 3895 4406 vnnser
3925 4341 4234 4425 Religion
4266 4340 4407 4406 vnd
4441 4342 4559 4409 der

2612 4426 2905 4493 Kirchen
2931 4425 3232 4492 haendell
3256 4424 3625 4492 sonderlich
3645 4426 4047 4492 vershinnen
4064 4430 4121 4511 ³)
4145 4451 4226 4492 zu
4241 4427 4556 4495 Wormbs

2612 4512 2749 4579 vnd
2784 4514 2956 4597 jetzo
2982 4514 3216 4597 jiingst
3255 4533 3337 4576 zu
3381 4512 3866 4597 Regenspurgk
3923 4512 4310 4597 gepraucht‚
4370 4512 4556 4579 seind

2611 4599 2735 4665 wir
2776 4597 2940 4664 eben
2984 4599 3104 4662 offt
3144 4596 3543 4664 ernstlichen
3588 4597 3795 4665 durch
3853 4598 4126 4665 ermelte
4180 4619 4312 4667 von
4369 4600 4417 4667 J
4418 4599 4563 4665 enff

2612 4773 2772 4780 ———.
2781 4774 2822 4780 ..-
2855 4774 3020 4781 *0*-

2815 4871 2871 4935 2)
2911 4887 3005 4923 vos
3041 4878 3098 4924 et
3132 4871 3347 4929 Christo
3385 4871 3517 4941 Ary.
3559 4878 3698 4942 πίνη.

2814 4938 2874 5003 3)
2913 4940 3069 4993 Inter
3119 4941 3250 4994 haec
3283 4945 3334 4993 et
3367 4942 3645 5009 sequentia
3679 4940 3859 4994 deesse
3875 4941 4088 5011 aliquid
4104 4941 4333 4996 videtur.
4400 4942 4550 4999 Certe

2602 5023 2902 5077 pronomen
2937 5009 3072 5061 Eam
3107 5025 3218 5061 non
3252 5008 3666 5079 habetadquod
3678 5010 3966 5075 referatur.
4035 5010 4219 5063 Ver-sio
4273 5012 4550 5066 ermanica

2608 5078 2949 5146 simpliciter:
2988 5076 3233 5129 Welches
3269 5077 3370 5129 wir
3406 5094 3504 5130 vor
3540 5078 3695 5131 einen
3730 5095 3954 5147 groszen
4003 5077 4183 5132 dankh
4231 5028 4404 5132 gabea
4454 5086 4544 5135 ete.

2557 5196 2561 5215 .
2643 5145 2774 5206 846.
2813 5145 2872 5210 1)
2907 5145 3003 5198 des
3039 5145 3213 5199 Endts
3254 5144 3395 5226 Str-q.
3435 5144 3481 5198 1.

2813 5213 2875 5273 2)
2912 5214 3092 5267 seiner
3125 5214 3466 5283 ffirbindigen
3502 5215 3685 5269 Kunst
3724 5213 3864 5284 Stry.
3906 5214 3948 5266 1.

2812 5284 2874 5349 3)
2913 5283 3263 5336 verschinnen
3305 5281 3445 5352 Stry.
3485 5282 3532 5349 1,
3569 5282 3916 5337 verscheinen
3957 5284 4100 5353 Sora.
4134 5282 4185 5337 2.
