5050 6167
653 447 775 512 ⁷31

824 630 912 698 D.
957 629 1196 696 Ioanni
1238 628 1520 697 Calvino
1565 628 1755 696 tratri
1798 649 1998 713 quam
2039 628 2377 781 cangsimo

2216 736 2480 780 enovae.

827 853 897 920 S.
966 852 1281 931 Verebar,
1327 850 1499 935 quod
1543 850 1796 930 accidit,
1858 872 1942 914 ne
1986 851 2197 916 nostri
2241 871 2435 935 aegre
2478 850 2610 914 fer-

652 949 806 1007 rent
861 939 918 1004 si
973 938 1156 1004 nullo
1211 960 1250 1003 a
1304 940 1540 1003 vest-ris
1596 937 2026 1002 humanitatis
2082 936 2295 1001 officio
2352 936 2610 1018 excipe·

655 1035 898 1093 rentur.
988 1024 1232 1090 Audivi
1299 1024 1473 1089 enim
1542 1023 1622 1089 ab
1690 1023 1915 1087 amicis
1978 1022 2217 1087 alicubi
2295 1022 2608 1105 quosdam

654 1120 1061 1194 conquestos,
1187 1109 1383 1190 Quod
1448 1118 1664 1173 autem
1729 1108 1844 1173 tibi
1913 1119 2216 1190 quaestor
2291 1106 2372 1172 de
2452 1109 2608 1171 vino

654 1201 852 1264 misso
896 1193 1231 1277 respondit
1266 1193 1614 1259 ridiculum
1650 1214 1793 1259 esse
1829 1193 2128 1272 arbitror,
2174 1214 2384 1277 neque
2428 1192 2608 1257 aliud

651 1284 723 1350 in
771 1304 965 1349 causa
1009 1283 1208 1346 fuisse
1252 1280 1547 1364 suspicor
1579 1301 1776 1362 quam
1820 1279 2093 1344 istorum
2139 1287 2604 1361 contemptum.

653 1369 1007 1437 Caeterum
1050 1367 1252 1432 statui
1308 1366 1413 1431 die
1457 1367 1691 1431 Lunae
1745 1363 1982 1431 abhinc
2046 1373 2307 1442 octavo,
2364 1377 2479 1430 aut
2522 1364 2608 1429 ad

628 1451 981 1522 'summum
1019 1452 1344 1535 perendie,
1382 1451 1534 1517 hinc
1575 1451 1826 1516 solvere
1848 1451 2139 1515 Bernam
2175 1450 2603 1534 profecturus.

652 1543 765 1608 An
809 1551 874 1605 te
929 1538 1233 1621 expediat
1289 1558 1543 1603 mecum
1597 1537 1947 1619 proficisci,
2003 1544 2156 1601 tuae
2213 1536 2607 1618 prudentiae

651 1627 1005 1693 committo.
1095 1625 1346 1688 Vereor
1402 1644 1488 1688 ne
1544 1623 2125 1688 calumniatoribus
2180 1620 2608 1704 praebeamus

651 1733 884 1778 ansam
929 1707 1397 1785 calumniandi,
1455 1709 1639 1791 quasi
1697 1708 1872 1772 inter
1928 1729 2046 1774 nos
2089 1708 2495 1772 colludamus
2539 1714 2609 1771 et

650 1797 874 1864 omnia
914 1797 1078 1861 fiant
1120 1793 1199 1858 do
1244 1794 1620 1876 composito.
1710 1794 1882 1859 Rem
1926 1793 2100 1877 apud
2144 1801 2211 1858 te
2256 1794 2605 1876 expendes.

603 1897 607 1904 '
650 1882 952 1966 Exposui
995 1890 1293 1946 nostrum
1328 1879 1672 1944 consilium
1707 1879 2040 1958 fratribus,
2085 1879 2167 1945 de
2212 1880 2609 1963 profectione

649 1969 963 2035 Bernam.
1052 1969 1478 2041 Annuorunt,
1539 1963 1654 2031 sed
1711 1971 1787 2030 ut
1828 1965 1984 2030 hinc
2028 1966 2264 2048 pedem
2306 1985 2610 2030 moveam

652 2064 769 2120 aut
810 2050 1162 2120 concedam
1203 2072 1312 2115 me
1357 2052 1611 2131 vestris,
1668 2050 2043 2116 rarissimus
2086 2059 2188 2116 est
2231 2051 2343 2133 qui
2384 2071 2610 2115 assen-

650 2141 886 2205 tiatur:
932 2137 1048 2203 sed
1091 2157 1226 2203 uno
1271 2158 1383 2202 ore
1427 2157 1653 2202 omnes
1703 2134 2171 2214 dissuaserunt,
2219 2144 2286 2201 et
2330 2157 2401 2200 se
2445 2157 2610 2199 non-

650 2224 819 2292 nihil
862 2223 1130 2308 indigne
1174 2224 1345 2288 ferre
1387 2221 1782 2298 indicarunt,
1829 2221 2001 2305 quod
2044 2224 2248 2288 vestri
2294 2221 2359 2285 id
2405 2220 2609 2304 petie-

650 2312 789 2378 rint
828 2308 1216 2374 inconsultis
1271 2308 1582 2373 fratribus
1636 2307 1971 2386 omnibus,
2072 2315 2291 2373 raeter
2346 2326 2609 2372 omnem

649 2395 1124 2463 ecclesiastieae
1176 2393 1555 2477 disciplinae
1613 2392 1926 2458 ordinem.
2083 2394 2107 2457 i
2161 2401 2482 2459 venturus
2540 2414 2610 2458 es

651 2489 768 2548 aut
811 2480 1196 2563 scripturus,
1242 2481 1343 2544 fac
1386 2479 1587 2545 sciam
1627 2479 1697 2542 in
1734 2486 2043 2562 tempore.
2114 2477 2263 2543 Non
2309 2478 2609 2543 differam

699 2567 1118 2632 rofectionem
1164 2563 1340 2629 ultra
1382 2563 1555 2630 diem
1592 2565 1830 2632 Martis
1873 2565 2210 2647 proximae
2254 2563 2610 2629 hebdoma-

649 2589 755 2718 dis
799 2651 927 2717 nisi
967 2650 1148 2715 aliud
1192 2651 1458 2734 gravius
1503 2650 1832 2716 obstiterit
1873 2658 2138 2733 praetor
2180 2671 2382 2732 spem.
2414 2653 2460 2728 ¹)

826 2738 1159 2803 Diaconus
1216 2744 1440 2801 noster
1456 2735 1514 2822 ²)
1571 2736 1795 2801 Berna
1849 2735 2043 2801 rediit
2097 2735 2433 2802 abdicatus
2491 2754 2607 2799 suo

648 2823 1019 2890 ministerio
1071 2823 1142 2886 in
1188 2830 1327 2886 tota
1369 2829 1597 2886 nostra
1639 2821 1865 2899 classe,
1910 2829 2060 2905 post
2102 2822 2304 2885 trium
2350 2820 2609 2885 dierum

647 2930 978 2975 carcerem
1034 2907 1108 2973 in
1150 2928 1277 2991 quo
1322 2907 1583 2972 Bernae
1637 2907 1940 2972 detentus
1994 2906 2136 2971 fuit.
2224 2905 2455 2972 Iussus
2508 2914 2611 2971 est

646 3003 991 3080 praeterea
1068 2993 1192 3059 hac
1258 2993 1418 3057 urbe
1497 2992 1829 3059 excedere.
1941 2989 2278 3075 Scriptum
2343 2999 2447 3059 est
2523 2991 2609 3057 ad

696 3081 1049 3146 raefectum
1095 3098 1134 3142 a
1176 3078 1561 3145 consistorio
1606 3076 1687 3144 de
1730 3098 1933 3143 uxore
1954 3076 2166 3160 Beati,
2182 3077 2240 3161 ⁸)
2283 3077 2398 3143 sed
2441 3098 2606 3144 non-

646 3102 810 3232 gum
855 3164 1307 3230 intelleximus
1348 3164 1503 3247 quid
1549 3163 1776 3229 literae
1820 3164 2219 3244 contineant,
2261 3164 2392 3229 nisi
2435 3163 2608 3246 quod

650 3251 1033 3336 Hymbertus
1051 3252 1112 3331 ⁴)
1157 3249 1416 3315 audivit
1456 3249 1750 3327 Bernae,
1807 3248 2221 3315 voluntatem
2264 3269 2407 3316 esse
2451 3270 2609 3315 con-

647 3337 895 3403 sistorii
936 3345 1013 3401 ut
1054 3357 1131 3402 ea
1171 3356 1423 3418 quoque
1466 3355 1709 3419 poenas
1751 3334 1892 3400 luat
1932 3356 2095 3419 quas
2137 3336 2397 3400 meruit.
2470 3332 2607 3399 Sed

647 3424 821 3489 nosti
913 3421 1173 3487 raefecti
1220 3422 1293 3486 in
1332 3419 1526 3486 rebus
1569 3421 1875 3487 omnibus
1917 3420 2314 3500 tarditatem,
2357 3442 2484 3504 quo
2529 3422 2608 3485 fit

647 3514 728 3574 ut
791 3528 878 3572 no
924 3507 981 3572 is
1044 3506 1371 3572 incertum
1448 3506 1537 3572 sit
1601 3527 1915 3589 quorsum
1979 3526 2086 3572 res
2147 3507 2234 3572 sit
2309 3527 2604 3572 evasura.

649 3592 1029 3676 Hymbertas
1076 3591 1335 3657 Perroto
1386 3613 1456 3657 se
1501 3591 1669 3657 nihil
1727 3591 2004 3674 posthac
2047 3592 2329 3676 amplius
2373 3613 2605 3657 nume-

646 3687 950 3745 raturum
1014 3676 1356 3760 respondit
1418 3676 1546 3742 nisi
1615 3677 1756 3742 iure
1821 3699 1894 3743 co
1984 3688 2109 3743 tur.
2222 3677 2385 3748 Vide
2447 3675 2603 3761 quid

650 3763 908 3831 Perroto
950 3761 1342 3845 respondere
1396 3760 1650 3828 debeas.
1737 3763 1822 3828 D.
1990 3762 2248 3846 Campis
2289 3764 2603 3847 Morgen-

643 3850 828 4002 ffis
872 3849 1112 3915 missus
1167 3856 1271 3914 est
1325 3869 1531 3931 quum
1586 3848 1783 3914 isthic
1837 3869 2080 3928 essem,
2137 3872 2178 3914 a
2219 3850 2459 3933 quibus
2501 3860 2606 3914 est

802 3954 992 4001 issue.

825 4019 1060 4085 Saluta
1114 4020 1383 4098 amicos,
1438 4031 1507 4085 et
1562 4019 1723 4086 mihi
1782 4019 1955 4104 quod
2011 4021 2183 4087 facto
2240 4040 2404 4102 opus
2458 4041 2603 4085 esse

644 4104 958 4172 iudicaris
1001 4103 1387 4188 significate,
1431 4106 1819 4189 priusquam
1876 4104 1983 4171 hie
2026 4105 2296 4172 solvam.
2392 4106 2605 4170 Graa-

643 4193 844 4267 Μεθ’)
889 4208 1179 4267 mecum,
1237 4190 1368 4255 nisi
1419 4191 1638 4269 fallor,
1696 4200 2017 4257 venturus
2069 4201 2194 4256 est:
2254 4203 2604 4274 propterea

644 4275 838 4359 quod,
858 4275 1015 4341 dum
1037 4275 1213 4358 apud
1235 4297 1349 4341 vos
1366 4297 1595 4355 essem,
1621 4277 1861 4342 missae
1883 4282 2038 4342 sunt
2055 4275 2283 4341 literae
2303 4297 2344 4341 a
2363 4285 2602 4341 senatu

675 4523 808 4591 560.
850 4531 905 4595 1)
943 4530 1100 4587 Haec
1132 4532 1319 4586 omnia
1353 4532 1494 4586 satis
1527 4531 1749 4586 obscum
1783 4530 1948 4586 dieta.
2015 4531 2242 4587 Videtur
2275 4539 2453 4587 tamen
2476 4531 2599 4587 Gal-

643 4600 768 4682 qini
809 4599 1096 4654 eonsilium
1136 4599 1314 4666 fuisso
1358 4599 1602 4654 Bes-nam
1644 4600 1922 4682 proficisci
1965 4606 2027 4655 ut
2072 4601 2244 4682 Viretp'
2286 4601 2599 4683 missionem

640 4667 1401 4815 ἱῗέῗὲἕέΐέίᾢῖῗὶῗιῗίἲῖἳ
1432 4668 2089 4792 ἵζ’·ἕὲἕέιΐᾱὲἴέὲηέἔ
2098 4669 2287 4793 ἐὲἳὲΐ
2301 4675 2597 4806 ἔβαψε.

633 4803 910 4941 ἴατηωὲ)
953 4801 1126 4858 Catus
1169 4820 1340 4875 neque
1384 4821 1579 4860 nomen
1626 4821 1794 4876 neque
1837 4806 2054 4876 culpam
2095 4808 2254 4864 nobis
2292 4808 2597 4863 innotuisse

850 4939 911 5008 3)
951 4939 1174 4995 Comitis
1188 4982 1202 5008 ,
1246 4942 1492 4996 ministri
1520 4941 1971 5011 Lausannevtsae's,
2017 4944 2116 5014 qui
2160 4959 2310 4999 anno
2344 4948 2597 5014 sequente

640 5025 861 5064 munere
896 5022 953 5064 se
986 5008 1263 5065 abdicavit
1302 5016 1366 5065 ut
1400 5009 1660 5064 medicam
1694 5017 1865 5068 artem
1898 5013 2058 5068 unice
2091 5017 2370 5068 exerceret.
2448 5010 2598 5081 Quid

641 5080 762 5132 eius
794 5093 940 5132 uxor
969 5080 1272 5148 peccaverit
1305 5095 1418 5134 nen
1452 5085 1701 5148 apparet.
1777 5080 1925 5138 Obiit
1944 5096 2012 5138 ea
2042 5082 2213 5151 paulo
2238 5087 2372 5151 post
2403 5079 2453 5135 3.
2475 5081 2592 5136 Aa·

635 5147 801 5217 .....-.
847 5147 1083 5284 aa
1097 5145 1676 5285 aaran

847 5280 909 5346 5)
953 5283 1089 5366 Eua
1121 5285 1326 5409 algui-5
1361 5285 1443 5369 1¹⁰.-
1484 5285 1567 5339 Le
1606 5285 1757 5340 Grus
1798 5285 2177 5359 ludimaqn’ster
2211 5286 2499 5359 Aquileiae
2531 5288 2596 5343 in

640 5363 779 5422 aare
824 5350 1079 5411 Vadam
1147 5357 1174 5422 (
1235 5371 1455 5424 muts.
1488 5353 1577 5411 11.
1613 5353 1753 5424 433.)

2203 437 2731 507 EPISTOLAE
2777 442 3116 505 560-562

4541 442 4664 505 732

2715 628 3042 694 Beruensi
3086 626 3170 693 ad
3213 627 3447 695 statres
3462 678 3480 708 ,
3534 637 3613 694 ut
3661 626 3745 693 de
3786 627 3930 693 eius
3972 625 4366 711 migratione
4406 631 4478 692 et
4516 646 4665 692 mu-

2716 714 2960 779 tatione
3004 714 3292 797 cogitent
3344 722 3413 780 et
3455 713 3821 780 deliberent
3862 714 3932 776 in
3976 719 4295 796 tempore,
4353 714 4665 795 quoniam

2716 798 2800 864 ab
2842 820 2918 864 eo
2975 799 3311 866 decretum
3365 807 3473 867 est
3526 813 3601 865 ut
3651 807 3913 884 peracto
3971 798 4095 863 hoc
4151 798 4454 864 semestri
4507 797 4664 864 inde

2713 885 2842 950 alio
2884 886 3144 970 migret.
3214 885 3504 952 Causam
3536 886 3731 952 aliam
3767 906 3902 950 non
3934 892 4242 968 putamus
4281 905 4427 950 esse
4466 904 4666 966 quam

2713 971 2971 1037 suffecti
3004 971 3342 1038 cuiusdam
3377 972 3693 1054 querelas.
3760 972 3932 1037 Nam
3968 971 4331 1053 praefectus
4364 971 4427 1035 ei
4465 971 4661 1035 favet.

2712 1056 2919 1122 Vides
2964 1079 3164 1141 quam
3207 1056 3556 1123 debeamus
3599 1079 3865 1141 sperare
3907 1055 4338 1139 disciplinam.
4427 1054 4667 1121 Saluta

2713 1163 2988 1208 uxorem
3003 1194 3018 1219 ,
3084 1143 3401 1210 Davidem
3415 1192 3430 1220 ‚
3492 1143 3829 1210 Danielem
3898 1151 3968 1207 et
4030 1151 4180 1208 tuos
4243 1146 4664 1227 symmystas.

2711 1228 2899 1294 Vale.
2986 1230 3386 1296 Lausannae
3430 1233 3530 1294 23.
3576 1229 3761 1295 lunii
3813 1232 3994 1293 1544.

3850 1392 4036 1457 'l'uus
4076 1391 4156 1458 P.
4199 1389 4492 1455 Viretus.

3519 1686 3584 1692 ..-
3591 1686 3746 1692 -ο--Ὦ
3787 1685 3890 1692 ——.-

3613 1919 3761 1992 561.

3205 2091 3676 2160 CALVINUS
3720 2091 4175 2160 MYCONIO.

2893 2264 3261 2330 Novissima
3296 2264 3373 2330 de
3413 2264 3565 2330 bello
3606 2263 3886 2330 inchoato
3917 2265 4154 2347 petenti
4195 2264 4407 2329 tradit.
4511 2262 4669 2329 Vota

2713 2355 3033 2433 nuncupat
3073 2370 3200 2433 pro
3247 2351 3449 2416 armis
3496 2350 3830 2415 Gallorum
3882 2357 3941 2415 et
3970 2354 4386 2432 protestantes
4416 2348 4669 2430 princi-

2705 2457 2828 2518 pes
2883 2438 3198 2518 vituperat
3261 2437 3425 2518 quod
3489 2456 3558 2501 se
3616 2434 3879 2501 Caesari
3935 2436 4363 2501 adianoeerint.
4465 2433 4672 2500 Mittit

2715 2522 2913 2587 eidem
2959 2521 3276 2604 exemplar
3324 2521 3648 2605 Supplici-s
3686 2520 4136 2587 exhortationis
4181 2521 4268 2588 ad
4315 2518 4667 2587 Caesarem.

2715 2718 3140 2787 (Autographon
3175 2734 3286 2772 non
3322 2726 3518 2773 exstat.
3588 2719 3850 2772 simlerus
3883 2718 4001 2772 Vol.
4024 2716 4094 2772 55
4128 2717 4362 2798 sumpsit
4395 2733 4464 2770 ex
4500 2715 4671 2770 Arch.

2713 2788 2978 2841 Ber-nens.
3013 2788 3154 2857 Epp.
3179 2787 3301 2843 VII.
3377 2828 3389 2840 .
3426 2786 3529 2840 626
3602 2788 3711 2841 uod
3744 2788 3905 2840 fluxit
3938 2803 4008 2841 ex
4042 2788 4318 2840 Turretmi
4351 2784 4670 2854 apographo

2714 2856 2844 2912 Cod.
2884 2856 3087 2910 Gener.
3125 2855 3243 2919 111,
3277 2804 3374 2911 fef
3409 2855 3493 2909 95.
3619 2872 3715 2910 aec
3750 2857 3930 2910 omnia
3963 2856 4258 2924 praecessit
4293 2861 4452 2909 vetus
4487 2869 4669 2908 exom-

2837 2925 2959 2994 plar
2994 2924 3121 2979 Cod.
3161 2923 3277 2992 106,
3315 2925 3406 2979 fol.
3448 2924 3563 2981 115.
3634 2925 3862 2995 Anglice
3897 2923 4099 2994 legitur
4133 2921 4192 2977 Τ.
4230 2923 4276 2977 Ι.
4312 2939 4349 2994 p
4409 2921 4561 2986 397.)

2880 3112 3233 3179 Praeclare
3277 3113 3419 3179 viro
3460 3114 3546 3178 D.
3585 3112 3877 3179 Osualdo
3921 3112 4232 3197 Myconio
4276 3111 4671 3179 Basiliensis

2710 3198 3021 3267 ecclesiae
3063 3198 3195 3264 fido
3238 3199 3490 3283 pastori
3530 3199 3738 3264 amico
3781 3214 3848 3264 et
3888 3199 4077 3265 fiatri
4119 3197 4579 3350 ctgzqiqigsgmo

2881 3420 2954 3489 S.
3023 3420 3217 3502 Quod
3284 3442 3391 3487 me
3445 3420 3694 3504 rogasti
3718 3420 3767 3505 ¹)
3837 3429 3915 3485 ut
3971 3420 4051 3486 de
4110 3420 4288 3486 Galli
4341 3428 4669 3504 apparatu

2709 3507 3050 3573 certiorem
3096 3514 3160 3571 te
3204 3507 3486 3572 facerem
3503 3558 3521 3583 ,
3577 3506 3711 3571 iam
3755 3506 3822 3572 id
3866 3515 3933 3572 te
3974 3506 4248 3572 minime
4291 3504 4669 3571 desiderare

2708 3592 3006 3658 arbitror.
3074 3591 3250 3657 Nam
3293 3601 3361 3658 et
3394 3591 3735 3658 Helvetios
3781 3590 3965 3657 vides
4009 3592 4338 3669 festinare,
4384 3613 4506 3658 nec
4541 3592 4670 3658 du-

2709 3678 2844 3743 bito
2888 3679 3045 3762 quin
3081 3677 3231 3744 istic
3267 3679 3354 3742 sit
3390 3677 3854 3762 pervulgatum
3889 3677 4203 3761 quidnam
4241 3676 4475 3742 habeat
4508 3696 4670 3743 con-

2709 3763 2858 3829 silii.
2949 3764 3075 3829 Est
3128 3762 3511 3847 oppidulum
3564 3765 3632 3827 in
3690 3762 4056 3846 Campania
4109 3764 4283 3846 quod
4342 3761 4670 3829 Castalio-

2708 3851 2936 3924 nem2)
2981 3857 3239 3914 vocant.
3328 3850 3428 3914 Eo
3467 3849 3684 3931 copias
3727 3870 3954 3914 omnes
3994 3870 4149 3913 suas
4192 3849 4540 3928 contrahit,
4587 3855 4669 3914 ut

2706 3935 2843 4001 illic
2896 3936 2968 3999 in
3020 3933 3382 4000 adventum
3432 3956 3637 4017 usque
3685 3933 3983 4000 Caesaris
4036 3933 4364 4000 subsistat.
4453 3935 4667 4000 Prae-

2705 4019 2876 4086 sidia
2916 4020 3183 4085 interim
3228 4021 3429 4087 habet
3470 4023 3629 4087 satis
3671 4021 3866 4086 firma
3920 4021 3991 4086 in
4048 4021 4321 4087 urbibus
4362 4020 4668 4104 aliquan-

2706 4115 2847 4170 tum
2884 4106 3177 4172 munitis.
3248 4105 3326 4172 Si
3359 4109 3537 4172 vires
3570 4107 3912 4189 utriusque
3947 4108 4383 4186 aestimemus,
4417 4127 4666 4191 magno

2703 4191 2774 4256 in
2817 4190 3109 4276 periculo
3152 4199 3457 4257 versatur
3504 4213 3783 4276 regnum
3829 4191 4107 4257 Galliae.
4129 4195 4186 4267 ⁸)
4273 4193 4526 4257 Verum
4572 4212 4667 4258 ex

2704 4299 2906 4342 manu
2928 4275 3202 4343 Domini
3242 4277 3488 4360 pendet
3529 4285 3828 4344 eventus.
3892 4277 3988 4344 Ut
4020 4276 4216 4343 hodie
4261 4298 4367 4344 res
4411 4276 4667 4344 habent

2704 4364 2776 4427 in
2819 4361 3098 4441 mundo,
3160 4365 3339 4429 sanis
3392 4362 3697 4428 omnibus
3755 4363 4118 4447 optandum
4173 4372 4274 4430 est
4330 4370 4407 4429 ut
4447 4365 4665 4430 nimia

2709 4447 3009 4515 Caesaris
3064 4449 3304 4515 ferocia
3354 4448 3751 4515 cohibeatur.
3838 4449 4011 4514 Nam
4069 4450 4125 4515 si
4168 4449 4328 4534 quid
4385 4451 4662 4534 gravius

2702 4535 2991 4619 patietur
3055 4533 3303 4614 Gallia,
3365 4535 3438 4600 in
3506 4556 3656 4614 nos,
3722 4534 3912 4602 crede
3977 4535 4174 4615 mihi,
4241 4535 4660 4604 redundabit.

2733 4806 2844 4869 561
2905 4807 2965 4941 2))
3008 4874 3280 4932 Cluatium
3318 4892 3495 4946 prope
3531 4876 3814 4947 Epeo-my.
3884 4874 3975 4931 De
4018 4877 4183 4932 huius
4218 4876 4346 4933 beni
4377 4877 4654 4934 discrimi-

2699 4945 2863 5000 nibus
2896 4945 2950 4998 si
2979 4945 3115 5015 qnid
3148 4947 3462 5001 accuratius
3496 4945 3702 5001 discere
3747 4945 3881 5000 velis
3917 4953 3968 4999 te
4008 4946 4086 4999 ad
4117 4945 4408 5002 historicos
4441 4948 4654 5017 ablega·

2699 5029 2856 5095 mys..
2879 5013 2993 5068 Hic
3025 5014 3270 5096 sufficiat
3303 5014 3511 5070 doluisse
3544 5013 3806 5084 oppidum
3839 5014 3982 5069 illud
4014 5015 4066 5068 d.
4100 5013 4150 5067 6.
4190 5014 4336 5084 Sept.
4373 5033 4427 5072 a.
4454 5017 4651 5073 Caesa·

2698 5097 2881 5137 ΜΝ
2903 5083 3422 5234 ἒῗρὸἷξέἕῗῖἷέιῳ
3454 5151 3685 5234 ιιαὸφαι
3718 5152 3921 5234 vaignes
3935 5151 4110 5206 minsa
4143 5152 4375 5235 maana..
4409 5170 4478 5208 ω·
4517 5152 4652 5209 θα-

2697 5235 2890 5274 manta
2924 5236 3217 5289 super-tore,
3259 5226 3457 5289 septies
3489 5220 3631 5276 mtlle
3663 5226 3713 5275 et
3744 5228 4066 5292 qumqentos
4100 5237 4167 5275 es:
4199 5221 4465 5288 mser-tore
4519 5222 4651 5278 His-

2691 5291 3072 5424 {vogggmtu
3091 5289 3235 5344 mille
3256 5293 3309 5345 et
3327 5288 3773 5373 quadr-inquam,
3794 5295 4078 5360 praeterea
4101 5299 4152 5346 et
4173 5290 4365 5346 Italos.
4420 5266 4652 5358 (bank
