5050 6167
390 429 504 495 129

384 618 535 684 Iesu
576 614 1116 682 commendatam.
1220 616 1487 701 Ergone
1538 616 1993 683 sanctissimus
2027 614 2140 681 ille
2184 635 2338 699 apo·

385 703 587 770 stolus
628 701 871 768 idcirco
914 700 1047 768 dici
1090 710 1306 785 potest
1347 703 1767 769 ecclesiarum
1812 700 2121 779 desertor,
2166 699 2340 784 quod

385 789 455 854 in
510 787 836 871 evangelii
893 788 1456 854 administratione
1522 788 1693 853 nulli
1757 797 1934 855 certo
1995 786 2139 853 loco
2195 807 2339 852 sese

384 874 692 957 privatim
738 872 1097 952 addicebat,
1142 873 1258 939 sed
1302 875 1488 958 quasi
1530 874 1828 940 omnium
1870 874 2164 957 gentium
2226 872 2335 937 de·

382 960 553 1027 bitor
588 966 729 1025 tota
769 960 911 1025 vita
951 959 1080 1025 huc
1125 967 1194 1024 et
1233 959 1390 1026 illuc
1432 961 1753 1026 instinctu
1812 960 2084 1043 spiritus
2128 958 2340 1025 sancti

381 1044 967 1130 peregrinabatur?
1065 1045 1300 1111 Nonne
1365 1045 1555 1111 illum
1620 1045 1881 1111 assidue
1949 1044 2341 1111 sollicitabat

382 1132 674 1199 omnium
720 1131 1140 1197 ecelesiarum
1186 1130 1387 1197 cura?
1456 1130 1653 1213 Quod
1699 1132 1757 1197 si
1790 1132 1990 1196 etiam
2035 1130 2119 1195 ad
2162 1151 2339 1195 com-

379 1219 788 1303 parationem
844 1216 1240 1282 veniendum
1284 1227 1401 1296 est,
1446 1218 1551 1284 cui
1596 1237 1837 1300 quaeso
1879 1215 2187 1281 ecclesiae
2227 1215 2340 1281 ob·

381 1305 653 1370 strictus
695 1325 767 1368 es
812 1303 1087 1368 arctiore
1120 1302 1385 1369 vinculo
1423 1323 1619 1386 quam
1639 1302 1739 1367 illi
1758 1311 1913 1367 tuae
1935 1301 2337 1380 Genevensi,

382 1389 464 1456 de
517 1409 647 1473 qua
698 1389 1009 1455 laborasti
1062 1407 1273 1472 usque
1316 1387 1401 1454 ad
1442 1387 1796 1455 exsilium?
1898 1387 1975 1454 Si
2030 1395 2099 1452 te
2141 1386 2338 1453 huius

378 1477 477 1542 rei
535 1475 945 1560 argumentis
1000 1483 1119 1539 aut
1165 1475 1395 1541 docere
1460 1483 1576 1540 aut
1633 1494 2016 1558 permovere
2071 1474 2339 1553 niterer,

377 1582 505 1628 nae
550 1583 760 1628 essem
802 1560 1001 1626 homo
1044 1560 1510 1644 ineptissimus,
1543 1560 1816 1642 iureque
1857 1559 2205 1642 proverbio
2227 1558 2340 1623 illo

379 1646 805 1713 deridendus:
864 1668 980 1712 sus
1020 1646 1427 1711 Minervam!
1516 1646 1698 1729 Ergo
1740 1646 2065 1711 facessant
2118 1644 2338 1709 rheto-

378 1734 519 1800 rica
570 1732 719 1812 illa,
776 1732 994 1797 valeat
1050 1740 1387 1797 oratorum
1451 1731 1819 1796 artificium.
1929 1730 2096 1795 Plus
2158 1729 2337 1794 enim

376 1818 697 1885 momenti
759 1839 834 1884 ac
897 1816 1205 1900 ponderis
1266 1818 1398 1883 scio
1462 1816 1636 1900 apud
1693 1826 1760 1880 te
1819 1816 2126 1882 habitura
2173 1814 2336 1880 haec

377 1924 548 1989 quae
601 1913 759 1970 sunt
809 1902 1008 1987 longe
1063 1904 1349 1985 potiora,
1405 1922 1643 1986 nempe
1696 1903 1977 1967 fratrum
2040 1901 2337 1966 omnium

379 1991 506 2057 hac
560 1990 637 2055 in
694 2009 769 2054 re
824 2008 1247 2069 consensum,
1305 1987 1594 2055 Satanae
1648 1986 1901 2054 cladem
1958 1987 2335 2065 maximam,

377 2076 692 2143 ecclesiae
726 2074 1137 2160 dignitatem,
1173 2074 1244 2139 id
1277 2083 1397 2152 est,
1433 2073 1949 2158 pulcherrimam
1973 2072 2335 2151 victoriam,

376 2169 463 2240 et,
510 2160 686 2246 quod
730 2171 832 2225 est
885 2160 984 2225 rei
1036 2169 1234 2244 caput
1289 2169 1549 2227 caetera
1600 2159 1827 2224 omnia
1880 2158 2335 2242 complectens,

376 2246 657 2313 Domini
700 2245 831 2311 Dei
873 2245 1083 2310 nostri
1126 2246 1405 2331 gloriam
1448 2253 1517 2311 6ι
1561 2245 1895 2310 honorem.
1963 2243 2135 2309 Nam
2181 2242 2338 2327 quid

375 2333 489 2401 hic
545 2331 667 2397 fibi
723 2352 1082 2416 proponam
1132 2341 1252 2397 aut
1303 2333 1547 2396 famam
1598 2337 1788 2395 tuam
1843 2339 1959 2395 aut
2056 2329 2335 2394 loriam?

376 2418 573 2501 Quae
614 2428 837 2483 tamen
882 2419 1045 2501 ipsa,
1088 2418 1145 2483 si
1187 2437 1370 2482 more
1425 2418 1716 2482 humano
1770 2416 2007 2499 loquen
2054 2437 2164 2480 um
2219 2423 2335 2495 est,

375 2506 486 2572 hic
530 2506 813 2571 vertitur
854 2504 1167 2569 maxime:
1214 2502 1329 2568 sed
1372 2502 1541 2567 nihil
1566 2500 1867 2585 equidem
1892 2499 2136 2580 dubim,
2178 2502 2335 2585 quin

274 2649 282 2660 .
375 2612 716 2657 summum
775 2590 1017 2655 bonum
1075 2587 1194 2655 tibi
1250 2589 1339 2653 sit
1405 2589 1655 2654 servire
1718 2588 1965 2672 gloriae
2029 2586 2334 2652 Domini:

374 2679 441 2743 in
490 2678 684 2744 cuius
725 2677 990 2741 nomine
1030 2683 1106 2739 tu
1146 2695 1307 2740 vere
1349 2681 1419 2739 et
1457 2674 1565 2757 pie
1606 2673 1717 2738 vel
1755 2675 1825 2738 in
1868 2672 2102 2738 mediis
2143 2671 2339 2738 malis

376 2763 656 2849 gloriari
712 2769 913 2845 potes.
1016 2759 1095 2826 Si
1148 2759 1270 2824 tibi
1321 2781 1457 2826 non
1512 2766 1688 2824 esset
1741 2759 1814 2822 in
1870 2779 2073 2824 manu
2137 2777 2337 2840 quem

374 2849 528 2915 istic
575 2848 799 2913 statim
841 2846 1249 2931 praeficeres,
1296 2855 1362 2911 et
1404 2845 1591 2929 quasi
1642 2863 2079 2911 successorem
2138 2843 2336 2908 relin-

376 2955 635 3019 queres,
673 2955 808 2999 non
852 2931 1014 2998 adeo
1055 2933 1476 2997 instaremus.
1564 2928 1820 2994 Verum
1860 2951 1996 2994 non
2038 2927 2231 2994 modo
2263 2929 2337 2993 in

376 3020 500 3089 hac
561 3026 783 3104 parto,
839 3019 953 3084 sed
1009 3019 1207 3083 etiam
1258 3018 1329 3083 in
1387 3024 1526 3082 toto
1584 3016 1848 3100 negotio
1902 3021 2127 3080 tantae
2181 3034 2335 3082 con-

378 3113 661 3173 currunt
703 3105 1224 3189 opportunitates
1281 3110 1359 3168 ιιι
1402 3102 1709 3169 Christus
1762 3122 1886 3166 sua
1938 3102 2081 3185 ipse
2136 3121 2339 3166 manu

376 3199 441 3258 te
488 3190 811 3257 deducere
852 3190 1173 3256 videatur.
1262 3190 1434 3254 Nam
1480 3187 1652 3273 quod
1709 3187 2119 3271 migrationis
2169 3187 2339 3252 diffi-

376 3279 716 3357 cultatem,
762 3287 880 3343 aut
919 3283 1097 3344 certe
1139 3276 1428 3360 aliquam
1481 3275 1577 3340 rei
1635 3274 1976 3339 familiaris
2018 3274 2340 3339 iacturam

377 3365 642 3432 causari
688 3363 870 3444 velis,
915 3384 1023 3429 me
1062 3363 1351 3446 profecto
1392 3360 1600 3446 pudet
1642 3361 1958 3445 cogitare,
2015 3358 2338 3443 quomodo

377 3450 629 3516 famulo
671 3448 802 3514 Dei
845 3460 983 3514 tam
1021 3450 1398 3514 abiectares
1433 3448 1705 3512 haerere
1738 3446 1945 3532 possit
1987 3445 2058 3509 in
2094 3446 2334 3509 animo.

377 3536 692 3620 Denique
736 3533 858 3600 tibi
899 3535 1101 3600 ctiam
1140 3542 1338 3618 atque
1391 3533 1589 3598 etiam
1645 3530 2191 3598 considerandum
2234 3551 2337 3596 re-

378 3621 763 3707 linquimus,
808 3627 967 3705 quot
1006 3621 1197 3701 bona,
1243 3627 1399 3704 quot
1431 3617 1922 3686 commoditates
1967 3624 2336 3696 occurrant,

379 3709 436 3774 si
470 3708 776 3774 redieris:
815 3708 920 3773 sin
955 3715 1174 3772 autem
1219 3705 1556 3782 recusaris‚
1593 3711 1840 3786 quanta
1860 3703 2053 3783 mala,
2090 3711 2340 3787 quanta

378 3794 708 3877 pernicies
751 3792 1062 3858 ecclesiae
1104 3792 1203 3857 illi
1248 3789 1654 3856 miserandae
1696 3790 1917 3854 futura
1956 3789 2060 3856 sit.
2161 3785 2339 3870 Quid

379 3882 580 3958 enim,
626 3880 684 3945 si
725 3879 900 3944 victa
941 3878 1022 3944 ob
1067 3878 1294 3942 auxilii
1337 3877 1857 3959 desperationem
1900 3874 2235 3941 relabatur
2268 3875 2339 3939 in

380 3965 690 4032 tenebras
733 3972 803 4030 et
842 3963 1189 4047 pristinam
1247 3959 1723 4030 calamitatem?
1814 3958 1979 4025 Nam
2024 3982 2065 4025 a
2102 3961 2339 4044 quibus

380 4051 654 4118 tandem
698 4050 968 4134 propius
1012 4047 1376 4115 subsidium
1418 4055 1627 4131 petat,
1684 4066 1883 4130 quam
1926 4068 1967 4111 a
2008 4046 2144 4112 suis
2189 4068 2338 4131 pas·

380 4135 683 4204 toribus?
784 4134 892 4201 Ad
948 4155 1109 4218 quos
1180 4141 1247 4199 et
1300 4134 1545 4200 certius
1602 4142 1668 4197 et
1735 4132 1941 4197 tutius
1987 4133 2339 4216 confugiat,

383 4244 584 4306 quam
628 4221 713 4288 ad
754 4221 1207 4305 progenitores
1251 4218 1448 4284 suos?
1525 4215 1720 4298 Quod
1763 4218 1818 4283 si
1863 4218 1945 4282 ab
1987 4218 2070 4282 iis
2112 4238 2183 4283 se
2227 4218 2339 4283 de-

382 4308 687 4375 relictam
733 4306 974 4373 viderit
1030 4329 1067 4371 a
1124 4304 1359 4389 quibus
1412 4304 1828 4387 potissimum
1894 4302 2201 4369 tuendam
2269 4326 2338 4370 se

430 4405 608 4470 utat,
675 4414 842 4476 quae
904 4414 1053 4476 spes
1116 4392 1399 4457 miserae
1454 4399 1522 4454 et
1579 4390 1857 4454 afflictae
1901 4388 2154 4472 reliqua
2193 4389 2335 4454 est?

382 4417 646 4545 gerum
686 4477 849 4543 illud
896 4480 1092 4543 etiam
1134 4475 1287 4543 vide
1329 4498 1431 4554 ne,
1476 4476 1651 4558 quod
1694 4483 1949 4541 avertat
1990 4476 2338 4554 Dominus,

385 4566 445 4632 si
499 4565 732 4630 venire
788 4564 1112 4642 renueris,
1169 4572 1236 4628 te
1282 4564 1497 4646 ipsum
1553 4583 1698 4627 sero
1751 4560 2109 4645 poeniteat,
2169 4583 2338 4627 neve

386 4651 629 4720 dicaris
672 4650 930 4734 spiritui
974 4658 1201 4715 sancto
1245 4647 1530 4713 voluisse
1574 4648 1896 4713 resistere.
1969 4645 2031 4711 O
2122 4645 2335 4726 audia,

385 4735 959 4888 ἰῧξτιιιώἒὲίιᾙιω,
1004 4736 1438 4901 quapplaQusus
1466 4734 1826 4883 ‚uzivemss'
1863 4732 2198 4882 ¹ecclesiae,
2257 4733 2337 4799 de

556 4844 665 4888 res
847 4843 971 4886 one
1088 4843 1129 4886 a
1316 4842 1418 4886 uis
1461 4840 1551 4903 ign
1586 4841 1662 4884 ur
1705 4839 1776 4883 re
1803 4840 1863 4884 lc
1894 4841 1971 4883 us
2006 4840 2075 4883 es
2149 4840 2337 4885 recu-

384 4908 581 4976 sandi
644 4907 869 4974 locus?
937 4906 1091 4991 quid
1170 4914 1375 4971 restat
1437 4926 1628 4988 porro
1693 4904 1825 4969 nisi
1891 4913 1969 4968 ut
2034 4903 2338 4970 invocato

388 4995 661 5061 Domini
727 4992 1000 5069 auxilio,
1067 4991 1379 5058 adhibitis
1445 4991 1517 5054 in
1595 4989 1941 5056 consilium
2004 4990 2336 5071 fratribuS,

388 5078 849 5149 commendata
879 5078 1168 5156 ecclesia,
1205 5076 1433 5143 relicto
1454 5073 1685 5141 idoneo
1712 5094 2103 5154 successore,
2140 5098 2338 5161 quam

391 5167 680 5250 primum
736 5165 993 5242 venias,
1050 5175 1166 5229 aut
1218 5162 1438 5248 potius
1494 5159 1804 5228 advoles?
1905 5162 2005 5227 Ac
2061 5163 2188 5228 nisi
2230 5185 2339 5228 me

393 5251 775 5319 invaletudo
818 5251 1149 5328 retineret,
1194 5249 1327 5313 iam
1370 5248 1519 5314 istic
1561 5267 1792 5325 essem,
1849 5255 2046 5324 certe,
2104 5250 2159 5312 si
2206 5261 2337 5313 tar·

395 5336 604 5419 dares,
648 5337 845 5404 istinc
887 5336 1232 5402 sublimem
1272 5333 1405 5400 huc
1445 5334 1742 5417 protinus
1798 5352 2114 5415 raperem.
2203 5331 2341 5400 Sed

607 5439 830 5497 moins·
859 5454 1045 5509 opera.
1130 5438 1244 5493 Vol.
1284 5435 1394 5490 XI.

1822 431 1987 493 1540
2030 423 2949 494 NOVEMB.-DEOBMB.

4279 440 4404 510 130

2441 611 2599 696 quid
2639 634 2806 698 opus
2853 613 3115 682 verbis?
3205 614 3415 698 Quasi
3470 640 3626 685 vero
3688 628 3805 685 aut
3868 620 4258 705 prudentiae
4322 646 4402 695 ac

2440 698 2741 766 fficilitati
2791 710 2972 780 tuae,
3027 708 3142 766 aut
3183 703 3385 768 etiam
3424 702 3688 771 divinae
3731 706 4182 791 providentiae
4227 709 4401 777 diffi-

2442 784 2692 851 damus.
2794 784 3114 870 Superest
3174 787 3381 872 igitur
3444 797 3521 854 ut
3583 790 3701 856 tibi
3766 812 3993 859 omnes
4055 816 4403 877 precemur

2441 891 2828 954 prosperum
2905 882 2974 937 et
3044 872 3305 939 facilem
3382 896 3652 941 cursum
3728 879 4145 960 profectionis
4225 890 4396 952 tuae.

2443 955 2662 1038 Quam
2706 977 2849 1022 rem
2892 958 3012 1024 tibi
3054 957 3384 1026 Dominus
3426 961 3736 1028 concedat
3777 985 3896 1048 per
3936 965 4149 1031 filium
4202 989 4400 1035 suum

2442 1042 2808 1108 Dominum
2851 1051 3154 1110 nostrum
3195 1045 3418 1112 Iesum
3463 1045 3821 1114 Christum.
3911 1050 4147 1118 Amen.
4227 1053 4401 1122 Uni-

2440 1129 2656 1193 versis
2700 1138 2767 1194 et
2809 1130 3084 1214 singulis
3127 1130 3438 1198 stati-ibus
3480 1133 3787 1200 ecclesiae
3824 1143 4082 1202 vestrae
4115 1138 4399 1206 salutem

2440 1213 2796 1297 plurimam
2841 1212 3032 1301 [quos
3065 1237 3291 1283 omnes
3324 1216 3614 1284 obtestor
3648 1240 3766 1303 per
3786 1221 4154 1289 Dominum
4173 1224 4398 1292 Iesum

2442 1320 2529 1365 ne
2580 1299 2738 1381 quid
2792 1299 3157 1384 impediant
3210 1302 3388 1369 hunc
3444 1302 3733 1371 reditum
3789 1316 3857 1372 6ι
3913 1309 4398 1376 restitutionem

2442 1380 2678 1472 tuamJ.
2701 1385 2753 1470 ¹)
2849 1387 3076 1452 Etiam
3131 1394 3326 1472 atque
3385 1391 3583 1455 etiam
3636 1391 3810 1470 vale,
3879 1393 3977 1458 fili
4041 1396 4395 1463 carissime.

2442 1469 2505 1536 O
2551 1471 2812 1554 quando
2845 1471 3036 1538 illum
3081 1473 3251 1540 diem
3296 1474 3684 1556 videbimus,
3729 1499 3857 1561 quo
3901 1489 3967 1544 te
4001 1480 4217 1563 ipsum
4254 1502 4397 1548 cor-

2439 1577 2600 1639 pore
2643 1566 3054 1641 praesentem
3098 1557 3206 1627 hic
3263 1560 3550 1628 salutare
3595 1569 3662 1628 et
3705 1564 3987 1630 osculari
4033 1568 4393 1649 possimus!

3211 1696 3406 1762 Nosti
3449 1719 3724 1763 manum
3769 1700 3865 1764 tui
3908 1700 4222 1769 Oorderii.

3267 1957 3508 1965 --———-—
3543 1961 3556 1964 -

3349 2138 3493 2209 2⁶5.

2938 2276 3411 2346 OALVINUS
3455 2279 3885 2348 PAREN'I'I.

2613 2445 2718 2513 De
2781 2467 2969 2514 coena
3044 2449 3209 2530 quod
3289 2450 3607 2516 ordinavit
3679 2452 3824 2517 bene
3883 2453 4044 2534 fecit.
4158 2453 4397 2521 Casum

2434 2553 2697 2619 pravom
2737 2533 3115 2616 disciplinae
3146 2533 3560 2602 sollicitudini
3617 2538 3757 2602 eius
3814 2539 4202 2605 commendat.
4294 2539 4398 2607 De

2438 2621 2752 2685 vocatione
2798 2619 3145 2685 Genevensi
3180 2621 3519 2704 perplexus
3571 2621 3794 2689 haeret.
3899 2625 4101 2690 Varia
4152 2626 4401 2710 Aryca-

2440 2706 2803 2772 toracensia.

2443 2877 2551 2942 (Ex
2598 2875 2910 2946 apographo
2957 2876 3184 2945 antiquo
3228 2875 3358 2930 Cod.
3411 2877 3613 2932 Genev.
3663 2877 3779 2944 106,
3826 2879 3917 2933 fol.
3951 2878 4022 2932 49
4066 2880 4218 2934 cuins
4265 2897 4394 2950 apo-

2541 2944 2652 3016 pha
2684 2945 2990 2999 recentiora
3024 2950 3242 2999 exstant
3273 2946 3406 2999 ibid.
3425 2946 3554 3001 Cod-
3575 2946 3696 3018 111,
3727 2947 3823 3002 fol.
3852 2946 3938 3017 26,
3972 2948 4192 3003 Archiv.
4229 2950 4394 3004 Bern.

2531 3032 2583 3085 p.
2621 3013 2723 3069 VI.
2758 3031 2811 3083 p.
2846 3011 2918 3067 43
2968 3017 3028 3067 et
3062 3013 3244 3068 Turici
3281 3014 3493 3070 Simler.
3532 3015 3660 3070 Vol.
3697 3014 3785 3070 48.
3821 3045 3886 3057 -
3923 3017 4148 3088 Anglice
4186 3017 4392 3074 editam

3112 3082 3248 3152 legis
3284 3083 3318 3136 1.
3354 3083 3392 3139 l.
3426 3083 3469 3138 1.
3503 3101 3556 3153 p.
3597 3084 3741 3152 198.)

2581 3271 2884 3338 ·Νιοοιω
2925 3270 3202 3337 Parma
3251 3271 3439 3338 fras-i
3503 3292 3650 3339 meo
3703 3275 4058 3354 mismo,
4126 3223 4397 3343 Ῑιῑωοιιο

2444 3358 2757 3426 ccclesiae
2800 3357 3179 3442 gallicanae.

2613 3494 2842 3560 Placet
2871 3493 3047 3576 quod
3091 3514 3342 3560 sacram
3377 3515 3641 3561 coenam
3678 3495 3750 3559 in
3785 3496 4067 3563 alterum
4101 3519 4396 3565 mensem

2440 3579 2792 3652 distuleris,
2837 3580 2994 3663 quia
3036 3600 3184 3645 eam
3227 3601 3405 3646 nunc
3439 3581 3900 3648 administrare
3943 3604 4075 3648 non
4112 3592 4393 3667 poteras,

2442 3668 2573 3733 nisi
2627 3665 2923 3751 neglecto
2981 3685 3057 3731 eo
3114 3663 3341 3731 ordine
3401 3688 3592 3749 quem
3641 3688 3778 3732 non
3822 3669 3964 3734 sine
4009 3690 4207 3735 causa
4249 3669 4398 3735 dili-

2441 3759 2675 3838 genter
2726 3757 3064 3817 servatum
3119 3772 3261 3817 esse
3318 3752 3526 3835 cupio.
3629 3753 4058 3819 Ecclesiolam
4103 3761 4397 3820 nostram

2441 3838 2615 3922 quod
2662 3836 2855 3904 audio
2899 3844 3075 3902 stare
3117 3837 3529 3916 incolumem,
3575 3838 3668 3903 ita
3708 3848 3785 3903 ut
3827 3840 4082 3905 nullum
4124 3862 4207 3906 ex
4246 3861 4398 3907 mea

2443 3924 2739 3989 absentia
2799 3922 3287 3988 incommodum
3350 3924 3619 4003 sentiat,
3701 3923 3767 3988 id
3846 3946 3954 3990 me
4017 3926 4260 3991 mirum
4325 3928 4397 3992 in

2443 4008 2713 4076 modum
2757 4008 3101 4088 exhilarat,
3136 4007 3246 4075 vel
3282 4022 3479 4087 certe,
3516 4019 3590 4075 ut
3622 4010 3689 4075 in
3729 4010 3925 4076 rebus
3958 4011 4167 4090 malis,
4206 4010 4397 4077 valde

2443 4103 2699 4163 recreat
2740 4116 2816 4161 ac
2861 4095 3126 4160 solatur.
3193 4095 3483 4161 Tametsi
3508 4095 3720 4161 obiter
3752 4104 4007 4162 tantum
4054 4119 4130 4163 ac
4170 4099 4399 4180 paucis

2443 4182 2663 4248 verbis
2707 4180 2823 4246 tibi
2864 4180 2988 4245 sub
3034 4179 3392 4247 discessum
3437 4180 3723 4247 indicavi
3767 4181 3920 4265 quid
3965 4183 4129 4247 mihi
4164 4201 4399 4265 operae

2444 4269 2728 4352 pretium
2770 4263 3120 4344 videretur,
3167 4266 3318 4332 dedi
3361 4274 3586 4332 tamen
3640 4268 3831 4332 fidele
3888 4268 4231 4333 consilium
4289 4270 4401 4334 cui

2443 4362 2510 4419 te
2555 4351 3003 4435 obtemperare
3049 4350 3328 4436 gaudeo:
3397 4375 3533 4418 non
3597 4354 3751 4436 quia
3805 4373 4026 4417 meum
4082 4362 4212 4433 est,
4279 4354 4396 4420 sed

2485 4441 2595 4504 uia
2638 4447 2707 4504 et
2748 4438 2863 4503 tibi
2910 4458 3041 4502 non
3085 4437 3342 4514 inutile,
3389 4445 3454 4503 et
3497 4438 3645 4503 aliis
3677 4438 3937 4504 salubre
3958 4460 4100 4510 esse
4123 4440 4390 4508 confido.

2440 4462 2548 4590 De
2590 4523 2986 4608 pauperibus
3028 4543 3161 4587 non
3199 4544 3434 4606 parum
3478 4546 3624 4589 sum
3660 4524 4012 4607 perplexus
4047 4524 4117 4588 in
4141 4525 4398 4591 ratione

2442 4607 2875 4695 excogitanda
2950 4629 3080 4691 qua
3153 4611 3477 4691 possimus
3556 4610 3685 4675 illis
3757 4630 4151 4676 succurrere.
4261 4610 4398 4677 Sed

2443 4695 2627 4762 vides
2669 4694 2977 4760 ecclesiae
3019 4705 3284 4760 nostrae
3316 4695 3623 4778 inopiam.
3711 4695 3938 4779 Neque
3975 4696 4234 4762 efficere
4270 4718 4395 4760 un-

2442 4802 2641 4865 quam
2683 4780 2885 4864 potui,
2932 4789 3006 4844 ut
3044 4801 3080 4845 e
3125 4778 3350 4845 Gallia
3391 4780 3664 4847 subsidii
3709 4779 3954 4864 aliquid
4008 4783 4396 4847 mitteretur.

2442 4869 2721 4932 Clavem
2764 4865 3040 4931 alteram
3087 4864 3408 4930 Sturmius
3451 4865 3626 4930 domi
3671 4888 3826 4932 suae
3869 4867 4147 4951 reliquit.
4177 4872 4227 4944 ¹)
4316 4864 4398 4933 Si

2442 4960 2702 5019 tantum
2745 4951 3086 5035 reperietis
3130 4953 3199 5016 in
3243 4953 3494 5018 aerario
3535 4951 3710 5017 unde
3752 4953 4016 5036 possitis
4059 4972 4266 5035 usque
4310 4951 4398 5017 ad

2441 5059 2664 5105 meum
2703 5035 2994 5104 reditum
3035 5047 3449 5121 praesentem
3494 5039 3947 5105 necessitatem
4003 5045 4404 5119 sustentare,

2476 5277 2614 5340 264,
2649 5277 2707 5337 1)
2744 5277 2904 5332 uncis
2935 5276 3151 5332 inclusa
3183 5278 3247 5333 in
3280 5278 3529 5349 omnine
3560 5278 3782 5347 son-ipto-

2478 5344 2616 5408 265.
2653 5345 2714 5416 l)
2761 5345 2985 5401 Videtur
3018 5347 3069 5400 is
3101 5347 3352 5403 eeclesiae
3382 5346 3691 5417 qallo'canas
3723 5344 4104 5485 thesaurgrius
4133 5346 4330 5415 fuisse.
