5050 6167
426 391 542 452 ‘141

422 574 811 642 Bernatium
854 572 1103 654 literae,
1125 576 1182 650 ²)
1240 581 1310 642 et
1362 573 1520 658 quid
1574 572 2002 639 continerent.
2091 572 2170 639 Si
2210 573 2365 639 licet

503 681 540 724 r
581 660 820 739 otium,
878 659 1086 725 scribe
1185 659 1337 723 aulo
1393 659 1601 725 fusius
1658 656 1740 724 de
1795 660 1990 726 rebus
2045 658 2362 724 omnibus.

421 683 605 813 ffihil
647 744 857 811 scribo
890 744 973 810 ad
1008 755 1076 811 te
1162 766 1200 810 e
1230 743 1338 811 his
1373 763 1542 828 quae
1573 743 1683 811 hic
1724 753 2013 828 aguntur
2053 753 2169 809 aut
2200 765 2365 829 quae

421 833 683 899 Bernae
736 828 903 909 vidi,
963 832 1269 914 quoniam
1324 830 1466 896 eius
1516 831 1650 897 sint
1701 831 1960 915 generis
2006 838 2085 895 ut
2136 829 2366 908 malim

421 937 640 984 coram
680 936 955 983 narrare
996 937 1193 998 quam
1236 916 1447 982 literis
1489 917 1915 982 committere.
1982 915 2132 982 Hac
2173 925 2366 982 nocte

420 1023 591 1069 uxor
644 1001 907 1068 Omnitis
966 1001 1147 1067 obiit.
1173 1005 1232 1079 ⁸)
1332 1000 1569 1067 Saluta
1636 1002 1910 1079 amicos,
1974 1002 2365 1085 praesertim

423 1088 831 1154 domesticos.
927 1088 1153 1153 Nostri
1216 1095 1283 1153 te
1348 1087 1641 1153 salutant
1697 1107 1942 1153 omnes.
2045 1085 2366 1152 Redditus

422 1182 578 1239 sunt
621 1174 787 1238 mihi
833 1172 1077 1239 Farelli
1129 1173 1357 1239 literae
1401 1172 1636 1257 quibus
1678 1173 1979 1238 meminit
2022 1171 2102 1237 de
2150 1171 2367 1238 Sebas-

419 1259 624 1337 tiano,
687 1260 802 1342 qni
863 1259 989 1323 fuit
1037 1257 1341 1324 Neocomi
1410 1268 1479 1323 et
1530 1259 1637 1341 qui
1703 1258 1912 1322 multa
1974 1267 2367 1341 conquestus

422 1353 543 1411 est.
561 1345 623 1428 ⁴)
710 1342 883 1409 Vide
936 1365 1022 1410 ne
1075 1346 1219 1428 quis
1276 1343 1627 1429 quidquam
1670 1343 1978 1410 moliatur
2018 1343 2366 1409 adversum

422 1437 505 1497 te.
594 1427 731 1497 Sed
772 1431 1099 1496 Dominus
1152 1430 1451 1498 conficiet
1502 1428 1813 1496 aemulos.
1901 1428 2088 1495 Vale.
2189 1429 2368 1496 Lau-

421 1537 671 1582 sannae
712 1522 772 1581 4.
818 1516 1104 1601 Augusti
1154 1521 1337 1581 1544.

1214 1826 1467 1834 ..-—-—-
1554 1825 1603 1832 —-

1319 2058 1469 2129 567.

954 2209 1360 2282 VIRE'PUS
1407 2210 1841 2281 CALVINO.

601 2383 704 2452 Dc
778 2384 1145 2451 castellione
1208 2391 1264 2450 et
1333 2383 1641 2451 Zebedaeo
1692 2385 2030 2466 praefatus
2092 2383 2376 2449 ministri

420 2471 759 2540 cuiusdam
800 2472 991 2537 vicini
1032 2471 1348 2536 desideria
1407 2490 1484 2534 ex
1604 2471 1656 2533 it
1709 2470 1940 2570 quibus
1991 2471 2125 2550 ipse
2161 2471 2375 2534 minus

420 2559 612 2643 favet.
700 2557 967 2623 Tossani
1007 2558 1422 2639 quaestionem
1499 2576 1531 2620 e
1572 2555 1833 2620 maluere
1874 2556 1944 2619 in
1987 2554 2238 2620 ecclesia
2274 2555 2378 2622 do-

424 2649 597 2710 cente
629 2643 887 2725 profert.

711 2813 821 2879 (Ex
857 2810 1190 2880 autographo
1226 2811 1360 2865 Ood.
1396 2810 1599 2867 Gencv.
1636 2810 1775 2863 111⁸,
1826 2810 1918 2864 fol.
1958 2808 2098 2877 136.)

603 3001 837 3067 Ioanni
909 2999 1187 3068 Calvino
1261 2999 1672 3066 Genevensis
1752 2999 2061 3064 ecclesiae
2134 2998 2379 3082 pastori

429 3087 938 3173 vigilantissimo
980 3085 1173 3150 fratri
1215 3107 1411 3169 quam
1453 3087 1789 3151 carissimo

1876 3168 2209 3235 Genevae.

609 3307 679 3374 S.
758 3308 942 3373 Nihil
1003 3307 1087 3372 ad
1139 3314 1206 3372 te
1263 3306 1545 3372 scribere
1601 3305 2017 3371 decreveram
2034 3355 2050 3383 ,
2110 3325 2382 3387 sperans

426 3395 577 3462 fore
619 3409 696 3458 ut.
738 3392 1088 3476 aliquando
1142 3392 1544 3458 occasionem
1598 3399 1892 3474 captares
1934 3390 2272 3473 hucusque
2314 3389 2387 3454 et'

431 3482 840 3547 Neocomum
911 3479 1341 3563 exspatiandi.
1367 3478 1417 3561 ¹)
1525 3476 1697 3575 Nam
1770 3476 1898 3575 nisi
1974 3486 2044 3539 te
2106 3476 2385 3559 negotiis

429 3560 1868 3732 3333„Vssssnssssffizpttpssffiffitssffgf·
1904 3559 2387 3711 ᾱῑὲἓῖοωωᾝ

431 3737 643 3804 donec
684 3757 902 3801 coram
949 3736 1221 3818 colloqui
1256 3735 1464 3800 liceat.
1552 3732 1969 3809 Intellexisti,
2013 3753 2052 3796 o
2098 3732 2260 3808 inor,
2304 3729 2385 3796 de

436 3823 808 3890 Sebastiano
824 3873 840 3900 ,
899 3842 1090 3903 quem
1150 3821 1347 3886 audio
1389 3819 1719 3885 Basileam
1777 3839 1847 3883 se
1904 3815 1989 3881 ad
2213 3816 2387 3880 inum

432 3909 744 3991 recipcre.
762 3909 820 3989 2)
886 3907 1100 3973 Miror
1142 3915 1362 3970 autem
1407 3904 1579 3988 quod
1612 3922 1734 3968 nec
1775 3903 1921 3968 iens
1963 3922 2085 3968 nec
2128 3900 2387 3966 rediens

441 4265 655 4325 m...-
644 4197 729 4321 212.
742 4189 2393 4341 emwmwwmwffl..w

450 4333 1361 4416 ὀοῶίριᾼυριμῠίσαῑυόκω
1404 4332 1545 4385 duos
1586 4331 1731 4385 altos
1772 4329 2393 4398 vocandoepropome

442 4354 716 4540 zm&
749 4403 1147 4553 am..
1236 4400 1638 4549 mcc
1672 4399 1945 4548 w*
2250 4532 2262 4544 ,
2326 4531 2339 4544 ‚

654 4540 715 4610 4)
755 4541 1008 4596 Gastezzw
1042 4540 1262 4596 tandem
1300 4537 1492 4609 pruine
1526 4536 1671 4590 Idus
1704 4535 1851 4616 Indu·
1879 4553 1918 4589 a
1952 4533 2167 4590 Senatu
2199 4532 2390 4586 domu-

444 4626 547 4668 m
591 4615 673 4665 eet
710 4615 1010 4680 postquam
1052 4610 1168 4664 iam
1211 4608 1266 4662 ἆ.
1304 4608 1388 4661 12.
1424 4606 1588 4661 Iunii
1631 4622 1671 4659 a
1713 4605 2016 4684 minustmo
2058 4606 2301 4656 remotus
2341 4605 2393 4655 ct

444 4679 680 4760 saepius
721 4680 775 4733 a·
817 4695 858 4759 ᾳ
1165 4679 1330 4732 aiam
1371 4677 1437 4729 in
1480 4688 1705 4730 munere
1748 4674 2067 4728 scholasuo
2115 4683 2394 4725 messor

483 4746 997 4897 {smnssft'ipso
1045 4819 1286 4884 tempore
1327 4805 2396 4895 rqvcquBmameecontulitaed

447 4881 1527 4953 asmatummmoneoespatmzds
1559 4875 2394 4957 causa.(Be9.duC38.4u9.)

658 4954 720 5021 2)
756 4954 873 5008 sca.
908 4952 1227 5008 correctorie
1267 4957 1459 5020 partes
1509 4953 1867 5018 Maepham-us
1911 4950 1963 5001 et
2006 4951 2393 5013 smmum,

452 5022 563 5079 ino
614 5023 685 5078 in
738 5022 1065 5078 maim:
1111 5026 1449 5089 paupertate
1505 5020 1773 5075 victumae.
1855 5014 2140 5071 (Μωυσῆ
2183 5029 2253 5094 ω.)
2295 5013 2397 5068 hoc

449 5090 757 5162 locopoetet
789 5090 1138 5146 &Manum
1171 5090 1553 5144 ctBoomemm
1584 5082 2397 5155 massequumcastollwmm

451 5160 1147 5225 mammae-ao,
1193 5158 1456 5214 vol-dm
1506 5152 2268 5214 mfflooelbffiflasaem

452 5313 700 5357 vomu·
856 5313 921 5367 p.
1030 5337 1043 5351 .

2294 5237 2394 5278 016·

2113 391 2277 452 1544
2320 385 2718 457 AUGUSOE.

4285 392 4412 458 742

2465 595 2808 658 nunquam
2860 573 2986 640 hac
3051 574 3178 639 iter
3230 573 3476 642 fecerit.
3578 574 3794 641 Multa
3856 582 4250 659 conquestus
4312 587 4416 642 est

2468 661 2672 725 etiam
2724 658 2898 744 apud
2956 658 3339 725 Zebedaeum
3404 680 3522 726 suo
3585 680 3783 726 more.
3895 660 4244 727 Zebedaeue
4305 661 4415 725 hic

2467 754 2586 825 est,
2628 745 2734 811 cui
2775 766 3010 828 parum
3065 744 3234 811 benc
3286 766 3438 812 cum
3494 746 3634 812 suis
3671 744 3958 812 Orbanis
4011 748 4331 814 convenit.
4355 749 4412 828 8)

2469 830 2700 913 Quum
2741 831 2965 896 Berna
3021 830 3281 896 rediens
3324 829 3507 896 Orba
3555 831 3683 896 iter
3737 831 4053 911 facerem,
4113 831 4415 897 nonnihil

2468 937 2666 1000 aegre
2706 917 2864 982 tulit
2916 915 3087 999 quod
3129 923 3384 982 veteres
3435 916 3734 999 querelas
3791 914 4018 982 audire
4072 917 4412 984 noluerim.

2469 1001 2661 1067 Dabo
2703 1011 2928 1067 tamen
2969 1021 3235 1085 operam
3279 1013 3369 1079 ut,
3414 1002 3624 1085 quoad
3676 1003 3817 1068 eius
3859 1003 4001 1068 fieri
4043 1004 4300 1086 poterit,
4343 1004 4417 1068 in

2469 1087 2686 1154 officio
2727 1088 3154 1154 contineatur.

2642 1173 2952 1238 Minister
2992 1172 3428 1246 Linirolius⁴)
3488 1171 3881 1254 (Manderue
3936 1173 4006 1239 ni
4061 1172 4254 1239 fallor
4307 1194 4418 1239 vo·-

2471 1259 2704 1342 catur),
2746 1260 2861 1341 qui
2904 1279 3053 1325 cum
3087 1258 3360 1323 Puliaco
3398 1257 3619 1323 locum
3662 1270 4059 1324 commutare
4101 1258 4298 1342 cupit,
4336 1256 4420 1323 ad

2470 1364 2581 1408 me
2620 1342 2816 1409 rediit
2868 1363 2946 1408 ac
2987 1343 3179 1408 valde
3217 1344 3459 1409 institit
3499 1351 3576 1407 ut
3614 1343 3685 1408 in
3730 1343 3856 1410 hac
3898 1347 3959 1408 ei
4001 1364 4198 1410 causa
4237 1345 4418 1409 fave-

2472 1449 2611 1494 rem
2628 1480 2644 1507 ,
2704 1436 2772 1495 et
2813 1428 3038 1494 multis
3079 1437 3352 1495 conatus
3402 1437 3504 1495 est
3555 1449 3768 1493 meam
3820 1431 4212 1494 sententiam
4254 1429 4422 1494 mihi

2473 1522 2879 1597 extorquere,
2923 1522 3000 1578 ut
3038 1512 3196 1598 quid
3239 1514 3440 1579 animi
3485 1514 3791 1579 haberem
3835 1515 4221 1597 exploraret.
4285 1515 4421 1580 Re-

2472 1600 2624 1664 misi
2668 1599 2752 1664 ad
2796 1599 3053 1677 classes,
3099 1599 3398 1683 quamvis
3440 1620 3625 1681 spem
3672 1598 3960 1665 adimere
3998 1599 4261 1684 penitus
4305 1621 4421 1665 no-

2471 1684 2743 1763 luerim,
2801 1705 2888 1749 ne
2944 1684 3206 1749 viderer
3260 1684 3575 1751 classibus
3629 1695 3694 1749 et
3751 1685 4060 1751 fratribus
4117 1685 4422 1751 omnibus

2476 1768 2923 1854 praeiudicare
2963 1791 3041 1836 ac
3097 1791 3243 1835 meo
3285 1771 3509 1836 omnia
3551 1771 3821 1836 arbitrio
3864 1770 4205 1836 moderari.
4292 1770 4424 1836 Ne-

2476 1855 2630 1940 gavi
2672 1863 2894 1921 tamen
2938 1876 3060 1922 nos
3100 1856 3453 1938 scripturos
3499 1855 3623 1922 hac
3666 1854 3746 1921 de
3780 1877 3871 1934 re,
3916 1856 4191 1922 honesto
4235 1877 4423 1939 prae-

2475 1949 2701 2019 textu,
2760 1940 2930 2024 quod
2988 1940 3238 2007 scilicet
3282 1962 3403 2026 ego
3458 1951 3523 2005 et
3565 1951 3639 2005 tu
3694 1940 4068 2007 videremur
4110 1941 4424 2007 classibus

2475 2027 2733 2110 praeire
2798 2035 2865 2092 et
2939 2028 3329 2092 confirmare
3393 2026 3765 2110 opinionem
3829 2049 4023 2111 quam
4088 2027 4280 2092 multi
4344 2024 4427 2092 de

2476 2112 2664 2178 nobis
2707 2122 3160 2195 conceperunt,
3207 2123 3336 2190 aut,
3384 2118 3461 2176 ut
3504 2113 3724 2178 verius
3768 2110 3998 2193 dicam,
4043 2112 4427 2191 calumniae,

2477 2196 2649 2281 quod
2709 2197 2892 2262 velut
2957 2198 3297 2281 pontifices
3353 2196 3632 2264 velimus
3689 2200 3908 2263 omnia
3971 2219 4283 2282 peragere
4345 2218 4430 2262 ex

2479 2282 2683 2348 animi
2727 2283 2934 2348 nostri
2980 2283 3336 2359 sententia,
3392 2289 3458 2347 et
3501 2283 3565 2346 in
3617 2283 3897 2366 reliquos
3941 2283 4178 2349 fratres
4219 2283 4429 2366 impe-

2478 2369 2653 2434 rium
2713 2390 3064 2435 assumere.
3167 2367 3436 2432 Nullam
3484 2388 3627 2432 esse
3690 2367 3866 2432 viam
3924 2367 4430 2434 commodiorem

2479 2474 2678 2537 quam
2723 2461 2800 2518 ut
2840 2454 3155 2519 fratribus
3208 2452 3512 2517 omnibus
3555 2454 3891 2536 negotium
3938 2460 4428 2537 proponeretur.

2481 2539 2672 2604 Tunc
2716 2539 3043 2604 Dominus
3104 2560 3181 2603 su
3229 2547 3415 2622 geret
3468 2538 3698 2620 cuique
3742 2536 3913 2620 quod
3955 2540 4168 2605 visum
4212 2538 4428 2603 fuerit.

2479 2624 2742 2689 Horum
2787 2632 2854 2688 te
2897 2623 3098 2691 velim
3220 2624 3543 2688 monitum
3589 2632 3681 2700 ut,
3725 2623 3784 2688 si
3826 2622 3910 2687 ad
3952 2631 4015 2689 te
4049 2623 4433 2689 concederet

2482 2718 2599 2774 aut
2656 2711 2897 2793 scripto
2956 2717 3170 2776 tecum
3229 2731 3268 2775 a
3353 2717 3487 2787 ret,
3546 2708 3972 2791 responderes
4034 2709 4129 2773 ita
4182 2716 4259 2773 ut
4318 2717 4432 2773 tua

2483 2795 2692 2860 oratio
2758 2815 2798 2859 a
2863 2816 3010 2859 mea
3073 2816 3207 2859 non
3336 2807 3684 2876 screparct.
3788 2794 3984 2859 Nolui
4049 2795 4108 2859 ei
4175 2794 4431 2877 aperire

2482 2879 2656 2964 quod
2701 2880 3057 2946 sentiebam
3114 2880 3268 2962 quia
3321 2901 3453 2944 non
3511 2878 3852 2944 videbatur
3895 2876 4218 2963 expedire.
4309 2877 4464 2946 Se-.

2482 2973 2678 3030 nator
2719 2986 2854 3029 non
2898 2963 3088 3031 debet
3129 2971 3283 3030 ante
3318 2964 3860 3031 consultationem
3901 2966 4224 3048 privatam
4260 2965 4433 3030 ferre

2484 3052 2894 3117 sententiam.

2657 3134 2891 3203 Saluta
2934 3134 3194 3201 amicos.
3283 3133 3508 3199 Nostri
3553 3144 3620 3199 te
3662 3156 3885 3200 omnes
3930 3134 4238 3199 salutant.
4327 3131 4435 3200 De

2485 3222 2680 3288 rebus
2716 3222 2959 3286 nostris
3010 3220 3291 3286 nuncius
3341 3218 3530 3304 plura
3564 3221 3819 3285 referet.
3879 3220 4097 3305 Migro
4132 3222 4204 3285 in
4240 3217 4434 3286 aedes

2486 3305 2569 3372 de
2641 3305 2875 3391 quibus
2943 3306 3259 3371 hactenus
3325 3302 3576 3370 tamdiu
3643 3313 3962 3373 certatum
4030 3313 4146 3372 est.
4247 3304 4433 3371 Vale.

2484 3392 2884 3459 Lausannae
2930 3395 2987 3456 9.
3034 3390 3324 3475 Augusti
3375 3395 3554 3455 1544.

3625 3527 3808 3592 Tuus
3850 3527 3926 3591 P.
3971 3526 4259 3593 Viretus.

2668 3730 2993 3796 Tassanus
3036 3751 3075 3796 a
3118 3752 3222 3796 me
3280 3730 3445 3813 petit
3487 3738 3562 3795 ut
3616 3729 4045 3815 respondeam
4089 3750 4247 3794 num
4290 3750 4437 3795 mu-

2489 3816 2613 3881 lier
2678 3816 2882 3899 possit
2938 3815 3323 3881 necessitate
3378 3825 3655 3900 urgente
3715 3815 3984 3882 verbum
4041 3815 4436 3894 ministrare,

2490 3903 2808 3968 nunciare
2866 3901 3312 3967 remissionem
3366 3909 3777 3984 peccatorum
3831 3907 3899 3965 et
3940 3899 4275 3965 absolvere
4289 3949 4304 3977 ,
4365 3906 4442 3964 ut

2492 3986 2739 4051 scilicet
2780 3987 3022 4052 inferat
3075 3985 3282 4069 quod,
3339 3986 3397 4053 si
3439 3986 3563 4052 hoc
3621 3984 3792 4069 quod
3849 3987 4061 4050 maius
4118 3994 4217 4050 est
4265 3984 4438 4063 licet,

2492 4091 2610 4136 cur
2674 4071 2847 4154 quod
2911 4073 3165 4151 minus,
3233 4071 3481 4137 scilicet
3548 4071 3824 4156 tingere,
3844 4071 3902 4148 ⁵)
3966 4091 4100 4135 non
4165 4068 4434 4134 licebit?

2493 4155 2747 4235 Velim,
2807 4157 2865 4222 si
2918 4177 3171 4240 posses,
3240 4164 3423 4222 tuam
3478 4177 3674 4241 super
3741 4156 3865 4222 hac
3922 4177 3992 4220 re
4045 4155 4436 4221 sententiam

2495 4241 2743 4308 audire.
2816 4242 2991 4307 Nam
3033 4243 3157 4309 hoc
3200 4263 3241 4307 a
3276 4263 3380 4308 me
3415 4243 3553 4308 eius
3596 4243 3862 4307 nomine
3904 4249 4093 4324 rogat
4124 4240 4434 4308 Farelzus.

2494 4325 2840 4392 Nihildum
2885 4326 3207 4410 respondi,
3266 4329 3420 4411 quia
3462 4350 3594 4393 non
3639 4328 3767 4392 fuit
3806 4329 3877 4391 in
3922 4345 4123 4390 manu
4169 4324 4436 4391 tabella-

2384 4468 2389 4474 .
2493 4413 2652 4478 rius.
2739 4411 2939 4477 Prius
2983 4433 3134 4477 uam
3179 4411 3609 4496 respondeam
3650 4414 3945 4498 optarim,
4005 4412 4060 4475 si
4104 4411 4248 4476 fieri
4291 4430 4439 4494 pos·

2493 4505 2615 4577 set,
2662 4506 2811 4563 tuas
2856 4519 2941 4564 au
2990 4497 3082 4563 ‘re
3125 4498 3430 4564 rationes.

2509 4853 2521 4867 .
2641 4855 2653 4867 ·
2701 4717 2764 4856 {3
2799 4716 3020 4843 giam-lg„
3038 4715 3318 4842 4w·
3351 4715 3663 4840 bossortasse
3704 4783 3956 4865 decimat
4005 4801 4128 4867 cup·
4261 4784 4272 4797 ’
4315 4786 4440 4844 erat

2494 4855 3074 5006 ἕρπω
3097 4851 3550 4979 marazam.
3620 4849 3914 4910 Ραῐιαοιιηι
3959 4854 4119 4912 Ῑιοᾱω
4361 4850 4442 4912 ad

3931 5368 4029 5421 47·
