5050 6167
367 387 484 451 689

1261 568 1414 639 588.

847 721 1319 791 CALVINUS
1366 722 1820 790 FABELLO.

373 983 386 998 ο
515 896 764 997 ,contra
801 895 1262 995 flmbaptistas
1289 894 1566 961 wilm
1606 895 1849 976 incepit.
1953 894 2156 961 Varia
2197 914 2309 960 ou-

359 1003 563 1050 wsvw
599 1002 847 1066 ysam-s
889 1002 1063 1047 nova.

363 1153 465 1224 (Ex
501 1152 840 1222 autographo
876 1151 1005 1206 Ood.
1042 1151 1203 1206 Goth.
1236 1149 1484 1291 ffissi'pl.
1520 1150 1603 1205 25.
1667 1152 1858 1206 Edidit
1891 1153 2315 1210 Bretschneider

360 1394 633 1478 Optimo
687 1400 756 1459 et
810 1392 1190 1458 fidelissimo
1235 1391 1489 1458 Christi
1545 1393 1849 1458 ministro
1909 1393 1992 1460 G.
2052 1392 2317 1459 Farello

358 1480 826 1547 Neocomensis
868 1479 1175 1545 ecclesiae
1232 1478 1480 1577 pastori
1533 1478 1722 1543 fratri
1779 1485 1846 1543 et
1900 1478 2109 1544 amico
2152 1479 2316 1545 inte-

1181 1584 1484 1647 gernmo.

534 1698 605 1766 S.
653 1699 912 1767 Libello
955 1699 1350 1783 respondere
1385 1699 1491 1765 his
1526 1700 1753 1767 diebus
1795 1703 2025 1786 incepi.
2094 1702 2315 1769 Velim

359 1793 588 1853 tamen
653 1785 815 1851 mihi
877 1786 1229 1865 rescribas,
1293 1785 1638 1869 placeatne
1700 1786 1888 1854 vobis
1953 1791 2322 1872 nuncupari

360 1871 857 1958 praefationem.
890 1871 938 1955 ¹)
1027 1870 1249 1953 Quum
1292 1871 1360 1936 id
1403 1892 1488 1936 ex
1531 1881 1920 1956 argumento
1965 1875 2197 1940 melius
2240 1874 2319 1940 li-

361 1957 537 2024 cebit
580 1957 947 2033 aestimare,
993 1957 1330 2040 exemplar
1366 1956 1451 2022 ad
1495 1966 1558 2022 tc
1601 1958 1812 2024 mitto.
1881 1959 2320 2044 'I'ypographo

359 2065 497 2110 non
543 2044 943 2108 committam
1002 2041 1206 2107 donec
1265 2041 1698 2127 responderis,
1798 2044 2098 2110 Nuncius
2156 2055 2231 2110 ut
2283 2068 2323 2112 a

362 2135 604 2196 senatu
648 2140 870 2193 nostro
904 2128 1130 2194 literas
1165 2136 1422 2194 mature
1463 2129 1750 2206 haberet,
1788 2132 2028 2196 curavi.
2049 2134 2108 2215 ²)
2185 2133 2323 2198 Eas

362 2235 624 2299 quoque
667 2214 895 2296 scripsi
939 2235 1085 2279 meo
1130 2213 1447 2280 arbitratu
1500 2223 1568 2280 et
1617 2214 1886 2295 iudicio,
1932 2238 2323 2300 quanquam,

360 2308 441 2367 ut
483 2321 721 2366 verum
765 2300 1005 2377 fatear,
1063 2308 1277 2366 totum
1335 2300 1498 2365 mihi
1555 2301 1900 2366 consilium
1959 2302 2081 2368 boc
2123 2303 2323 2368 vehe-

361 2394 625 2453 menter
669 2383 1073 2469 displicebat.
1160 2386 1387 2468 Neque
1431 2387 1607 2451 enim
1649 2388 1719 2451 in
1758 2388 1861 2452 his
1897 2389 2175 2472 negotiis
2219 2410 2324 2453 sa-

361 2479 598 2555 tagere
651 2492 909 2554 semper
960 2471 1259 2554 expedit,
1328 2472 1441 2538 sed
1498 2482 1757 2553 tempus
1813 2474 2326 2556 exspectandum

362 2570 484 2625 est.
578 2557 832 2621 Verum
876 2557 1202 2622 Dominus
1246 2556 1412 2622 bene
1455 2578 1530 2624 ac
1569 2557 1844 2622 feliciter
1889 2569 2119 2625 vertat.

543 2641 772 2725 Nuper
825 2641 1047 2708 David
1110 2664 1193 2707 ex
1249 2641 1613 2709 Germania
1678 2642 1888 2709 rediit.
1909 2647 1968 2728 ⁸)
2067 2645 2330 2711 Iaiteras

364 2727 594 2794 attulit
643 2749 682 2792 a
726 2726 975 2793 Bucero
1018 2728 1255 2809 quibus
1297 2728 1632 2795 indicabat
1687 2750 1758 2794 se
1813 2730 2129 2811 postridie
2175 2729 2328 2815 Spi-

363 2835 515 2881 ram
581 2814 848 2878 iturum.
959 2812 1290 2878 Libellum
1355 2833 1577 2878 meum
1593 2818 1651 2890 ⁴)
1730 2816 1873 2880 sine
1950 2817 2330 2901 exceptione

364 2898 705 2966 laudabat.
805 2897 1082 2980 Ineptus
1147 2920 1292 2963 sum
1360 2901 1472 2982 qui
1537 2901 1755 2983 capita
1815 2901 2061 2980 refero,
2127 2923 2331 2985 quum

367 2984 715 3068 exemplar
730 2984 791 3067 ⁵)
835 2983 958 3048 tibi
999 2984 1264 3049 mittere
1308 2986 1511 3049 satius
1554 2986 1654 3050 sit.
1751 2986 2143 3053 Gauchcrius
2187 2999 2331 3053 tum

368 3069 806 3156 Argentorati
847 3078 992 3134 erat
1033 3090 1234 3152 quum
1267 3069 1450 3136 illinc
1488 3071 1786 3136 solveret.
1855 3072 1961 3137 Ab
1997 3094 2073 3138 eo
2108 3072 2332 3139 literas

371 3158 616 3224 afferre
670 3154 896 3221 multis
951 3155 1030 3219 de
1086 3155 1302 3221 causis
1355 3158 1697 3221 recusavit.
1789 3154 2131 3225 Claudium
2174 3159 2334 3226 dicit

369 3244 582 3310 fuisse
625 3241 694 3305 in
740 3239 975 3306 Gallia.
997 3243 1055 3313 6)

550 3325 1006 3403 Concordiam,
1031 3327 1088 3409 ⁷)
1153 3335 1474 3409 quantum
1551 3329 1940 3394 coniecturis
2006 3350 2333 3413 assequor,

370 3416 642 3482 firmam
700 3433 775 3478 ac
834 3411 1135 3477 stabilem
1188 3412 1326 3477 fore
1383 3412 1651 3477 confido.
1740 3413 1913 3478 Nam
1967 3424 2036 3479 et
2076 3416 2333 3480 Berna-

372 3502 550 3566 tium
593 3498 827 3582 legatis
861 3498 1124 3564 abunde
1158 3498 1563 3564 satisfactum
1602 3505 1719 3576 est,
1763 3507 1839 3563 ut
1873 3499 2028 3564 laeti
2070 3499 2336 3566 domum

373 3584 727 3652 redierint:
791 3589 857 3648 et
898 3585 1106 3649 nostri
1151 3584 1272 3650 sibi
1317 3583 1680 3667 plurimum
1722 3584 2172 3669 gratulantur,
2232 3598 2337 3652 ut-

378 3758 574 3771 ————-—-

378 3859 649 3926 scriptam
685 3869 811 3909 esse.
887 3854 1102 3922 Colliqit
1136 3855 1235 3909 hoc
1278 3871 1344 3908 ex
1378 3856 1452 3909 iis
1484 3870 1624 3924 quae
1668 3855 1734 3909 de
1773 3856 2115 3912 Castellionis
2145 3860 2340 3913 itinere

380 3927 558 3997 deque
591 3924 785 3991 leqatis
820 3922 1094 3977 dicuntur.
1170 3924 1351 3977 Multo
1396 3928 1596 3978 certius
1641 3927 1703 3977 in
1748 3925 1974 3979 eandem
2020 3929 2340 3981 sententiam

380 3995 700 4051 ᾰευεηίηιιιε
748 3992 945 4047 collata
987 3991 1205 4046 Caluini
1249 3993 1422 4046 altera
1468 3994 1699 4062 epistola
1744 3993 1823 4046 ad
1868 3995 2105 4048 Viretum
2151 3996 2205 4049 d.
2254 3996 2339 4050 26.

385 4063 602 4119 Martii
632 4062 842 4130 scripta
875 4076 1043 4130 quam
1078 4061 1298 4115 omm'no
1331 4063 1463 4115 haec
1480 4068 1670 4116 nostra
1697 4065 2011 4130 praecessit,
2118 4080 2210 4118 um
2243 4065 2343 4119 ala

383 4133 454 4190 de
475 4132 703 4197 Ribaeo,
740 4130 807 4184 de
837 4128 1008 4185 Vireti
1040 4146 1072 4183 o
1178 4129 1311 4196 culo,
1348 4130 1413 4183 de
1453 4130 1773 4185 castellione
1805 4131 1944 4186 talia
1977 4079 2170 4187 hugum
2205 4150 2346 4203 quae

384 4202 466 4259 ad
501 4201 647 4255 hanc
677 4204 742 4252 ut
774 4215 809 4252 a
857 4200 1038 4279 Vis-eto
1070 4145 1258 4252 regam
1286 4206 1603 4266 provocant.
1729 4268 1739 4279 ⁸

429 4266 565 4331 538.
603 4268 662 4335 1)
701 4266 898 4319 Innmt
940 4267 1174 4320 labellum
1216 4273 1409 4321 contra
1455 4268 1879 4336 Anabapttstas‚
1929 4283 2042 4321 non
2084 4284 2238 4337 vere,
2285 4275 2349 4325 ut

387 4335 882 4394 Breuchneiderus
915 4336 1043 4401 vult,
1077 4334 1226 4387 illum
1249 4334 1313 4387 de
1348 4337 1661 4402 necessitate
1675 4335 2064 4402 reformandae
2080 4338 2346 4392 ecclesiae.

390 4407 474 4462 Et
551 4404 658 4459 uod
691 4403 769 4484 de·
861 4403 1137 4484 aefattone
1170 4402 1319 4469 dicit,
1355 4404 1759 4474 intelliyendum
1793 4412 1872 4460 cst
1906 4405 1973 4459 de
2007 4405 2349 4462 dedicatione

388 4489 638 4600 ’zv-⁰332·
652 4471 1807 4609 ⁹0⁶m⁸m⁶⁰⁸⁶⁶ffls⁶²1⁶⁷
1848 4472 2129 4529 fmus
2173 4490 2352 4545 ...m

603 4608 665 4676 2)
702 4609 855 4664 Haec
888 4610 1234 4680 altquatenus
1265 4609 1540 4665 allusu-ars
1571 4624 1730 4678 posse
1765 4609 2018 4664 vedentur
2063 4626 2129 4664 ex
2165 4612 2352 4667 eadem

394 4679 619 4737 Farelli
649 4694 730 4746 ep.
765 4693 955 4732 versus
984 4679 1162 4744 finem.

609 4745 666 4812 3)
719 4746 852 4800 Vide
890 4746 963 4800 N.
999 4745 1118 4812 508,
1155 4752 1264 4801 not.
1299 4745 1349 4799 3.
1424 4745 1685 4800 Fortasse
1728 4746 1894 4800 huius
1938 4746 2046 4801 loct·
2086 4762 2185 4814 ope
2227 4753 2353 4802 tem-

392 4833 509 4889 pus
545 4816 862 4937 scriptaeeta
912 4813 1139 4869 Calvino
1190 4816 1266 4869 ad
1300 4814 1599 4869 Fallesium
1646 4828 1730 4883 ep.
1770 4814 1844 4869 N.
1890 4812 1995 4868 526
2041 4818 2356 4871 accuratius

396 4886 625 4954 defluum
697 4898 786 4937 oss

611 4900 940 5021 4f8upp1ex
987 4950 1295 5005 exhortatio
1342 4951 1412 5004 ad
1459 4950 1769 5018 Caesarem,
1829 4967 1970 5021 quac
2018 4952 2356 5008 comitiorum

402 5021 753 5094 Spirensim
786 5021 1064 5076 occasione
1099 5020 1307 5088 scripta
1334 5019 1538 5086 suerat.

613 5089 674 5157 5)
711 5091 993 5145 literarum
1030 5088 1250 5142 Bucari.

616 5158 677 5225 6)
716 5158 803 5214 De
802 5158 1107 5281 (fratribus
1125 5156 1384 5211 Far-ellus
1416 5159 1621 5212 anxius
1653 5161 1773 5211 crat
1788 5156 1853 5211 ob
1882 5156 2132 5237 perdenda

406 5231 552 5287 111161·
587 5230 779 5285 turbas
853 5227 1046 5283 allicas
1080 5226 1315 5295 expositi
1349 5233 1520 5294 erant,
1553 5225 1679 5281 vide
1711 5225 1778 5294 ej.
1813 5226 2097 5294 eptstolam

617 5298 678 5365 7)
712 5298 856 5352 inter
893 5295 1161 5351 Bernates
1193 5299 1245 5350 et
1283 5292 1630 5351 omma.

623 5381 844 5439 Calvia&
871 5396 1060 5451 opera.
1135 5379 1256 5436 Vol.
1290 5378 1406 5435 XI.

2128 379 2288 440 1544
2333 375 2618 443 MART.

4248 380 4376 446 690

2415 583 2674 645 cunque
2716 583 2850 628 non
2884 563 3106 631 omnia
3137 562 3558 647 impetrarint
3595 584 3764 648 quae
3807 565 4131 633 volebant.
4221 567 4381 636 Rex

2415 656 2643 712 noster
2706 647 2913 713 filiam
2980 648 3232 715 elocare
3296 649 3543 733 cogitat
3594 649 3912 715 cardinali
3971 650 4288 719 Femesio.
4311 654 4374 739 8)

2416 731 2721 799 Ducatus
2779 732 3297 800 Mediolanensis
3349 733 3426 799 in
3486 734 3704 800 dotem
3762 734 3991 815 datur,
4052 736 4137 803 ad
4179 759 4377 822 quom

2415 817 2940 919 recuperandum
3053 819 3304 920 ontifex
3367 821 3713 918 pecuniam
3776 821 4169 905 suppeditat.
4268 824 4379 889 Ita

2416 904 3150 1057 ffiss'gnvfflfflrssiffis
3170 904 3546 1071 ..3th
3424 991 3557 1057 nisi
3602 907 4380 1061 ‘fissnnifssffi‘ussmiffissss

2417 1082 2777 1140 succurrat.
2865 1076 3067 1155 Vale,
3124 1078 3368 1160 optime
3423 1084 3492 1143 et
3543 1078 3709 1143 mibi
3763 1078 4098 1144 carissime
4153 1078 4375 1145 frater.

2418 1158 2657 1225 Saluta
2697 1181 2925 1227 omnes
2966 1170 3384 1249 symmystas.
3449 1163 3679 1234 Nostri
3720 1170 3788 1229 te
3827 1185 4055 1230 omnes
4097 1163 4377 1249 diligen·

2419 1252 2525 1309 ter
2568 1245 2876 1327 salutant,
2930 1247 3333 1315 Genistonius
3376 1250 3787 1333 praesertim,
3835 1250 3947 1331 qui
3983 1271 4056 1315 se
4099 1250 4218 1314 tibi
4264 1271 4380 1314 ex-

2419 1339 2721 1395 cusatum
2766 1333 2963 1417 cupit.
3031 1334 3186 1400 Mea
3227 1337 3427 1400 etiam
3472 1335 3705 1400 domus
3749 1342 3815 1399 et
3839 1334 4093 1401 Nicozai
4111 1333 4164 1421 ⁹)
4210 1334 4383 1400 salu-

2421 1423 2559 1481 tem
2599 1416 2719 1482 tibi
2771 1417 3125 1501 plurimam
3182 1419 3426 1486 dicunt.
3526 1421 3853 1486 Dominus
3912 1427 3978 1486 te
4035 1418 4377 1487 custodiat.

2423 1499 2737 1569 Genevae
2782 1507 2882 1569 25.
2929 1504 3177 1571 Martii.
3209 1508 3292 1581 ¹⁰)

3344 1641 3620 1705 Ioannes
3664 1638 3986 1706 Calvinus
4028 1649 4205 1707 tuus.

3196 1898 3605 1908 ——-——.-——-—-

3307 2082 3459 2153 539.

2959 2218 3432 2286 CALVINUS
3474 2216 3848 2287 vaTO.

2603 2390 2707 2456 De
2743 2391 2940 2457 Vin-eti
2973 2390 3266 2473 opusculo
3297 2388 3591 2471 proxime
3624 2390 3868 2469 edendo,
3913 2389 3989 2456 dc
4016 2388 4389 2457 Gastellione

2430 2497 2686 2629 mmtgcswqae
2720 2496 3083 2557 successore,
3127 2476 3204 2541 de
3247 2475 3539 2541 articulis
3579 2476 3923 2542 sorbonicis
3963 2479 4020 2540 et
4060 2476 4239 2541 novis
4267 2496 4388 2557 po-

2434 2733 2541 2801 (Ex
2576 2731 2914 2801 autographo
2949 2730 3078 2786 Cod.
3126 2730 3329 2785 Genev.
3366 2729 3493 2796 106,
3544 2731 3633 2785 fol.
3686 2730 3799 2783 104.
3848 2760 3913 2772 -·
3961 2732 4198 2785 Exstant
4233 2700 4389 2800 prae-

2435 2807 2593 2853 tcrea
2627 2800 2963 2868 exemplaria
2996 2801 3281 2854 Ionvillaei
3316 2800 3447 2852 ibid.
3486 2799 3617 2855 Cod.
3656 2800 3800 2852 111⁸,
3844 2799 3934 2853 sol.
3969 2799 4065 2865 35,
4113 2800 4392 2854 Turretini

2435 2870 2564 2924 Cod.
2603 2869 2722 2935 111,
2760 2869 2849 2922 fol.
2873 2867 2958 2922 87.
2994 2871 3271 2923 Beruense
3295 2869 3435 2937 Epp.
3460 2868 3588 2922 VII.
3615 2885 3667 2937 p.
3690 2867 3791 2923 577
3827 2876 3882 2922 et
3901 2869 4117 2922 Simleri
4137 2869 4256 2923 Vol.
4275 2865 4390 2936 54.)

2433 3056 2654 3123 Fideli
2713 3053 2965 3122 Christi
3018 3055 3294 3122 Domini
3359 3056 3571 3121 nostri
3630 3077 3824 3122 servo
3877 3056 4079 3122 Petro
4136 3054 4391 3138 Vireto,

2436 3143 2934 3209 Lausannensis
2978 3142 3289 3209 ecclesiae
3299 3143 3598 3310 gppgrtpri
3655 3142 3841 3208 fratri
3895 3150 3962 3207 et
4005 3142 4211 3206 amico
4254 3142 4392 3209 sin-

2613 3360 2840 3444 Quum
2895 3362 3204 3428 Nicolaus
3257 3361 3484 3427 literas
3539 3370 3688 3428 tuas
3744 3362 3967 3427 attulit
4018 3383 4153 3427 non
4210 3382 4395 3429 eram

2441 3447 2636 3513 domi.
2726 3447 2920 3513 Nunc
2964 3467 3166 3530 quum
3222 3445 3683 3513 descenderem
3727 3447 3809 3512 ad
3856 3448 4232 3513 concionem
4275 3448 4396 3513 ha-

2441 3532 2725 3599 bendam
2769 3553 2921 3597 eum
2964 3532 3166 3597 habui
3208 3532 3491 3599 obvium.
3580 3533 3786 3600 Petiit
3819 3543 3894 3598 ut
3937 3535 4161 3598 statim
4203 3554 4399 3616 para-

2440 3628 2551 3685 tae
2594 3627 2815 3684 essent
2856 3618 3101 3682 literae.
3169 3618 3401 3701 Itaque
3445 3619 3607 3684 haec
3650 3619 3862 3685 scribo
3905 3619 4201 3684 nondum
4243 3640 4400 3685 cum

2442 3705 2587 3788 ipso
2642 3704 3070 3787 colloquutuS.
3157 3704 3261 3768 De
3315 3706 3719 3788 praefatione
3772 3705 4018 3769 videris
4070 3704 4242 3769 male
4294 3705 4400 3769 in-

2443 3790 2778 3855 tellexisse
2832 3788 3011 3872 quod
3067 3789 3521 3872 scripseram.¹
3643 3790 3871 3872 Neque
3928 3790 4108 3853 enim
4154 3788 4402 3855 Farelli

2444 3876 2791 3941 consilium
2825 3874 3140 3958 improb0‚
3178 3896 3299 3939 nec
3333 3874 3509 3958 impe
3555 3875 3617 3937 io
3652 3877 3809 3957 quin
3847 3874 4167 3957 sequaris:
4206 3873 4400 3939 modo

2447 3968 2601 4025 ante
2655 3960 3101 4042 exploraveris
3164 3961 3327 4025 bene
3383 3959 3535 4039 tibi,
3606 3959 3815 4043 quoad
3869 3960 4221 4039 Bernates,
4276 3957 4402 4025 hoo

2447 4066 2804 4112 cessurum.
2904 4043 3237 4124 Quorsum
3303 4045 3478 4110 enim
3541 4046 3781 4110 attinet
3841 4065 3961 4127 pro
4017 4044 4133 4110 tali
4190 4044 4403 4112 officio

2448 4140 2784 4213 reportare
2826 4129 3069 4194 malam
3113 4130 3437 4213 gratiam?
3504 4130 3684 4214 Ergo
3720 4151 3805 4194 ex
3838 4150 4148 4213 responso
4191 4152 4405 4195 secre-

2450 4216 2603 4281 tarii
2622 4218 2680 4297 ²)
2735 4213 2892 4296 quid
2948 4217 3269 4297 optimum
3331 4216 3623 4280 futurum
3679 4216 3766 4282 sit
3815 4225 4080 4281 statues.
4180 4215 4407 4296 Quum

2450 4300 2535 4367 de
2579 4318 2773 4383 opere
2814 4299 2959 4383 ipso
3011 4322 3225 4383 nuper
3277 4322 3491 4366 sermo
3545 4303 3718 4366 inter
3771 4300 4238 4366 ambulandum
4291 4299 4408 4365 ha-

2453 4386 2594 4452 beri
2633 4386 2977 4467 coepisset,
3037 4385 3323 4471 collegae
3376 4387 3504 4451 mei
3563 4386 3873 4471 expedire
3928 4385 4279 4451 censebant
4330 4393 4410 4451 ut

2454 4492 2600 4537 meo
2665 4491 2922 4553 quoque
2980 4471 3193 4554 elogio
3256 4470 3800 4537 commendarem.
3897 4471 4238 4552 Respondi
4299 4490 4410 4537 me

2664 4672 2725 4739 8)
2772 4673 2981 4728 Falsus
3014 4674 3104 4729 hic
3137 4690 3341 4729 rumor.
3413 4674 3605 4729 Altera
3635 4673 3880 4742 filiarum
3918 4673 4214 4730 Francisci
4248 4674 4411 4744 May·

2458 4743 2659 4799 dolena
2693 4759 2771 4796 ma
2813 4744 2883 4795 sit
2919 4743 3124 4798 Iacobo
3171 4743 3232 4795 V.
3275 4741 3486 4797 Scotiae
3519 4746 3652 4812 reqi,
3699 4743 3874 4797 altera
3911 4743 4240 4812 Maryareta
4277 4742 4411 4798 Em-

2457 4811 2700 4868 manueli
2785 4810 3033 4865 heliberto
3066 4810 3198 4866 duci
3233 4811 3561 4866 Sabaudiae.

2666 4878 2729 4946 9)
2770 4880 2896 4934 Nic.
2919 4878 3084 4934 Picot
3120 4880 3565 4934 Noviodunensis
3598 4883 3648 4934 et
3684 4878 3814 4932 Ant.
3858 4877 4121 4934 Calvinus
4154 4879 4298 4934 duas
4329 4894 4415 4935 so·

2457 4964 2614 5005 rores
2648 4948 2939 5002 duxerant.
3013 4947 3261 5016 (Galiffe,
3300 4948 3428 5003 Not.
3497 4946 3583 5004 έη.
3617 4945 3744 5001 111.
3781 4945 3933 5012 412.)

2670 5015 2760 5083 10)
2803 5016 3058 5072 Farellus
3092 5017 3394 5087 adscripsit
3426 4965 3579 5071 1344.
3656 5014 3776 5086 Quo
3809 5016 3893 5070 vel
3926 5021 4132 5072 tacente
4164 5015 4232 5069 de
4266 5030 4416 5072 anno

2462 5086 2655 5142 daban·
2657 5087 2713 5139 ri
2745 5101 2859 5139 non
2886 5087 3169 5207 ἕξιππα.

2512 5152 2645 5216 539.
2682 5152 2735 5220 1)
2776 5153 2851 5209 N.
2959 5153 3006 5223 7,
3041 5161 3152 5211 not
3188 5152 3240 5208 5.
3311 5153 3601 5210 Inter-cidit
3634 5168 3714 5223 ep.
3765 5153 3939 5208 Vir-eti
3971 5151 4051 5208 ad
4083 5168 4246 5222 quam
4279 5152 4415 5210 hacc

3932 5374 4006 5432 44
