5050 6167
493 429 619 494 365

493 623 612 682 est.
699 615 918 680 Ambo
959 613 1206 680 indocti
1248 616 1435 681 iuxta
1478 625 1542 680 et
1597 615 1879 699 superbi.
1968 615 2076 682 Ad
2128 613 2455 681 inscitiam

495 700 745 768 accedit
787 700 1044 765 incuria
1086 707 1153 765 et
1195 701 1538 780 securitas,
1596 702 1750 784 quia
1788 723 2129 785 nunquam
2187 700 2296 766 vel
2338 719 2459 783 per

497 789 830 853 somnium
907 785 1284 869 cogitarunt
1358 786 1519 869 quid
1597 788 1685 852 sit
1747 788 2056 854 ecclesiae
2136 805 2454 870 praeesse.

494 873 683 938 Inter
727 872 850 937 has
893 873 1118 954 spinas
1160 872 1328 936 mihi
1361 893 1625 938 necesse
1668 881 1770 938 est
1810 876 2081 939 versari.
2145 871 2456 956 Rogabis,

497 979 667 1041 quae
710 960 798 1023 sit
839 958 1001 1022 haec
1039 958 1409 1023 necessitas.
1475 958 1720 1025 Paucis
1766 959 1889 1024 tibi
1930 977 2287 1043 exponam:
2332 958 2459 1022 scis

495 1044 742 1109 faecem
782 1044 856 1107 in
899 1042 1069 1109 dolio
1107 1043 1416 1126 relinqui,
1462 1065 1629 1127 quae
1666 1045 2003 1109 exhauriri
2037 1044 2268 1127 nequit
2300 1043 2458 1124 quin

496 1128 822 1212 liquidum
886 1149 962 1194 ac
1029 1150 1270 1212 purum
1337 1129 1568 1194 vinum
1632 1143 2122 1213 corrumpatur:
2196 1132 2288 1192 ita
2352 1127 2459 1192 1116

496 1214 665 1280 mihi
710 1214 961 1281 accidit.
1049 1215 1358 1279 Poteram
1401 1236 1605 1298 quum
1646 1217 1803 1281 veni
1838 1238 1971 1281 uno
2015 1216 2234 1291 verbo,
2280 1215 2334 1277 si
2380 1213 2457 1276 li-

499 1301 768 1379 buisset,
813 1322 925 1365 eos
969 1298 1249 1384 abigere,
1295 1300 1412 1366 sed
1454 1300 1736 1384 expendi
1776 1301 1932 1384 quid
1966 1303 2168 1366 ferret
2212 1311 2457 1381 tempo-

499 1408 652 1452 rum
708 1385 1013 1452 conditio.
1118 1387 1305 1452 Tunc
1364 1388 1686 1452 excitatus
1752 1396 1897 1453 erat
1961 1385 2290 1452 horribilis
2354 1397 2459 1449 tu-

497 1472 754 1537 multus
795 1472 868 1536 in
901 1470 1175 1538 ecclesia
1194 1472 1257 1536 N
1260 1472 1640 1551 eocomensi,
1686 1473 1770 1538 ad
1813 1493 2006 1556 quem
2049 1472 2460 1554 restinguen-

501 1558 661 1623 dum
702 1579 787 1623 ex
829 1558 1069 1622 itinere
1112 1556 1536 1623 deflexeram:
1592 1580 1715 1625 nec
1759 1571 1978 1624 tamen
2019 1556 2269 1640 aliquid
2309 1575 2460 1639 pro-

499 1646 802 1719 feceram,
846 1643 977 1708 nisi
1020 1641 1193 1725 quod
1234 1644 1556 1728 mitigatis
1598 1644 1916 1727 paulatim
1961 1644 2219 1721 animis,
2277 1640 2461 1706 locus

501 1739 645 1796 erat
687 1728 998 1794 remediis
1042 1728 1266 1794 datus:
1312 1750 1480 1811 quae
1514 1741 1739 1794 tamen
1776 1728 2063 1796 difficilia
2096 1730 2234 1794 fore
2277 1725 2460 1793 vide-

499 1814 671 1880 bam.
763 1814 894 1881 Hic
937 1814 1165 1879 nullus
1223 1823 1366 1879 erat
1419 1814 1503 1880 ad
1555 1837 1831 1879 manum
1874 1817 1986 1897 qui
2029 1815 2460 1881 substituere-

502 1910 649 1980 tur,
717 1900 775 1965 si
838 1921 1029 1984 quem
1097 1920 1397 1965 curarem
1455 1901 1911 1966 amovendum.
2014 1900 2122 1964 Ita
2186 1897 2461 1966 ecclesia

500 1985 812 2052 manebat
854 1985 1188 2065 destituta,
1233 1987 1290 2050 si
1333 1985 1490 2068 quid
1525 1995 1901 2051 tentassem.
1995 1986 2294 2052 Tertium
2337 1984 2460 2047 im-

500 2071 951 2155 pedimentum
1012 2071 1166 2136 inde
1230 2082 1402 2149 erat,
1470 2071 1640 2154 quod
1695 2072 2019 2138 rationem
2079 2070 2459 2154 disciplinae

501 2156 798 2223 nondum
863 2157 1267 2223 habebamus
1324 2159 1773 2235 constitutam,
1840 2179 1971 2240 qua
2024 2157 2173 2222 illos
2225 2176 2458 2240 aggre-

503 2241 709 2308 derer.
820 2242 882 2307 N
885 2241 1139 2308 olebam
1207 2251 1429 2307 autem
1497 2242 1786 2309 violenta
1851 2242 2184 2308 eiectionis
2247 2240 2460 2325 specie

499 2328 750 2394 malum
794 2327 1170 2411 exemplum
1216 2325 1425 2406 edere,
1472 2328 1581 2394 vel
1622 2328 1695 2393 in
1739 2329 1863 2395 hoc
1907 2336 2189 2411 tempus,
2233 2326 2342 2393 vel
2376 2323 2461 2390 ad

499 2415 971 2498 posteritatem.
1038 2414 1187 2479 Hoc
1230 2415 1430 2479 etiam
1474 2414 1691 2496 aliqua
1732 2436 1814 2479 ex
1849 2424 2037 2498 parte
2079 2434 2185 2478 me
2226 2412 2459 2489 tenuit,

503 2499 676 2583 quod
719 2499 1087 2583 periculum
1133 2509 1276 2564 erat
1318 2521 1403 2564 ne
1448 2499 1562 2582 qui
1605 2522 1711 2566 me
1754 2498 2051 2583 cupidius
2094 2499 2267 2564 hanc
2310 2518 2461 2563 cau-

505 2606 650 2651 sam
694 2582 1068 2651 vindicandi
1115 2584 1334 2667 potius
1377 2587 1617 2664 animo,
1664 2606 1864 2668 quam
1913 2598 2092 2651 recto
2131 2584 2270 2649 zelo
2314 2604 2461 2667 per-

619 2671 692 2736 ui
735 2671 1242 2754 suspicarentur.
1332 2669 1728 2753 Quanquam
1784 2670 1910 2736 hoc
1953 2669 2168 2736 solum
2210 2689 2464 2734 moram

507 2778 556 2821 6
653 2777 764 2820 am
819 2755 1176 2833 attulisset,
1243 2755 1300 2821 si
1364 2766 1623 2822 caetera
1687 2756 2064 2821 adfuissent.
2152 2755 2335 2838 Ergo
2389 2754 2462 2818 in

509 2843 807 2907 animum
871 2840 1102 2906 induxi
1172 2862 1283 2906 eos
1347 2862 1608 2924 quoquo
1663 2842 1857 2907 modo
1939 2840 2253 2918 tolerare,
2311 2839 2464 2923 quia

508 2925 781 2992 tollendi
887 2925 1163 2993 facultas
1259 2949 1392 2992 non
1494 2936 1655 2992 erat.

507 3034 705 3096 quam
791 3009 989 3077 duras
1073 3012 1144 3076 16
1230 3034 1335 3077 166
1430 3011 1494 3078 16
1542 3033 1613 3078 66
1715 3013 2091 3096 reciperem.
2236 3011 2465 3093 Neque

508 3099 686 3163 enim
740 3098 901 3163 satis
943 3105 1045 3163 est
1097 3096 1416 3182 collegam
1475 3034 1760 3180 aliquem
1802 3097 2043 3163 habere
2057 3148 2075 3176 ,
2131 3096 2261 3162 nisi
2314 3117 2467 3162 cum

508 3205 583 3249 eo
627 3204 855 3267 pacem
910 3182 1104 3249 simul
1159 3182 1348 3249 colas.
1436 3184 1681 3249 Pacem
1734 3203 1893 3249 vero
1949 3191 2248 3248 constare
2299 3180 2467 3245 mihi

508 3292 639 3335 non
683 3289 876 3352 posse
918 3270 1077 3335 satis
1121 3270 1561 3346 succurrebat,
1606 3269 1735 3335 nisi
1778 3288 2021 3352 magna
2055 3289 2200 3333 eam
2243 3265 2466 3331 mode-

508 3356 766 3421 ratione
808 3364 876 3419 et
917 3352 1264 3420 tolerantia
1306 3355 1715 3421 redimerem.
1804 3356 1917 3419 An
1959 3355 2147 3432 istuc,
2190 3352 2464 3435 inquies,

510 3451 646 3507 tam
705 3439 987 3506 durum?
1078 3437 1287 3520 Sane,
1353 3450 1432 3506 ut
1491 3462 1598 3506 166
1654 3440 1830 3505 nosti
1845 3491 1861 3517 ,
1925 3438 2219 3505 iudicare
2282 3445 2467 3521 potes

511 3547 711 3610 quam
754 3548 883 3592 non
926 3525 1091 3591 mihi
1133 3526 1424 3608 proclive
1468 3526 1571 3591 sit.
1659 3525 1861 3591 Facio
1917 3532 2138 3590 tamen
2181 3524 2320 3589 vim
2362 3523 2465 3588 inÎ‡

510 3613 704 3697 genio
747 3633 910 3690 meo,
957 3632 1033 3677 ac
1076 3632 1224 3677 mea
1264 3612 1712 3677 moderatione
1767 3611 2030 3677 illorum
2086 3609 2466 3692 improbita-

515 3709 652 3765 tem
697 3697 793 3764 sic
836 3707 1026 3764 teneo
1064 3696 1469 3777 conclusam,
1529 3717 1616 3762 ne
1657 3695 1877 3780 palam
1918 3703 2240 3779 erumpat.
2327 3694 2469 3761 Nec

509 3786 639 3869 ipsi
683 3783 1051 3849 diffitentur
1090 3782 1300 3848 multo
1334 3804 1404 3848 se
1447 3782 1804 3848 humanius
1842 3782 2044 3848 fuisse
2080 3802 2121 3846 a
2153 3802 2260 3846 me
2294 3788 2467 3847 trac-

511 3878 684 3937 tatos
739 3878 807 3935 et
862 3868 1053 3934 hodie
1108 3871 1404 3949 tractari,
1465 3890 1662 3951 quam
1715 3889 1980 3952 sperare
2032 3867 2176 3932 ausi
2228 3875 2465 3932 essent.

509 3956 743 4041 Neque
786 3976 946 4040 erga
993 3954 1167 4020 solos
1209 3954 1417 4038 ipsos,
1473 3953 1585 4020 sed
1644 3953 1804 4020 alias
1859 3973 2113 4037 quoque
2156 3951 2469 4034 reliquias

509 4042 811 4110 factionis
854 4059 999 4105 eam
1055 4040 1326 4105 adhibui
1369 4039 1881 4105 moderationem
1898 4090 1913 4117 ,
1973 4049 2050 4103 ut
2106 4038 2313 4102 velint
2354 4059 2470 4103 no-

509 4129 638 4194 lint
680 4136 1003 4212 cogantur
1045 4125 1168 4192 hoc
1213 4147 1567 4209 agnoscere
1612 4147 1688 4191 ac
1730 4123 2126 4207 praedicare.
2193 4123 2365 4186 Nam
2412 4124 2469 4188 si

512 4216 681 4283 scias
724 4232 924 4296 quam
965 4211 1309 4295 plausibile
1352 4212 1650 4275 futurum
1682 4210 1902 4288 fuerit,
1947 4210 2004 4276 si
2050 4209 2261 4292 plenis
2305 4208 2469 4273 velis

511 4301 585 4365 in
628 4321 739 4366 eos
782 4297 1081 4364 invectus
1124 4298 1362 4376 forem,
1421 4297 1683 4361 mireris
1739 4316 1846 4361 me
1891 4301 2144 4360 tantam
2188 4293 2469 4360 occasio-

512 4407 669 4453 nem
725 4383 1257 4468 praetermisisse.
1360 4381 1443 4446 In
1499 4390 1734 4446 senatu
1792 4402 1992 4463 quum
2048 4378 2250 4445 verba
2302 4380 2469 4444 face-

515 4492 675 4550 rem,
704 4472 786 4552 12)
842 4469 936 4535 616
978 4468 1326 4534 ministerii
1369 4468 1497 4531 mei
1539 4466 1857 4532 honorem
1901 4464 2180 4543 asserui,
2234 4472 2314 4529 ut
2356 4462 2470 4529 ad-

516 4556 828 4623 versariis
879 4555 952 4620 in
1007 4561 1220 4619 totum
1272 4552 1690 4636 pepercerim.
1791 4548 1971 4632 Quid
2013 4550 2193 4614 enim
2237 4551 2470 4614 attine-

517 4642 650 4720 bat,
686 4643 959 4725 inquies,
1003 4639 1273 4706 canibus
1308 4639 1583 4704 mortuis
1616 4637 1979 4703 insultare?
2018 4636 2260 4700 multos
2295 4636 2471 4701 enim

519 4729 813 4813 reperias
857 4726 970 4808 qui
1013 4725 1129 4792 vix
1174 4725 1298 4791 sibi
1342 4732 1846 4807 temperassent.
1931 4721 2063 4789 Ubi
2107 4721 2180 4786 in
2220 4724 2471 4787 concio-

519 4837 674 4881 nem
737 4812 952 4898 prodii
1017 4810 1101 4876 ad
1164 4809 1509 4895 populum,
1576 4830 1768 4875 nemo
1823 4830 1956 4873 non
2020 4818 2277 4873 erectus
2333 4817 2475 4872 erat

518 4921 768 4985 magna
788 4899 1290 4980 exspectatione.
1360 4897 1564 4979 Atqui
1598 4895 2209 4962 commemoratione
2244 4914 2474 4958 earum

521 5007 745 5053 rerum
770 5004 933 5067 quas
954 5004 1180 5047 omnes
1205 4991 1381 5048 certo
1417 4980 1885 5065 exspectabant
1918 4980 2183 5062 penitus
2217 4980 2474 5055 omissa,

519 5092 731 5156 pauca
788 5070 869 5134 de
924 5069 1217 5133 muneris
1276 5068 1485 5132 nostri
1535 5068 1788 5132 ratione
1832 5066 2138 5131 disserui:
2204 5064 2476 5129 adiunxi

522 5157 761 5223 deiude
804 5155 1124 5221 modicam
1173 5165 1238 5218 et
1279 5154 1716 5220 verecundam
1761 5152 1913 5217 fidei
1968 5161 2035 5216 et
2077 5150 2479 5234 integritatis

1807 2926 1946 2991 Neo
2028 2948 2136 2992 me
2223 2925 2467 2990 latebat

701 5344 790 5410 12)
833 5342 910 5395 13.
949 5341 1095 5411 Sept.
1143 5340 1288 5394 1541.

2197 426 2361 489 1542
2397 421 2778 491 IANUAR.

4388 431 4513 497 366

2559 616 2822 676 nostrae
2857 609 3510 677 commendationem.
3539 612 3620 698 Â¹â¸)
3684 613 3869 680 Haec
3905 616 4255 697 praefatus,
4298 615 4516 684 locum

2561 694 3023 779 explicandum
3068 698 3390 780 assumpsi
3439 697 3514 762 in
3557 719 3683 782 quo
3727 699 4172 766 substiteram:
4230 723 4356 784 quo
4410 704 4514 769 in-

2563 780 2860 848 dicabam
2905 802 3012 846 me
3068 782 3151 846 ad
3214 791 3474 866 tempus
3530 784 3963 852 intermisisse
4018 784 4262 871 magis,
4317 810 4514 871 quam

2565 867 2940 949 deposuisse
2983 865 3260 932 docendi
3292 888 3553 934 munus.
3644 869 3984 951 Quantum
4029 870 4112 937 ad
4155 873 4514 940 calumnia-

2563 974 2713 1017 rum
2758 953 3216 1035 purgationem
3260 953 3498 1019 attinet
3532 976 3693 1039 quas
3729 955 4026 1021 scelerati
4059 958 4157 1022 illi
4200 958 4281 1023 de
4324 960 4514 1027 nobis

2563 1048 2957 1120 sparserant,
3003 1039 3285 1121 populus
3328 1039 3494 1104 mihi
3547 1042 3617 1104 16
3662 1062 3742 1106 ea
3792 1051 4251 1109 anteverterat.
4338 1045 4515 1111 Nam

2562 1124 2635 1188 in
2682 1145 2758 1188 eo
2800 1123 3136 1206 plebiscito
3180 1126 3348 1206 quod
3406 1125 3486 1190 de
3531 1126 3895 1192 revocando
3938 1149 4044 1192 me
4087 1129 4328 1194 factum
4372 1132 4514 1196 fueÎ‡-

2564 1217 2696 1288 ratâ€š
2764 1208 3086 1275 vocabant
3142 1209 3347 1274 fidum
3413 1233 3606 1276 suum
3663 1221 4010 1296 pastorem.
4036 1214 4118 1298 Â¹â´)
4208 1215 4515 1281 Alterum

2564 1293 2800 1359 deinde
2845 1294 3256 1378 plebiscitum
3299 1305 3651 1378 sequutum
3695 1309 3854 1377 erat,
3900 1320 4027 1381 quo
4063 1298 4350 1365 Senatus
4384 1302 4514 1367 Po-

2562 1381 2884 1464 pulusque
2936 1381 3263 1446 fatebatur
3318 1402 3589 1465 gravem
3632 1383 3818 1450 nobis
3871 1384 4109 1451 factam
4152 1406 4294 1452 esse
4336 1388 4516 1452 iniu-

2563 1467 2762 1540 riam,
2821 1475 2888 1530 et
2931 1467 3191 1531 veniam
3251 1468 3390 1533 eius
3432 1467 3739 1534 facinoris
3793 1493 3832 1535 a
3876 1471 4161 1535 Domino
4205 1472 4514 1555 precaba-

2564 1561 2691 1616 tur.
2726 1551 2808 1633 U'â€™)
2894 1552 3058 1616 Post
3098 1551 3383 1617 reditum
3425 1553 3779 1638 impetravi
3821 1564 3898 1620 ut
3939 1555 4180 1640 legatio
4225 1556 4312 1622 ad
4360 1558 4516 1624 GraÎ‡-

2565 1637 2817 1702 lelmum
2860 1637 3178 1721 collegam
3220 1660 3443 1703 meum
3495 1641 3868 1706 mitteretur
3902 1643 4199 1725 petitum,
4245 1651 4323 1706 ut
4364 1663 4515 1726 gre-

2565 1742 2717 1805 gem
2761 1743 2955 1787 suum
2998 1724 3343 1788 reviseret:
3391 1734 3532 1789 tum
3577 1723 3811 1792 deinde
3845 1728 3919 1791 in
3948 1746 4092 1791 eam
4136 1727 4369 1793 urbem
4404 1726 4517 1793 ubi

2566 1808 2734 1873 alter
2777 1808 3071 1889 sepultus
3114 1818 3244 1887 est,
3303 1821 3379 1873 ut
3421 1821 3680 1877 mortuo
3731 1810 3905 1895 apud
3949 1811 4288 1878 ecclesiam
4330 1813 4518 1879 illam

2563 1893 3012 1959 testimonium
3056 1891 3458 1960 redderetur.
3486 1896 3570 1978 Â¹â¶)
3660 1897 3886 1963 Habes
3931 1898 4218 1979 aliquam
4261 1908 4517 1982 partem

2563 1998 2791 2043 eorum
2835 1999 3001 2062 quae
3043 1979 3208 2043 mihi
3251 1979 3641 2045 acciderunt.
3729 1984 3851 2062 Tu,
3896 1983 3990 2047 mi
4046 1984 4281 2062 frater,
4339 2005 4518 2050 nunc

2562 2065 2785 2129 Deum
2829 2084 3096 2148 precare
3154 2075 3225 2129 ut
3279 2067 3408 2131 ista
3450 2068 3670 2132 omnia
3710 2068 3780 2132 in
3823 2069 4066 2134 bonum
4111 2070 4314 2133 finem
4356 2068 4516 2135 diri-

2564 2159 2696 2233 gat,
2742 2169 2817 2217 ao
2860 2150 3027 2215 mihi
3069 2151 3440 2230 consilium,
3499 2152 3795 2217 animum
3837 2163 3904 2218 et
3946 2154 4120 2219 vires
4164 2154 4517 2220 subminis-

2564 2245 2696 2299 tret
2737 2237 2821 2301 ad
2864 2257 3027 2319 opus
3081 2257 3279 2302 suum
3321 2236 3605 2302 fideliter
3661 2250 3728 2303 et
3780 2237 4143 2322 prudenter
4196 2259 4517 2323 peragen-

2566 2318 2742 2385 dum.
2830 2321 3003 2385 Nam
3046 2342 3175 2403 quo
3217 2321 3479 2405 longius
3522 2324 3924 2407 progredior,
3969 2344 4046 2390 66
4089 2323 4324 2389 16611116
4367 2345 4517 2390 666-

2565 2405 2659 2471 tio
2703 2426 2900 2489 quam
2943 2407 3346 2490 negotiosam
3391 2416 3585 2490 atque
3620 2408 3895 2475 arduam
3932 2410 4338 2491 provinciam
4371 2431 4518 2476 sus-

2564 2491 2831 2557 tineam.
2936 2490 3012 2557 Si
3066 2493 3327 2575 quando
3385 2493 3566 2559 illinc
3622 2494 3704 2559 ad
3764 2516 3886 2562 666
3942 2494 4348 2561 transvolare
4401 2516 4517 2578 po-

2566 2579 2791 2656 tueris,
2834 2577 2962 2643 scis
3006 2599 3203 2661 quam
3246 2589 3475 2662 gratus
3515 2579 3685 2646 mihi
3728 2580 3993 2646 futurus
4036 2582 4124 2645 sit
4165 2588 4320 2646 tuus
4361 2600 4518 2646 oon-

2567 2671 2856 2747 spectus:
2910 2669 2977 2728 et
3028 2684 3217 2747 spero
3274 2664 3397 2728 tibi
3447 2667 3781 2747 proximas
3832 2666 4028 2732 ferias
4086 2664 4518 2732 vindemiales

2564 2748 2701 2814 fore
2744 2747 2830 2814 ad
2872 2770 3018 2814 eam
3060 2770 3203 2814 rem
3246 2757 3663 2833 opportunas.
3753 2751 3921 2817 Vale
3977 2750 4143 2816 mihi
4185 2751 4519 2819 carissime

2566 2835 2788 2900 frater.
2848 2834 3181 2901 Genevae.
3211 2837 3292 2911 Î )

3342 3095 3745 3104 --â€”-â€”â€”â€”â€”-.â€”â€”.

3465 3277 3622 3349 385.

3055 3414 3528 3482 OALVINUS
3572 3414 4037 3483 FARELLO.

2745 3586 3131 3654 Gratulatwr
3172 3587 3231 3652 ei
3273 3586 3502 3653 laetum
3554 3588 3784 3672 negotii
3824 3586 4247 3653 molestissimi
4288 3587 4524 3653 exitum
4626 3652 4631 3658 .

2569 3678 2625 3742 et
2667 3674 2953 3740 animam
2994 3674 3132 3739 eius
3174 3673 3362 3757 eriyit
3416 3673 3489 3737 in
3530 3673 3812 3739 miseriis
3867 3674 4069 3738 omnis
4107 3673 4356 3757 qeneris
4392 3673 4522 3756 for-

2568 3761 2832 3826 titudine
2873 3762 3151 3843 eyentem.

2574 3930 2688 3996 (Ex
2724 3947 2792 3983 au
2952 3926 3060 3997 pho
3078 3927 3281 3982 Genev.
3309 3927 3452 3980 Bibl.
3491 3925 3620 3980 Cod.
3642 3925 3759 3994 106,
3795 3927 3887 3981 fol.
3924 3925 3993 3980 75
4027 3928 4177 3980 cuius
4211 3945 4244 3980 a
4283 3943 4415 3996 ogra
4452 3926 4525 3980 ha

2575 4004 2797 4053 exstant
2842 3998 2862 4051 i
2901 3997 2973 4050 id.
3023 3995 3156 4077 0â°â¶:
3207 3994 3329 4062 111,
3382 3995 3471 4049 sol.
3507 3993 3603 4060 61,
3654 3996 3714 4047 16
3747 3995 3966 4077 Archiv.
4016 3997 4178 4050 Bern.
4272 4013 4360 4116 p2p.
4509 4033 4524 4048 .

2659 4086 2711 4137 p.
2746 4066 2848 4120 421
2886 4072 2944 4120 et
2977 4082 3063 4134 ap.
3101 4064 3313 4119 Simler.
3352 4064 3478 4117 Vol.
3511 4062 3596 4170 51.
3665 4064 3892 4133 Anghce
3927 4064 4079 4118 Tom.
4115 4066 4161 4118 I.
4199 4082 4251 4133 p.
4323 4062 4438 4129 87.)

2572 4254 2987 4322 Fidelissimo
3031 4252 3283 4319 Christi
3340 4271 3528 4318 servo
3583 4250 3667 4317 G.
3712 4251 4007 4331 Farello,
4062 4252 4527 4318 Neoeomensis

2883 4338 3194 4406 ecclesiae
3239 4337 3500 4421 pastori,
3545 4337 3734 4402 fratri
3779 4339 4132 4404 carissime.
4164 4341 4214 4416 Î¹)

2744 4478 3012 4543 Literae
3079 4487 3233 4541 tuae
3293 4473 3722 4540 vehementer
3786 4495 3909 4541 nos
3986 4475 4173 4540 initio
4233 4474 4527 4558 percule-

2748 4648 2836 4714 13)
2873 4645 3272 4714 Kampschulte
3346 4689 3363 4704 .
3396 4644 3518 4700 386.

2750 4716 2840 4781 14)
2877 4715 2957 4771 N.
2992 4714 3096 4768 245
3128 4720 3243 4769 not.
3316 4754 3331 4768 .

2749 4784 2837 4851 15)
2876 4786 2922 4837 1.
2961 4784 3092 4838 Mai
3127 4783 3259 4839 1541
3297 4782 3600 4852 Kampsch.
3678 4823 3689 4834 .
3724 4779 3844 4835 377.

2754 4855 2845 4920 16)
2880 4853 3037 4908 Idem
3068 4873 3124 4920 p.
3159 4850 3278 4907 387.
3315 4851 3452 4921 Rea.
3490 4853 3569 4906 du
3625 4849 3838 4906 ,ossea
3878 4849 3959 4903 17.
3995 4849 4125 4904 Ian.
4163 4848 4315 4904 1542.

2752 4922 2845 4982 17)
2885 4922 3048 4976 Nina
3083 4922 3331 4975 cunctati
3364 4922 3510 4975 hamc
3531 4920 3707 4975 mensi
3739 4919 4020 4974 Ianuavio
4058 4917 4193 4973 1542
4226 4923 4278 4972 et
4311 4915 4531 4986 quidem

2580 4992 2825 5059 vergenti
2859 4990 3240 5045 adscribimus.
3311 4990 3619 5058 Hucusque
3652 4989 3796 5044 enim
3829 4988 4087 5043 narratio
4131 5003 4318 5042 rerwm
4349 4990 4528 5053 qesta-

2579 5077 2707 5115 ÎÎ·Â»
2742 5059 3046 5115 deducitur.
3100 5060 3334 5114 Amicus
3367 5075 3696 5130 anonymus,
3734 5074 3892 5127 quem
3926 5062 4117 5126 sperat
4147 5056 4307 5122 feriis
4340 5054 4529 5109 vmdc-

2580 5129 2840 5184 mialibus
2876 5129 3153 5183 Genevam
3186 5135 3477 5183 venustum
3513 5144 3646 5196 esse,
3683 5128 3961 5196 professor
4000 5125 4205 5194 aliquis
4238 5125 4413 5193 tuisse
4445 5125 4529 5179 vi-

2582 5199 2967 5278 deturpantis
3011 5200 3167 5266 lonye
3210 5204 3453 5252 remotus
3500 5204 3563 5252 ut
3610 5213 3751 5266 quae
3794 5198 3884 5252 hic
3918 5196 4237 5262 referuntur
4270 5196 4534 5264 ignorare

2580 5272 2857 5404 Î¡á¿–á½ƒá½»á¼”á½¸Î¸á¿’Î¹á¿–.)
2895 5335 3153 5390 Farcllus
3186 5335 3511 5406 adscripsit:
3548 5337 3740 5405 quinto
3771 5334 3930 5390 Febr.
3969 5331 4119 5387 1542.
