5050 6167
391 426 505 487 777

386 609 664 677 alterum
727 609 1140 676 Hetensibus
1201 611 1464 689 nostris,
1480 613 1542 685 ⁴)
1607 609 1888 675 alterum
1951 609 2118 676 meis
2182 610 2340 678 civi-

384 697 505 764 bus
522 697 580 778 ⁸)
622 695 793 762 misi.
882 694 1312 781 Archetypon
1368 694 1540 780 quod
1592 695 1760 761 mihi
1801 695 2077 762 miseras
2120 695 2337 763 Gallis

382 783 511 848 illis
565 780 931 860 mellitulis‚
988 792 1429 865 opportunum
1483 782 1653 847 forte
1708 782 2027 848 nuncium
2084 790 2334 862 nactus,

382 869 546 934 misi.
634 867 745 933 Ita
796 867 967 933 nihil
1026 866 1201 951 apud
1254 889 1364 933 me
1421 868 1553 933 nisi
1603 876 1925 952 quantum
1983 869 2337 935 memoriae

382 953 839 1020 commendavi
894 954 1234 1019 remansit.
1319 952 1703 1020 Iudicabam
1759 953 1936 1018 enim
1982 953 2170 1019 illum
2212 955 2339 1019 uti-

380 1037 611 1105 liorem
652 1038 785 1105 ilh's
828 1042 966 1106 fore
1008 1059 1209 1122 quam
1252 1038 1457 1119 nobis,
1499 1041 1613 1124 qui
1657 1040 1790 1105 iam
1835 1039 2123 1105 consiliis
2167 1040 2335 1123 opti-

380 1125 506 1190 mis
534 1211 548 1225 Ο
569 1126 943 1208 paruimus:
1022 1125 1280 1190 utinam
1345 1144 1575 1192 omnes
1654 1144 1733 1191 ao
1793 1125 2062 1189 omnino
2124 1124 2338 1191 dicere

548 1295 655 1362 De
701 1295 888 1362 Petro
904 1298 964 1378 ⁶)
1006 1297 1346 1381 cognoscis
1403 1317 1488 1362 ex
1530 1295 1636 1362 his
1679 1296 1892 1362 literis
1934 1317 2099 1378 quas
2141 1296 2225 1361 ad
2268 1308 2337 1361 te

378 1382 588 1446 mitto.
676 1380 1145 1448 Incredibilem
1207 1392 1384 1449 certe
1441 1382 1730 1448 dolorem
1788 1404 1870 1448 ex
1927 1382 2039 1447 illo
2096 1382 2336 1446 nuncio

376 1469 537 1550 cepi,
584 1488 714 1532 non
761 1467 976 1533 solum
1017 1469 1198 1534 illius
1238 1489 1455 1548 causa,
1512 1470 1584 1534 in
1628 1489 1758 1553 quo
1802 1468 2122 1534 habemus
2166 1466 2337 1551 quod

374 1553 474 1618 illi
530 1553 945 1638 gratulemur
1012 1556 1152 1638 (qui
1207 1575 1412 1638 quum
1465 1555 1536 1621 in
1591 1554 1765 1621 fossa
1821 1554 1938 1620 illa
1992 1561 2164 1619 esset
2214 1574 2338 1620 neo

374 1647 599 1722 posset
641 1638 726 1704 ob
767 1641 1047 1706 fractum
1089 1662 1244 1706 crus
1286 1641 1629 1725 aufugere,
1685 1661 2029 1724 nunquam
2071 1638 2337 1706 auditus

374 1734 479 1791 est
518 1725 655 1791 nisi
694 1724 975 1792 laudans
1018 1727 1398 1810 Dominum.
1497 1725 1683 1792 Adeo
1728 1736 1806 1791 ut
1863 1727 2066 1792 etiam
2107 1746 2336 1809 pecca-

375 1821 517 1877 tum
561 1831 757 1876 suum
799 1816 1224 1878 confiteretur
1265 1812 1347 1878 de
1389 1813 1696 1877 instituta
1737 1813 1913 1896 fuga,
1975 1821 2044 1877 ct
2086 1814 2337 1896 gratias

370 1897 665 1963 Domino
706 1909 933 1981 ageret
975 1896 1147 1981 quod
1194 1898 1289 1962 ita
1330 1898 1742 1965 retineretur.
1831 1899 1971 1964 Nec
2013 1899 2335 1982 imparem

369 1983 440 2048 in
498 1983 647 2049 eius
702 2004 912 2048 uxore
969 1984 1411 2049 constantiam
1465 2006 1612 2050 sum
1670 1985 2042 2067 expertus),
2101 2004 2333 2051 verum

368 2070 571 2135 etiam
629 2069 805 2135 illius
860 2069 1170 2135 ecclesiae
1228 2071 1526 2149 nomine,
1596 2070 1705 2136 cui
1764 2090 2025 2152 semper
2081 2070 2335 2135 veritus

367 2176 519 2221 sum
563 2177 653 2221 ne
697 2176 782 2221 ex
825 2155 950 2220 hoc
1000 2163 1228 2220 nostro
1270 2156 1531 2239 incepto
1591 2155 1952 2238 periculum
2007 2157 2101 2220 ita
2154 2175 2331 2221 crea-

366 2250 574 2307 retur.
667 2243 769 2308 Ac
822 2242 1020 2307 etiam
1079 2241 1389 2308 ecclesiae
1432 2251 1727 2320 nostrae,
1787 2242 1892 2306 cui
1949 2262 2082 2306 non
2139 2239 2332 2306 video

367 2347 570 2408 quem
612 2326 923 2393 idoneum
980 2339 1309 2412 pastorem
1353 2327 1830 2411 praeficiamus.
1918 2328 2192 2395 Utinam
2238 2327 2332 2392 ita

364 2413 661 2478 rationes
703 2423 860 2479 tuae
901 2413 1313 2497 postularent
1354 2423 1430 2478 ut
1469 2412 1554 2478 ad
1597 2434 1718 2478 nos
1763 2412 2045 2478 venires,
2134 2413 2332 2478 Certe

364 2498 586 2563 multa
629 2497 820 2564 video
871 2499 942 2564 in
1005 2498 1240 2583 quibus
1295 2508 1412 2564 tua
1452 2500 1825 2582 praesentia
1868 2499 2051 2564 utilis
2095 2519 2173 2564 ac
2216 2520 2332 2564 ne·

364 2583 656 2650 cessaria
698 2583 1052 2649 admodum
1098 2587 1279 2650 foret.
1368 2585 1542 2651 Ecce
1595 2605 1808 2666 nuper
1849 2584 2186 2650 Metenses
2226 2585 2333 2648 in-

364 2669 513 2749 visi,
560 2668 737 2752 apud
780 2689 942 2752 quos
986 2671 1381 2736 reviviscere
1426 2670 1844 2755 evangelium
1903 2691 2049 2736 sum
2096 2690 2331 2754 exper-

365 2761 493 2822 tus.
587 2754 775 2821 Nihil
817 2767 1038 2820 tamen
1078 2757 1333 2821 consilii
1376 2755 1592 2821 adhuc
1629 2754 1960 2821 Dominus
2004 2755 2186 2820 dedit
2219 2755 2333 2839 qui

363 2842 576 2924 possit
618 2841 754 2905 illis
796 2842 1109 2907 succurri.
1176 2842 1328 2906 Non
1374 2841 1644 2907 dubium
1687 2850 1909 2907 tamen
1954 2852 2073 2920 est,
2120 2841 2178 2907 si
2212 2840 2331 2904 ali-

364 2928 514 3009 quis
559 2927 834 2993 idoneus
877 2925 1153 3007 adesset,
1198 2930 1360 3010 quin
1392 2928 1503 2991 'illi
1542 2928 1671 2993 alio
1709 2948 1908 3011 quam
1952 2935 2152 3014 antea
2197 2926 2331 3010 spi—

360 3012 500 3079 ritu
548 3022 688 3078 tam
731 3020 1032 3078 sanctum
1076 3012 1415 3096 nogotium
1458 3020 2024 3097 prosequerentur.

536 3099 703 3165 Mox
747 3096 861 3164 ubi
905 3099 1222 3163 nuncium
1274 3099 1397 3164 hoo
1439 3100 1831 3182 accepissem
1870 3097 1951 3163 de
1994 3097 2180 3164 Petro
2211 3117 2333 3182 per

362 3183 452 3250 D.
497 3185 827 3251 But-erum
869 3183 1098 3250 literas
1140 3184 1487 3266 impetravi
1533 3183 1617 3249 ab
1659 3191 1911 3261 senatu,
1937 3188 1991 3261 ⁷)
2035 3205 2198 3268 quas
2232 3183 2332 3249 illi

451 3271 875 3336 rhumaniter
916 3276 986 3335 et
1026 3271 1319 3354 graviter
1351 3268 1433 3335 ad
1457 3270 1541 3335 D.
1564 3268 1905 3354 d'Oiynyes
1939 3274 2107 3336 arcis
2141 3290 2330 3354 prae-

360 3291 617 3424 gistum
672 3357 1107 3439 scripserunt,
1163 3357 1565 3422 obtestantes
1619 3362 1699 3420 ut
1751 3355 1812 3421 si
1864 3356 2034 3421 forte
2090 3356 2203 3422 vel
2258 3355 2333 3419 in

450 3449 694 3509 testate
716 3442 1145 3525 Imperatoris
1185 3442 1246 3507 is
1287 3442 1423 3508 iam
1466 3441 1553 3507 sit
1594 3441 1756 3506 velit
1791 3441 1953 3524 ipse'
1975 3442 2154 3507 omni
2189 3448 2330 3506 stu-

409 3530 474 3594 io
517 3525 931 3594 intercedere
985 3536 1063 3594 ut
1114 3528 1281 3594 liber
1332 3527 1733 3604 remittatur,
1813 3524 1965 3606 Quo
2023 3547 2179 3592 vero
2222 3546 2331 3592 res

361 3616 585 3700 magis
620 3613 792 3679 serio
828 3614 970 3698 geri
1002 3612 1324 3696 videatur,
1366 3622 1620 3680 certum
1654 3612 1969 3678 nuncium
2008 3609 2332 3679 dederunt

362 3702 479 3786 qui
522 3708 598 3768 et
637 3702 859 3767 verbis
900 3700 1075 3785 apud
1115 3703 1332 3786 ipsum
1365 3708 1435 3767 et
1472 3722 1579 3767 ma
1633 3699 1934 3765 'stratum
1975 3697 2182 3764 instet
2214 3719 2331 3780 pro

361 3788 469 3853 sui
514 3786 686 3855 civis
729 3785 1131 3854 liberatione,
1219 3787 1526 3854 Crastino
1614 3786 1676 3851 ie
1711 3805 1900 3868 sporo
1944 3783 2132 3849 illum
2166 3783 2330 3848 Tor-

362 3875 518 3941 naci
562 3874 883 3939 futurum.
971 3872 1147 3938 Nam
1190 3873 1385 3940 hodio
1428 3882 1703 3939 octavus
1747 3878 1849 3935 est
1890 3868 2030 3936 dies
2073 3890 2158 3935 ex
2200 3889 2329 3953 quo

367 4132 537 4143 ...m-...-
580 4135 665 4142 ..--
730 4135 775 4140 ‘-

578 4248 1101 4312 ”Videam-ali
1164 4247 1698 4316 dammaietratu
1763 4245 1928 4314 fidem
1992 4260 2155 4299 mam
2222 4259 2332 4299 ser-

357 4334 530 4377 vasse
574 4319 660 4375 vel
715 4321 881 4376 etiam
923 4324 1108 4374 coetus
1158 4318 1479 4385 celebrasse,
1534 4316 1664 4387 plus
1714 4315 1903 4370 minue
1954 4313 2328 4369 Nicodemita·

358 4404 492 4450 Μ
527 4404 743 4526 mgein
786 4457 832 4539 F·
836 4456 1101 4524 iandria,
1159 4461 1276 4510 tum
1331 4453 1596 4578 temssorie
1652 4453 1851 4535 misere
1890 4451 1956 4506 ob
1987 4450 2117 4504 ⁴reli
2163 4451 2173 4462 '

354 4532 596 4595 venata,
632 4544 685 4582 o.
722 4526 876 4582 Haut.
913 4526 1007 4582 des
1041 4526 1303 4596 Mar-tyrs
1333 4524 1377 4591 f.
1406 4527 1432 4578 1
1475 4523 1504 4577 1
1540 4527 1593 4576 et
1626 4521 1852 4576 Pollam
1884 4536 1972 4590 ep.
2008 4465 2168 4575 mocss
2200 4519 2328 4574 lau·

507 4613 581 4651 m.

582 4664 642 4730 6)
682 4663 884 4719 Petrae
916 4664 1101 4734 Braly
1131 4663 1386 4718 minister
1400 4658 1890 4729 Aryeutoratensis
1924 4657 2189 4712 euadente
2206 4657 2328 4711 Ba-

361 4748 494 4789 cero
528 4735 595 4788 im
865 4733 876 4744 ‘
1010 4748 1068 4786 se
1101 4733 1407 4789 contulerat
1437 4735 1503 4784 at
1534 4730 1616 4783 ibi
1647 4728 1903 4782 ecclesias
1936 4726 2242 4792 ordinaret,
2278 4731 2332 4781 et

362 4803 485 4858 iam
523 4802 735 4869 Duae-i,
782 4801 1146 4855 Valentianae
1189 4807 1241 4856 et
1282 4802 1348 4855 in
1381 4799 1602 4855 Ineulie
1647 4798 1840 4865 (Lille)
1885 4812 2000 4850 rem
2037 4800 2332 4877 ¹peremerat

363 4888 546 4941 qm
585 4871 828 4926 Tornaci
859 4885 889 4924 e
922 4885 1082 4923 mmo
1114 4871 1273 4924 urbis
1306 4869 1541 4923 demisso
1576 4867 1708 4921 dum
1741 4866 2001 4920 manibus
2032 4866 2328 4934 inquisito-

362 4956 608 5066 ”nm'at‘s
625 4938 1100 5064 ‘ww’
1146 4939 1730 5073 zamam&
1761 4936 2061 5004 ‘mm‘
2132 4934 2329 5001 (Μ’

583 5048 642 5138 7¹)
677 5079 763 5134 vel
801 5078 970 5132 mie
1013 5082 1106 5131 tar
1215 5077 1417 5132 missae
1457 5076 1542 5131 vel
1575 5092 1614 5129 a
1649 5072 1952 5129 armena
1994 5072 2141 5125 inter
2239 5075 2331 5126 tas

362 5155 432 5203 ut
482 5147 643 5216 fama
691 5147 918 5214 ferebat.
994 5146 1152 5222 Tales
1195 5145 1361 5226 etiam
1414 5144 1733 5225 Poene->poe
1771 5159 1837 5196 m
1878 5141 2115 5210 coniitiie
2239 5156 2329 5195 or·

362 5285 653 5342 manae
694 5285 751 5339 a.
800 5231 889 5339 19.⁵
919 5220 1087 5339 122?
1126 5283 1276 5337 1545.
1350 5209 2328 5347 ff‘zasssssfflmfflssffsss

1826 425 1991 487 1544
2032 417 2951 488 nomun-Dnomffl,

4121 408 4128 414 ’
4251 411 4466 513 ποῖ

2613 607 2701 675 D.
2746 609 3294 675 reverendissimo
3340 609 3694 677 Coloniensi
3976 609 4230 677 oediam
4281 632 4428 677 ex·-

2440 696 2735 762 citarunt
2792 693 3172 761 adversarii.
3264 694 3401 763 Sed
3457 703 3888 780 posteaquam·
3927 681 4007 761 ud
4061 698 4402 781 ingratum

2440 802 2585 847 esse
2632 779 2893 847 Caesari
2935 780 3421 860 intellexerant,
3482 783 3615 846 iam
3657 804 3778 848 sua
3821 782 4153 865 postulata
4193 782 4402 847 inter-

2440 875 2813 951 pretantur:
2871 866 2954 932 ad
2997 867 3370 950 exemplum
3417 867 3667 934 scilicet
3722 868 4006 933 aliarum·
4058 868 4403 934 civitatum

2441 951 2977 1018 Lutheranarum
3007 953 3168 1036 ipsis
3188 961 3575 1036 potestatem
3600 955 3748 1019 fieri
3784 953 3985 1042 alium
4024 955 4404 1038 episcopum

2441 1037 2747 1122 eligendi,
2796 1039 2905 1121 qui
2950 1039 3123 1121 apud
3176 1039 3354 1124 ipsos
3412 1039 3781 1123 spiritualia
3826 1042 3930 1120 (ut
3970 1045 4241 1117 vocant)
4285 1038 4403 1104 ad-

2440 1125 2787 1202 ministret,
2831 1124 2941 1189 isti
2978 1125 3242 1189 interim
3288 1125 3518 1191 relicto
3553 1125 4013 1208 temporalium
4056 1146 4198 1191 usu.
4266 1123 4405 1192 Sed

2439 1231 2653 1290 neque
2695 1209 2763 1274 id
2814 1210 3279 1293 impetrabunt.
3381 1213 3595 1276 Aiunt
3643 1211 3958 1293 Gropperi
4018 1232 4096 1278 ao
4139 1209 4404 1295 Heyldii

2441 1315 2644 1375 opera
2685 1295 2998 1361 defecisse
3040 1294 3123 1360 ab
3164 1297 3307 1380 ipso
3351 1296 3514 1364 duas
3557 1296 3769 1363 urbes.
3844 1297 3952 1362 Ita
3992 1299 4179 1364 nobis
4222 1306 4403 1362 retu-

2441 1380 2522 1445 lit
2563 1388 2788 1446 noster
2829 1380 3202 1464 Dionysiae,
3247 1383 3361 1465 qui
3401 1385 3536 1448 iam
3580 1382 3753 1467 apud
3802 1405 3920 1450 vos
3956 1392 4079 1450 est.
4167 1382 4403 1449 Altera

2442 1474 2545 1532 est
2587 1468 2765 1545 Reis,
2784 1468 2841 1550 ⁹)
2885 1466 3156 1531 alterius
3199 1489 3437 1536 nomen
3492 1491 3629 1534 non
3689 1478 3870 1535 tenet
3911 1470 4067 1552 ipse.
4156 1468 4296 1534 Nos
4338 1476 4405 1533 et

2440 1573 2560 1635 pro
2594 1552 2708 1617 illo
2731 1561 2799 1618 et
2832 1574 2950 1635 pro
2985 1562 3212 1618 nostro
3248 1563 3507 1636 pastore
3540 1575 3616 1620 ac
3650 1555 4070 1622 ecclesiarum
4105 1554 4404 1621 omnium

2442 1659 2602 1720 pace
2645 1650 2712 1703 et
2755 1638 3278 1705 ecclesiastarum
3317 1640 3673 1712 concordia
3702 1661 3833 1705 non
3875 1641 4249 1707 desistimus
4283 1660 4403 1723 pu·

2442 1723 2612 1790 blice
2654 1732 2721 1788 et
2762 1725 3073 1808 privatim
3110 1725 3477 1790 Dominum
3522 1746 3727 1791 orare.
3796 1725 3936 1792 Vos
3970 1726 4145 1792 idem
4189 1727 4403 1792 facere
4507 1767 4520 1783 .

2440 1817 2508 1875 et
2550 1811 2840 1876 facturos
2883 1808 3154 1877 confido.
3293 1889 3298 1894 ¹
4287 1886 4296 1893 ,

2613 1895 2690 1962 Si
2743 1895 3093 1977 aliquando
3153 1899 3407 1963 vacabit
3459 1918 3593 1963 non
3647 1896 3886 1963 inutile
3938 1898 4068 1962 erit
4114 1896 4402 1962 nobilem

2438 1981 2623 2047 illam
2665 1980 2937 2047 heroida
2980 1981 3084 2047 De
3127 1982 3352 2051 Mittin
3375 1985 3459 2064 ¹⁰)
3512 2006 3631 2067 per
3687 1983 3913 2048 literas
3969 1983 4087 2049 abs
4138 1990 4204 2048 te
4245 2003 4403 2048 con-

2437 2068 2707 2134 firmari.
2816 2068 2964 2152 Ego
3030 2076 3351 2150 quantum
3415 2091 3681 2152 possum
3747 2089 3854 2134 mo
3910 2068 4011 2133 illi
4067 2066 4397 2152 impendo.

2438 2155 2531 2219 Ει
2552 2153 2681 2218 Dei
2717 2154 2916 2220 verbo
2952 2161 3052 2219 est
3088 2152 3693 2238 obsequentissima.
3762 2155 3891 2220 His
3928 2154 4159 2220 diebus
4195 2174 4399 2237 quum

2439 2240 2647 2305 multa
2689 2261 2729 2305 a
2771 2240 2925 2304 filiis
2969 2240 3057 2305 sit
3097 2260 3310 2324 passa,
3356 2240 3625 2306 tandem
3674 2240 3873 2307 etiam
3919 2240 4135 2306 saevis
4180 2237 4401 2328 verbis

2439 2347 2744 2392 revocare
2788 2326 2869 2391 ab
2913 2324 3040 2390 hoc
3082 2326 3425 2411 evangelio
3481 2328 3587 2411 (ut
3630 2325 3996 2409 blasphemi
4040 2326 4186 2391 ausi
4240 2331 4404 2390 sunt

2440 2412 2684 2490 dicere)
2743 2412 2977 2476 canino
3032 2414 3249 2477 conati
3309 2420 3479 2478 sunt.
3567 2411 3702 2478 Sed
3757 2413 4020 2477 frustra.
4107 2410 4268 2489 Illa,
4323 2418 4400 2475 ut

2439 2506 2718 2562 matrem
2762 2496 3193 2564 christianam
3242 2497 3492 2576 decuit,
3547 2498 3841 2581 graviter
3885 2518 3996 2562 eos
4039 2494 4399 2575 admonuit,

2438 2582 2673 2648 deinde
2721 2583 2827 2648 hic
2870 2583 3291 2649 obfirmatum
3348 2583 3475 2649 sibi
3521 2585 3816 2648 animum
3871 2582 4263 2659 declaravit,
4322 2590 4401 2646 ut

2398 2683 2775 2751 'nunquam
2819 2690 2860 2734 a
2912 2668 3041 2733 fide
3088 2669 3397 2734 discedat.
3485 2670 3582 2734 Et
3634 2668 3940 2753 quamvis
3991 2667 4124 2734 illis
4177 2663 4400 2733 odiosa

2437 2755 2525 2819 sit
2571 2752 2946 2837 vulgarium
2981 2754 3323 2820 hominum
3366 2753 3786 2834 consuetudo,
3830 2753 3958 2819 sibi
3991 2765 4212 2818 tamen
4248 2773 4400 2836 gra·

2438 2849 2574 2904 tam
2617 2859 2761 2904 esse
2813 2840 3107 2905 omnium
3156 2841 3422 2906 illorum
3468 2841 4013 2918 familiaritatem,
4071 2860 4111 2903 a
4163 2838 4400 2922 quibus

2438 2925 2784 2990 Christum
2827 2924 3087 3007 plenius
3127 2927 3334 3009 possit
3378 2925 3645 2993 discere.
3734 2926 3943 2990 Brevi
4003 2925 4179 2990 filius
4234 2931 4400 3002 natu

2437 3012 2655 3075 minor
2696 3031 2970 3075 uxorem
3017 3008 3330 3077 ducturus
3367 3020 3485 3078 est.
3574 3011 3705 3077 Illa
3761 3032 3844 3077 ne
3890 3018 3959 3076 at
4013 3031 4085 3076 se
4140 3009 4404 3075 adfutu-

2434 3111 2582 3161 ram
2626 3098 2885 3161 missae.
2976 3095 3154 3163 Hinc
3201 3096 3356 3163 illae
3409 3097 3761 3182 lacrymae.
3979 3098 4257 3163 caeteris
4299 3102 4402 3161 ta-

2438 3203 2591 3246 men
2634 3181 2819 3246 iubet
2870 3180 3018 3246 illos
3074 3183 3292 3247 omnia
3354 3182 3437 3254 de
3493 3206 3564 3250 se
3618 3202 3886 3266 sperare
3929 3202 4096 3266 quae
4139 3181 4224 3247 ad
4268 3202 4404 3247 ma·

2436 3274 2606 3332 trem
2660 3267 3057 3350 pertineant.
3146 3268 3333 3334 Haeo
3386 3290 3594 3352 quum
3648 3268 3980 3334 audissem
4038 3268 4266 3333 statim
4317 3266 4405 3333 ad

2436 3353 2651 3436 ipsam
2694 3353 2944 3436 scripsi,
2991 3374 3067 3420 ao
3102 3365 3424 3438 quantum
3447 3355 3773 3420 Dominus
3817 3352 3996 3419 dedit
4034 3354 4219 3419 illam
4253 3374 4405 3418 sum

2437 3439 2813 3505 consolatus
2869 3460 3143 3523 eamque
3200 3439 3285 3505 ad
3339 3441 3780 3506 constantiam
3834 3440 4160 3506 hortatus.
4246 3438 4402 3506 Non

2437 3523 2666 3591 desino
2731 3525 2929 3591 etiam
2994 3523 3078 3590 ad
3140 3527 3356 3611 ipsam
3410 3527 3750 3595 ecclesiam
3807 3526 4182 3594 Metensem
4240 3525 4400 3593 scri·

2436 3610 2621 3678 bore:
2668 3609 3019 3696 aliquando
3064 3611 3150 3679 ad
3192 3613 3565 3693 universos,
3620 3612 3969 3697 aliquando
4013 3612 4097 3679 ad
4138 3611 4398 3691 viduas,

2436 3697 2717 3764 subinde
2761 3697 2844 3763 ad
2889 3697 3069 3764 alios.
3161 3695 3298 3765 Sed
3341 3719 3463 3782 ego
3512 3699 3691 3764 solus
3746 3707 3814 3764 et
3856 3699 4094 3782 spiritu
4137 3707 4204 3763 et
4250 3698 4400 3764 doo-

2436 3784 2617 3849 trina
2660 3783 3014 3850 destitutus
3058 3783 3214 3869 quid
3257 3782 3538 3849 faciam?
3627 3784 3810 3869 Ergo
3853 3805 3971 3850 vos
4015 3783 4228 3863 decet,
4286 3783 4402 3867 qui

2437 3869 2745 3969 spiritum
2764 3870 3148 3970 ’Dei-plene
3192 3869 3527 3949 hausistis,
3573 3868 3926 3954 aliquando
3970 3870 4149 3934 illius
4198 3868 4400 3934 coele-

2436 3975 2574 4019 siae
2616 3976 2965 4021 reminisci.

2609 4037 2717 4105 De
2761 4039 3151 4124 Imperatore
3206 4040 3304 4108 nil
3362 4041 3653 4124 comperi
3712 4041 3910 4120 certi,
3982 4040 4114 4105 nisi
4169 4038 4399 4107 diebus

2437 4125 2886 4208 superioribus
2939 4135 3392 4210 exspectatum
3449 4125 3781 4193 Coloniae.
3883 4123 4021 4192 Sed
4084 4134 4400 4209 quantum

2438 4210 2631 4276 audio
2675 4212 2809 4275 iam
2848 4212 3121 4277 consilio
3174 4221 3434 4278 mutato
3490 4211 3686 4278 rediit
3728 4211 4215 4294 Antwerpiam,
4268 4229 4402 4276 non

2437 4308 2761 4363 venturus
2806 4295 2889 4360 ad
2917 4316 3054 4361 nos
3098 4305 3252 4362 ante
3287 4297 3640 4363 Februarii
3685 4295 3824 4362 Cal.

2612 4379 2749 4447 Sed
2809 4378 2966 4464 quid
3021 4402 3227 4466 pergo
3280 4382 3402 4448 tibi
3459 4384 3625 4449 meis
3679 4381 3949 4464 ineptiis
4004 4381 4400 4465 obstrepere,

2644 4653 2703 4712 8)
2742 4653 2929 4707 archie
2983 4654 2993 4664 ”
3021 4667 3188 4723 copo,
3239 4659 3436 4708 contra
3470 4654 3631 4708 caiae
3663 4653 3856 4708 studia
3888 4652 4276 4719 reformandae
4308 4668 4393 4708 ee-

2438 4724 2635 4779 clesiae
2669 4721 2860 4776 dicata
3120 4722 3420 4778 dioeceseos
3455 4738 3501 4776 c.
3537 4723 3904 4778 universitate
3940 4721 4200 4777 Caesarie
4234 4727 4395 4778 auto-

2437 4796 2658 4848 ritatem
2691 4797 3066 4858 1.rovocarunt
3102 4792 3389 4861 (Deckers,
3427 4792 3560 4846 Hm.
3595 4808 3645 4847 υ.
3679 4791 3853 4845 Wied.
3891 4792 4012 4860 121,
4050 4792 4250 4847 Ranke
4283 4792 4397 4847 IV.

2434 4865 2563 4931 283)
2599 4861 2957 4915 contradicat
2978 4862 3105 4916 ibus
3140 4863 3377 4917 statibus
3411 4862 3586 4916 laicis.
3660 4861 3937 4924 (Sieidan.
3971 4861 4060 4915 II.
4101 4862 4243 4926 364)

2645 4931 2705 4986 9)
2746 4929 2965 4984 Nomen
2997 4932 3082 4986 ita
3116 4932 3384 5001 scriptum
3429 4936 3496 4984 ut
3526 4930 3686 4984 nobie
3718 4930 3865 4998 ipsis
3900 4930 4086 4998 quoad
4118 4931 4399 4985 lectionem

2435 4998 2780 5067 diffidamus.
2834 5000 2989 5054 Alibi
3022 5000 3091 5054 de
3123 5002 3224 5058 hoc
3254 5002 3406 5068 facto
3428 4999 3572 5054 nihil
3603 4999 3838 5054 relatum
3854 5000 4184 5055 invenimus.
4245 4999 4396 5056 For·-

2434 5074 2582 5124 tasse
2614 5067 2898 5138 leyendum
2934 5072 3138 5123 Rhoinz
3173 5077 3274 5125 aut
3315 5072 3512 5135 Rhene,
3548 5069 3695 5138 qaod
3729 5069 4000 5137 oppidum
4107 5084 4210 5138 ope
4244 5067 4394 5123 Rhe-

2434 5155 2571 5192 num
2605 5140 2802 5204 sitam,
2851 5138 2916 5192 in
2946 5138 3155 5206 tinibm
3187 5139 3510 5207 provinciae
3543 5139 3704 5192 ouius
3737 5142 3908 5206 caput
3941 5137 4011 5191 ho
4049 5137 4101 5190 ie
4134 5143 4214 5192 est
4253 5140 4395 5192 Con-

2432 5208 2698 5278 fluentia,
2731 5206 2877 5274 *olim
2923 5207 2988 5261 in
3029 5208 3267 5264 historia
3301 5209 3713 5277 Imperatorum
3741 5212 3972 5277 propter
4002 5205 4285 5261 electiones
4315 5205 4397 5260 ibi

2461 5283 2622 5333 actae
2653 5276 2884 5330 clarum.

2432 5278 2470 5345 f
2611 5347 2699 5412 10)
2738 5345 3060 5415 Metensem,
3097 5347 3151 5399 si
3181 5346 3555 5401 coniecturam
3587 5345 3770 5412 facere
3800 5344 3939 5400 licet.
