5050 6167
651 403 779 467 459

652 589 753 656 bis
816 586 900 652 ad
953 590 1368 669 praesentem
1429 580 1753 647 actionem
1817 602 1950 647 non
2013 582 2358 654 sufficeret.
2459 581 2603 646 Ali-

653 671 1042 759 quantulum
1088 677 1310 734 tamen
1362 668 1535 734 sumi
1591 668 1845 751 poterit.
1949 667 2123 732 Mihi
2175 676 2394 732 autem
2436 667 2604 732 bifa-

652 761 823 826 riam
864 755 1125 825 videtur
1169 752 1619 820 distribuenda
1660 773 1873 818 causa.
1941 753 2263 831 Primum,
2310 761 2386 817 ut
2427 752 2605 819 dica·

653 845 744 910 tis
794 843 967 909 hanc
1024 841 1482 907 alienationem
1537 839 1764 904 multis
1828 839 2136 923 gravibus
2191 837 2605 904 offendiculis

656 949 921 997 causam
971 928 1127 992 fore.
1229 923 1520 1004 Deinde,
1579 930 1656 989 ut
1710 924 2172 989 demonstretis
2229 945 2371 989 esse
2413 925 2605 988 illici-

655 1023 813 1081 tam.
900 1010 1318 1079 Offendicula
1358 1018 1516 1075 sunt
1557 1009 1629 1074 in
1670 1017 1991 1092 promptu.
2081 1009 2276 1090 Quod
2313 1012 2608 1093 papistae

656 1099 900 1185 passim
941 1097 1356 1182 evangelium
1398 1094 1553 1161 inde
1588 1095 1924 1173 infamant,
1970 1093 2163 1178 idque
2205 1097 2416 1161 facere
2459 1116 2606 1161 coe-

657 1190 901 1271 perunt
954 1204 1081 1266 quo
1130 1189 1426 1265 tempore
1480 1201 1615 1246 non
1668 1179 2000 1246 habebant
2050 1189 2187 1245 tam
2241 1182 2608 1265 speciosum

658 1277 1093 1355 praetextum.
1182 1266 1481 1332 Antehac
1534 1266 1739 1351 igitur
1781 1265 2125 1332 calumniis
2179 1289 2333 1332 usos
2386 1268 2607 1345 fuisse,

659 1377 838 1423 nunc
894 1355 1135 1420 iustam
1190 1349 1537 1419 accusandi
1586 1351 1909 1416 rationem
1974 1351 2338 1430 habituros,
2405 1374 2610 1434 quum

661 1442 745 1507 de
788 1440 1150 1523 direptione
1191 1438 1512 1503 bonorum
1553 1436 1860 1503 ecclesiae
1902 1435 2263 1519 loquentur.
2328 1436 2608 1515 Deinde,

663 1523 838 1611 quod
879 1525 1061 1608 plebs
1105 1524 1175 1589 in
1211 1530 1348 1588 tota
1382 1522 1733 1606 provincia,
1781 1522 1935 1604 quia
1968 1522 2187 1605 palam
2225 1543 2359 1587 non
2394 1523 2608 1601 audet,

661 1613 736 1677 in
801 1609 1062 1694 angulis
1125 1609 1427 1674 omnibus
1494 1606 1574 1672 de
1639 1627 1717 1672 eo
1775 1609 2214 1690 conqueritur.
2313 1607 2610 1673 Ministri

665 1703 887 1763 autem
929 1694 1095 1759 nihil
1138 1693 1382 1760 habent
1434 1691 1606 1776 quod
1650 1694 2106 1776 respondeant.
2194 1693 2364 1758 Nam
2407 1715 2610 1777 quum

664 1781 980 1848 adversus
1013 1800 1222 1864 papae
1265 1786 1334 1844 et
1370 1779 1570 1843 totius
1617 1776 1959 1844 sacerdotii
2004 1779 2304 1862 papistici
2347 1780 2610 1844 sacrile-

665 1868 777 1952 gia
817 1864 1323 1940 clamitaverint,
1377 1884 1507 1947 qua
1562 1863 1777 1929 fronte
1821 1863 2247 1929 defenderent
2287 1865 2611 1930 venditio-

663 1973 822 2018 nem
864 1971 1028 2034 quae
1071 1949 1410 2016 ecclesiam
1445 1969 1715 2031 prorsus
1748 1948 1985 2032 spoliet
2020 1970 2095 2014 ac
2130 1949 2373 2014 nudam
2411 1951 2611 2029 relin-

665 2042 841 2120 quat,
887 2056 1088 2119 quum
1130 2038 1459 2100 fructuum
1495 2035 1771 2099 abusum
1813 2056 1947 2099 non
1990 2035 2280 2100 tulerint.
2368 2036 2611 2116 Tertio,

667 2120 837 2205 quod
902 2120 1048 2185 aliis
1115 2118 1517 2203 principibus
1574 2117 1733 2184 dent
1794 2120 2151 2202 pessimum
2218 2121 2613 2203 exemplum.

665 2207 824 2272 Illos
868 2205 1044 2270 enim
1085 2204 1235 2287 plus
1292 2206 1451 2270 satis
1494 2205 1762 2287 cupidos
1802 2226 1976 2284 esse,
2034 2214 2112 2270 ut
2163 2227 2297 2271 non
2353 2205 2615 2272 aliunde

667 2291 1069 2358 occasionem
1113 2290 1413 2356 habeant.
1479 2290 1674 2357 Nunc
1718 2290 1775 2355 si
1817 2291 1888 2354 in
1932 2291 2056 2356 hac
2096 2301 2285 2374 parte
2324 2299 2615 2374 peccent,

663 2383 918 2461 partem
985 2374 1217 2459 culpae
1283 2374 1619 2441 dimidiam
1682 2395 1885 2458 penes
1944 2397 2052 2442 eos
2117 2379 2253 2442 fore
2309 2379 2421 2460 qui
2483 2377 2616 2443 illis

662 2460 1036 2547 praeierint.
1104 2459 1375 2541 QuartO,
1417 2482 1529 2526 eos
1571 2461 1823 2526 nescire
1864 2482 2076 2544 neque
2117 2461 2357 2528 habere
2391 2463 2461 2528 in
2495 2485 2618 2528 sua

664 2568 895 2626 manu,
954 2545 1180 2628 quales
1224 2546 1433 2611 futuri
1488 2547 1623 2611 sint
1675 2547 1939 2629 posteri.
2041 2547 2226 2612 Fieri
2276 2568 2466 2631 posse
2523 2557 2615 2626 ut,

665 2653 871 2715 quum
914 2632 1079 2696 nihil
1136 2631 1441 2697 ecclesiae
1497 2631 1824 2714 reliquum
1878 2632 2104 2711 fuerit,
2161 2654 2239 2697 ea
2279 2634 2617 2700 occasione

661 2718 1077 2801 relinquatur
1120 2716 1378 2783 deserta
1434 2725 1501 2782 et
1543 2716 1850 2783 solitaria.
1939 2717 2279 2798 Quantum
2326 2718 2409 2784 ad
2451 2719 2618 2784 illud

663 2802 1026 2870 secundum
1069 2811 1268 2902 caput
1319 2802 1638 2885 pertinet,
1701 2809 1884 2868 tenes
1941 2802 2106 2868 illud
2150 2814 2616 2888 argumentum

661 2888 738 2954 in
778 2910 906 2972 quo
949 2909 1337 2972 praecipuus
1375 2886 1571 2953 cardo
1612 2888 1913 2954 vertitur.
2000 2888 2150 2954 Non
2196 2911 2338 2956 esse
2377 2893 2616 2976 magis-

663 2981 897 3052 tratus,
940 2973 1114 3057 quod
1138 2973 1402 3040 Christo
1445 2982 1512 3038 et
1554 2973 1861 3040 ecclesiae
1904 2974 2104 3040 semel
2149 2977 2347 3041 fucrit
2389 2998 2616 3043 conse-

662 3069 936 3127 cratum.
1024 3060 1246 3143 Atque
1287 3058 1396 3124 hic
1449 3060 2020 3126 commemoranda
2074 3063 2198 3126 erit
2239 3063 2351 3127 lex
2393 3063 2507 3128 illa
2550 3069 2618 3129 et

661 3146 831 3211 ratio
875 3152 1097 3223 vetus,
1154 3144 1432 3228 qualiter
1477 3143 1842 3227 dispensari
1888 3145 2048 3211 haec
2086 3147 2257 3213 bona
2299 3158 2613 3231 oporteat.

660 3231 816 3297 Erit
849 3229 1058 3314 igitur
1098 3228 1171 3293 in
1214 3250 1292 3294 eo
1333 3228 1803 3295 insistendum:
1848 3232 2157 3298 ecclesiae
2192 3233 2391 3300 fuisse
2434 3234 2616 3299 dedi-

661 3324 916 3391 catum,
973 3313 1146 3397 quod
1197 3315 1383 3397 impii
1438 3324 1701 3381 ventres
1747 3328 2256 3400 occupaverant:
2314 3329 2615 3386 constare

661 3400 822 3466 satis
886 3399 1031 3483 quis
1110 3400 1198 3465 sit
1255 3399 1589 3483 legitimus
1664 3423 1824 3467 usus
1893 3403 2211 3470 bonorum
2287 3406 2613 3471 eeclesiae.

660 3486 838 3551 Eum
891 3503 1070 3549 nunc
1120 3484 1521 3567 sequendum
1576 3506 1752 3565 esse,
1817 3487 2275 3556 alienationem
2342 3490 2614 3557 anathe-

659 3578 838 3637 mate
878 3590 1013 3634 non
1057 3590 1278 3635 carere
1334 3579 1401 3635 et
1441 3571 1914 3651 maledictione,
1971 3576 2123 3659 quia
2160 3597 2418 3642 sacrum
2461 3598 2611 3660 pro-

656 3658 857 3723 fanet.
945 3655 1215 3721 Interea
1257 3654 1548 3721 tollenda
1588 3657 1716 3722 erit
1759 3661 1971 3726 omnis
2014 3662 2317 3745 suspicio,
2362 3683 2448 3727 ne
2489 3683 2613 3729 vos

657 3742 966 3809 affectare
1009 3739 1118 3807 hic
1152 3740 1398 3825 aliquid
1430 3748 1682 3825 putent.
1749 3744 2353 3812 Demonstrandum
2388 3756 2610 3813 tamen
2648 3759 2653 3768 '

658 3828 805 3905 erit,
839 3825 1019 3890 illam
1041 3847 1183 3893 esse
1210 3827 1526 3911 optimam
1549 3829 2028 3896 reformationis
2063 3833 2375 3916 regulam,
2413 3855 2610 3917 quam

658 3912 871 3977 Iosias
913 3932 1036 3977 rex
1073 3913 1519 4003 praescripsit:
1561 3923 1637 3979 ut
1669 3915 2095 4000 magistratus
2138 3918 2610 4003 inspectionem

657 3996 924 4075 habeat,
982 3996 1238 4063 diaconi
1284 3996 1766 4065 administrent.
1855 4002 2166 4070 Poteritis
2208 4012 2433 4070 tamen
2478 4013 2610 4072 tes-

656 4083 786 4148 tari
829 4104 944 4148 vos
985 4089 1323 4149 contentos
1374 4105 1518 4150 6666
1570 4093 1644 4150 ιιι
1697 4086 2123 4170 magistratus
2178 4090 2447 4172 plenum
2501 4091 2608 4158 ius

657 4167 1236 4234 administrationis
1275 4168 1531 4250 habeat,
1576 4169 1767 4235 modo
1803 4172 2082 4240 fideliter
2114 4173 2447 4259 dispenset
2490 4199 2609 4242 an—

657 4274 822 4318 nuos
866 4252 1135 4328 reditus,
1180 4262 1247 4319 et
1287 4254 1458 4319 nihil
1502 4277 1590 4320 ex
1627 4256 1831 4323 fundo
1875 4257 1954 4323 de
2001 4268 2195 4326 ereat.

827 4337 1035 4404 Vides
1077 4359 1277 4422 quam
1318 4340 1584 4406 confuse
1640 4351 1709 4406 et
1760 4350 1949 4408 tumu
1979 4346 2191 4410 tuarie
2231 4367 2441 4432 pauca
2481 4347 2611 4413 ista

654 4423 1107 4507 percurrerim.
1193 4425 1449 4490 Verum
1492 4428 1906 4494 excusatione
1941 4451 2075 4496 non
2117 4441 2288 4512 utar,
2334 4433 2506 4516 apud
2544 4440 2609 4499 te

654 4508 1045 4592 praesertim
1088 4509 1202 4592 qui
1246 4511 1372 4576 scis
1429 4532 1642 4594 neque
1698 4514 2103 4600 negligentia
2146 4539 2360 4601 neque
2402 4527 2607 4584 teme-

654 4592 851 4657 ritate
914 4613 1021 4657 me
1083 4594 1156 4657 in
1218 4601 1403 4659 tanta
1468 4618 1667 4663 causa
1746 4600 2005 4667 effutire
2071 4602 2246 4686 quod
2317 4605 2607 4686 primum

653 4678 725 4743 in
770 4678 1040 4744 buccam
1085 4681 1366 4759 venerit,
1422 4681 1537 4747 sed
1592 4686 1979 4752 necessitate
2022 4699 2318 4754 coactum
2358 4690 2606 4771 praeci-

653 4764 865 4912 pritare
918 4761 1090 4846 quod
1141 4763 1425 4831 libenter
1479 4768 1881 4837 elaborarem
1936 4774 1994 4838 si
2048 4773 2199 4855 plus
2257 4785 2429 4841 esset
2471 4776 2605 4841 otii.

722 4849 843 4927 ale,
887 4852 1131 4931 optime
1175 4861 1242 4915 et
1283 4852 1450 4917 mihi
1507 4855 1840 4923 carissime
1885 4860 2105 4924 frater.
2193 4857 2300 4924 De
2338 4862 2606 4945 propin-

655 4956 784 5019 quo
831 4933 1115 5001 Corde-rii
1159 4936 1542 5005 videbimus.
1632 4941 1900 5009 Fratres
1943 4953 2011 5010 te
2054 4943 2376 5026 salutant,
2436 4969 2608 5013 uxor

653 5042 802 5087 mea
844 5029 911 5086 et
949 5031 1083 5086 tota
1126 5021 1376 5089 domus.
1462 5025 1717 5091 Iterum
1775 5029 1937 5096 vale.
2027 5032 2356 5099 Dominus
2412 5041 2479 5098 te
2539 5041 2608 5098 et

654 5105 818 5172 alios
870 5106 1069 5174 bonos
1120 5118 1478 5176 conservet.
1568 5112 1846 5181 Gaudeo
1889 5115 2246 5201 plurimum
2307 5129 2373 5184 te
2415 5119 2486 5185 in
2531 5119 2607 5183 il-

653 5189 786 5256 lam
853 5191 1119 5258 domum
1182 5194 1609 5279 demigrasse:
1688 5202 1861 5284 quod
1931 5203 2059 5268 nisi
2124 5205 2366 5270 factum
2433 5213 2608 5271 esset

653 5278 964 5343 conviciis
1005 5289 1072 5345 te
1113 5280 1308 5348 istinc
1352 5280 1463 5346 ubi
1505 5306 1651 5352 eras
1696 5288 2114 5372 expulissem.
2202 5291 2389 5356 Vale.
2467 5292 2606 5356 Do-

2057 373 2064 378 ’
2177 390 2707 461 EPISTOLAE
2750 394 3091 457 431-433

4527 401 4645 466 460

2707 578 2928 645 minus
2980 585 3047 645 te
3102 578 3373 648 consilio
3426 581 3697 665 spiritus
3750 582 3855 648 sui
3917 604 4178 667 semper
4231 591 4421 671 regat
4471 592 4538 652 et
4586 595 4650 654 te

2707 665 2959 733 virtute
3001 687 3124 732 sua
3161 672 3465 750 protegat
3505 688 3591 733 ex
3633 668 3783 734 alto.

3632 804 3919 871 Ioannes
3962 804 4281 873 Calvinus
4324 813 4496 873 tuus.

2883 937 3020 1004 Vix
3060 940 3194 1005 scio
3231 939 3388 1022 quid
3422 941 3825 1024 scripserim:

3008 1024 3106 1091 ita
3146 1025 3437 1110 caligant
3476 1027 3664 1094 oculi.

3470 1304 3873 1313 ———

3610 1521 3765 1594 432.

3208 1655 3681 1726 STURMIUS
3727 1659 4161 1729 GALVDJO.

2888 1825 3219 1893 Intercedit
3259 1850 3383 1911 pro
3438 1829 3703 1895 debitore
3752 1832 3863 1912 qui
3897 1853 4021 1914 pro
4069 1837 4337 1914 tempore
4379 1834 4664 1901 solvendo

2714 1930 2836 1975 non
2877 1916 2983 1976 est.
3079 1913 3329 1979 obitum
3368 1915 3555 1993 filioli
3603 1913 3853 1982 calvini
3895 1919 4084 1998 deflet,
4120 1919 4384 1986 alterum
4424 1939 4666 2002 exspec-

2716 1997 2846 2063 tari
2886 1996 3072 2065 iubet.
3153 1999 3284 2066 Res
3326 1999 3705 2068 metensium
3744 2003 3934 2069 obiter
3975 2006 4186 2088 tanait.

3003 2169 3117 2234 (Ex
3150 2170 3488 2240 autographo
3522 2172 3640 2226 cod.
3676 2173 3915 2227 Gothani
3947 2172 4067 2244 404,
4100 2174 4190 2230 fol.
4226 2174 4373 2242 800.)

2721 2337 2990 2422 Optimo
3044 2348 3115 2405 et
3164 2341 3540 2409 doctissimo
3596 2344 3740 2410 viro
3782 2346 3865 2410 D.
3912 2344 4148 2412 Ioanni
4199 2346 4479 2415 Calvino
4533 2346 4671 2430 pri-

2753 2427 2961 2491 mario
3005 2427 3512 2512 fidelissimoque
3556 2429 3970 2498 Genevensis
4013 2434 4320 2499 ecclesiae
4363 2433 4637 2501 doctori.

2893 2560 2963 2628 S.
3002 2563 3080 2629 P.
3172 2563 3401 2630 Petrus
3443 2565 3860 2632 concionator
3911 2577 4135 2635 noster
4158 2568 4211 2651 ¹)
4243 2568 4440 2635 valde
4484 2569 4676 2654 angi-

2720 2653 2832 2713 tur
2874 2646 2955 2714 de
2997 2668 3076 2712 ea
3115 2651 3393 2732 pecunia
3433 2671 3633 2733 quam
3674 2652 3792 2718 tibi
3837 2652 4059 2721 debet:
4124 2654 4306 2737 cupit
4343 2656 4526 2721 enim
4569 2674 4679 2722 ve-

2720 2734 3065 2799 hementer
3139 2734 3258 2800 tibi
3333 2736 3722 2818 persolvere.
3852 2738 4126 2805 Certum
4202 2739 4500 2807 debitum
4578 2745 4681 2807 est

2720 2841 2924 2904 quum
2966 2821 3205 2885 metuit
3258 2821 3512 2888 debitor
3563 2832 3631 2890 et
3681 2824 3865 2907 cupit
3920 2833 3991 2891 et
4031 2825 4297 2910 cogitat.
4384 2825 4681 2893 Promisi

2719 2927 2826 2972 me
2885 2906 3417 2974 intercessurum,
3533 2909 3726 2995 Rogo
3774 2918 3849 2976 ut
3913 2909 4127 2976 adhuc
4190 2912 4682 2996 aliquantulum

2720 2993 3036 3073 temporis
3088 2993 3428 3076 impetret,
3486 2992 3552 3058 id
3609 2995 3782 3079 quod
3841 3001 3910 3062 te
3965 3006 4121 3081 puto
4177 3000 4679 3081 permissurum.

2718 3077 2938 3142 Audio
2980 3079 3156 3143 enim
3211 3099 3319 3145 res
3376 3087 3527 3145 tuas
3581 3082 3652 3145 in
3705 3081 3877 3148 bono
3915 3104 4061 3150 esse
4103 3089 4312 3151 statu:
4366 3086 4438 3150 id
4483 3084 4680 3170 quod,

2718 3176 2795 3228 ut
2838 3162 3056 3242 debeo,
3101 3164 3369 3249 gaudeo.
3459 3164 3655 3245 Quod
3697 3188 3866 3233 uxor
3908 3175 4026 3235 tua
4066 3170 4499 3250 convaluerit,
4547 3171 4685 3238 lae-

2718 3255 2842 3315 tor.
2910 3248 3106 3331 Quod
3148 3249 3426 3316 filiolum
3468 3252 3704 3318 vivum
3745 3275 3881 3319 non
3924 3253 4143 3337 habes,
4158 3257 4218 3340 ²)
4262 3259 4531 3324 tametsi
4567 3255 4684 3323 do-

2716 3333 2839 3415 leo,
2884 3341 3105 3400 tamen
3147 3344 3251 3402 est
3291 3336 3536 3419 aliquid
3580 3338 3754 3422 quod
3788 3347 3853 3406 te
3888 3340 4107 3406 virum
4141 3362 4285 3408 esse
4319 3341 4687 3409 declararis

2718 3430 2786 3485 et
2829 3430 3168 3505 exspectes
3211 3421 3493 3487 alterum
3538 3434 3818 3508 partum.
3909 3424 4104 3507 Quod
4145 3427 4314 3493 mihi
4355 3437 4687 3514 negatum

2719 3505 3053 3589 hucusque
3108 3507 3233 3572 fuit
3296 3507 3417 3573 tibi
3480 3509 3795 3593 gratulor.
3901 3512 4154 3579 Videor
4220 3514 4386 3579 mihi
4448 3515 4687 3582 videre

2717 3594 3064 3676 parvulum
3128 3592 3459 3658 Calvinum
3510 3595 3582 3659 in
3640 3596 3909 3664 aedibus
3964 3597 4130 3678 tuis,
4188 3619 4349 3683 quas
4403 3600 4685 3668 tametsi

2716 3699 2854 3743 non
2908 3678 3076 3755 vidi,
3135 3685 3355 3745 tamen
3408 3678 3688 3748 formam
3732 3704 3960 3748 earum
4012 3683 4233 3750 animo
4285 3685 4685 3770 complexus

2719 3785 2889 3843 sum,
2933 3772 3010 3829 ut
3053 3764 3252 3830 etiam
3292 3764 3498 3831 filioli.
3586 3767 3880 3835 Uxorem
3931 3769 4095 3837 meis
4138 3771 4359 3839 verbis
4401 3771 4477 3840 S.
4529 3773 4683 3840 ‹lili-

2714 3859 2964 3934 genter.

2890 3935 3028 4001 Res
3061 3935 3398 4021 religionis
3434 3937 3610 4019 apud
3632 3938 4159 4008 Mediomatricos
4192 3942 4521 4011 inclinata
4555 3951 4683 4026 eat,

2714 4028 2792 4086 ut
2847 4039 3202 4105 cognosces
3259 4030 3368 4099 (ut
3402 4023 3663 4106 opinor)
3732 4047 3816 4092 ex
3871 4026 4079 4094 literis
4134 4026 4401 4095 Farelli.
4505 4029 4681 4097 Plus

2714 4128 2907 4190 saepe
2961 4106 3034 4170 in
3091 4107 3216 4173 hac
3234 4111 3293 4182 8)
3356 4108 3699 4192 proficitur
3760 4112 4013 4197 agendo
4077 4134 4276 4196 quam
4331 4135 4407 4180 sa
4454 4114 4680 4186 iendo.

2714 4193 2899 4257 Deus
2957 4192 3129 4257 adsit
3184 4193 3246 4258 ei
3313 4194 3640 4261 ecclesiae.
3741 4198 3928 4263 Bene
3983 4196 4128 4265 vale
4145 4251 4160 4279 ,
4216 4199 4309 4265 mi
4423 4201 4677 4269 alvine.

2713 4277 2990 4362 Argent.
3037 4282 3137 4343 29.
3184 4276 3411 4346 octob.
3430 4280 3492 4363 ⁴)

3839 4370 3967 4435 Tui
4008 4370 4533 4442 studiosissimus

3981 4456 4035 4523 I.
4080 4455 4347 4524 Stur—.

2754 4652 2888 4714 4:32,
2925 4653 2984 4712 1)
3023 4653 3093 4708 P.
3128 4657 3304 4712 Bria&
3356 4674 3402 4712 s.
3437 4659 3621 4730 Bady
3654 4660 3753 4729 qui
3786 4660 4017 4718 Galo-*m
4049 4666 4308 4720 eueoessit
4337 4666 4404 4720 in
4436 4668 4683 4725 cedes-'a

2709 4722 2915 4790 gallica
2931 4723 3016 4777 Ar
3052 4731 3155 4780 ent.
3193 4732 3244 4780 et
3277 4697 3331 4780 ἆ.
3372 4725 3452 4781 19.
3472 4728 3639 4783 Febr.
3681 4729 3815 4783 1545
3836 4732 4079 4790 Tou-naci
4110 4735 4439 4805 martyrium
4475 4738 4681 4798 subice.

2711 4791 3035 4916 v.N.}())9.
3077 4800 4683 4899 ameeratpuerm.11dio,etpoctpaueoedics9biit

2918 4929 2979 4992 3)
3018 4929 3117 4986 Sic
3149 4933 3364 4987 achiba
3391 4935 3782 5005 aedom-apheo}
3795 4938 4040 5008 phrasin
4059 4942 4451 5012 {nuper-fedam.
4511 4946 4680 5002 Seri-

2712 4997 2837 5052 δον-6
2856 4998 3132 5055 voluerat:
3168 5003 3221 5053 in
3260 5003 3361 5056 hac
3393 5003 3629 5057 humana
3664 5008 3792 5070 vita,
3830 5009 3926 5063 sed
3958 5026 4073 5065 voc.
4114 5014 4225 5065 vita
4258 5029 4375 5067 non
4412 5015 4680 5087 tenipus,

2712 5083 2828 5122 voc.
2866 5070 3099 5122 humana
3131 5069 3344 5137 delevit,
3380 5072 3609 5141 reliquis
3642 5075 3909 5143 neglectus.

2918 5135 2979 5192 4)
3022 5138 3172 5206 1542,
3220 5146 3286 5194 ια
3359 5145 3854 5213 atetexiisquae
3897 5146 4401 5219 depueronuper
4443 5160 4681 5209 nomo

2713 5203 2885 5274 deque
2917 5205 3133 5261 Far-elli
3164 5157 3632 5276 apudpmtenm
3664 5215 3971 5272 ministerio
4004 5216 4154 5274 diest.
