5050 6167
685 408 808 481 691

678 599 972 668 libenter
1025 599 1383 680 facturum,
1437 597 1572 666 nisi
1623 620 1703 667 su
1787 596 1970 664 rbiae
2011 604 2238 665 notam
2281 618 2548 665 vererer
2588 595 2648 663 si

682 694 949 754 tantum
1004 685 1170 752 mihi
1236 706 1587 753 sumerem.
1857 690 2077 749 tamen
2131 681 2394 767 dispice.
2495 683 2645 768 Ego

680 771 1093 838 familiariter
1128 791 1252 857 ago
1288 780 1507 838 tecum
1542 781 1620 836 ιιι
1655 771 1876 837 debeo.
1941 768 2124 837 Cave
2158 789 2317 855 ergo
2358 791 2443 835 ne
2478 767 2648 834 mihi

680 858 897 942 magis
939 857 1224 925 civiliter
1266 878 1463 941 quam
1506 876 1591 923 ex
1626 856 1832 922 animi
1875 855 1976 921 tui
2009 857 2339 922 sententia
2370 875 2645 938 respon-

683 940 858 1009 deas.
948 942 1270 1009 Ribiausss
1354 943 1517 1027 quin
1557 942 1812 1009 sincero
1854 942 2073 1007 animo
2116 962 2378 1009 mecum
2419 941 2511 1007 sit
2552 941 2645 1006 lo-

681 1035 958 1112 quutus,
1011 1027 1185 1093 nihil
1285 1029 1484 1094 ubito.
1584 1025 1721 1094 Sed
1774 1029 1927 1111 quia
1978 1026 2288 1112 ambiguo
2342 1047 2645 1092 sermone

677 1113 913 1180 ludere
955 1111 1294 1179 interdum
1335 1113 1518 1193 solet,
1564 1113 1930 1197 perspicere
1974 1132 2110 1178 non
2143 1111 2329 1196 potui
2371 1133 2458 1177 an
2500 1112 2644 1178 ioco

680 1199 928 1267 diceret
969 1220 1135 1282 quae
1179 1199 1451 1266 dicebat.

854 1285 961 1350 De
1008 1284 1377 1351 Sebastiano
1400 1289 1460 1362 ⁴)
1506 1304 1833 1367 cuperem,
1888 1283 2061 1349 sicut
2104 1283 2259 1364 dixi,
2315 1283 2639 1349 rationem

679 1372 859 1436 inter
911 1392 1034 1436 nos
1088 1371 1323 1435 initam
1390 1391 1519 1456 qua
1579 1369 1678 1434 illi
1737 1370 2208 1435 consuleretur.
2307 1369 2453 1455 Ego
2517 1390 2638 1453 pro

675 1476 828 1523 mea
868 1456 1048 1524 virili
1089 1455 1426 1522 adiuvabo.
1523 1455 1738 1522 Crede
1792 1456 1975 1535 mihi,
2030 1462 2337 1538 torqueor
2389 1455 2637 1520 mirum

676 1541 751 1607 in
786 1542 1075 1622 modum,
1113 1563 1314 1625 quum
1348 1542 1668 1625 prospicio
1703 1538 1860 1625 quid
1891 1540 1992 1606 illi
2025 1542 2382 1607 immineat.
2442 1539 2638 1624 Epi-5·-

676 1646 869 1708 cqms
912 1627 1053 1693 eius
1095 1647 1431 1694 successor
1488 1627 1595 1695 hic
1639 1627 1765 1693 erit
1807 1627 1891 1693 ad
1933 1626 2195 1710 pascha.
2215 1629 2275 1704 ⁵)
2362 1627 2468 1692 Ab
2523 1625 2633 1691 Io-

678 1733 854 1778 anne
913 1712 1196 1779 Girardo
1257 1733 1391 1777 non
1457 1722 1556 1777 est
1617 1712 1787 1795 quod
1850 1733 2165 1797 magnum
2228 1711 2634 1797 stipendium

677 1806 1013 1882 exspectet
1053 1799 1182 1863 nisi
1222 1798 1380 1865 velit
1411 1799 1800 1882 sanguinem
1835 1819 2174 1883 exsugere.
2197 1799 2251 1879 ⁶)
2333 1800 2436 1863 Τιι
2470 1818 2630 1882 ergo

676 1884 981 1968 excogita
1034 1905 1195 1949 num
1248 1885 1617 1967 prospicere
1668 1883 1767 1948 illi
1823 1904 2189 1968 possumus.
2293 1882 2449 1950 Scio
2503 1882 2630 1950 hoc

670 1968 772 2034 illi
839 1989 982 2034 esse
1055 1990 1470 2052 persuasum,
1536 1990 1642 2035 me
1699 1990 1938 2052 cupere
1993 1970 2299 2034 eminere.
2389 1968 2632 2035 Iurene

672 2076 760 2120 an
802 2055 1044 2119 iniuria
1085 2053 1210 2120 hoc
1252 2053 1334 2119 de
1367 2075 1474 2120 me
1505 2055 1767 2134 sentiat,
1809 2054 2084 2120 Domini
2120 2063 2258 2120 esto
2294 2053 2627 2120 iudicium.

664 2140 843 2206 Mihi
874 2150 1049 2206 certe
1085 2161 1205 2224 ego
1241 2161 1376 2205 non
1414 2138 1636 2206 videor
1670 2140 1876 2206 ullam
1911 2140 2315 2206 occasionem
2350 2138 2627 2206 dedisse.

667 2223 806 2291 Sed
851 2225 1014 2290 mihi
1058 2247 1325 2292 causam
1367 2226 1671 2308 praebuit
1711 2247 1829 2292 cur
1861 2225 2054 2291 illum
2099 2233 2168 2290 et
2210 2225 2628 2291 ambitiosum

668 2318 738 2376 et
795 2311 1279 2377 contentiosum
1330 2310 1620 2377 iudicare
1676 2310 1967 2377 debeam.
2068 2309 2204 2377 Sed
2260 2310 2628 2377 doctrinam

666 2396 942 2479 respicio
986 2404 1053 2462 et
1096 2398 1391 2462 animum
1434 2396 1679 2479 alioqui
1721 2418 1856 2462 non
1895 2396 2164 2462 malum.
2186 2401 2240 2471 7)

837 2482 1171 2548 Articulos
1234 2479 1700 2568 8011101ιί00εὸ)
1778 2481 1951 2565 apud
2012 2504 2120 2548 me
2195 2504 2330 2547 non
2395 2481 2622 2547 habeo.

662 2565 922 2633 Videbo
964 2589 1047 2632 an
1094 2568 1396 2632 alicunde
1436 2575 1663 2650 potero
1707 2575 1783 2633 ut
1825 2567 1909 2634 ad
1955 2574 2019 2633 te
2053 2568 2329 2633 mittam.
2403 2567 2622 2648 Quam

662 2651 832 2717 mihi
874 2672 1094 2718 serum
1149 2662 1249 2718 est
1298 2652 1424 2717 hoc
1477 2653 1749 2736 pascha,
1804 2661 1882 2718 ut
1935 2660 2001 2718 te
2052 2651 2333 2719 videam.
2432 2651 2620 2731 Vale,

661 2737 871 2803 frater
925 2747 991 2802 et
1043 2738 1249 2805 amice
1313 2737 1478 2803 mihi
1528 2739 1876 2805 carissime.
1974 2737 2209 2805 Saluta
2272 2737 2622 2823 diligenter

660 2823 901 2889 fratres
942 2845 1184 2889 omnes.
1275 2823 1592 2890 Genevae
1637 2827 1738 2888 26.
1787 2824 2034 2890 Martii.
2056 2826 2112 2907 ⁹)

834 2908 1196 2992 Exemplar
1248 2909 1592 2974 literarum
1634 2908 1873 2975 Bueeri
1928 2908 2011 2975 ad
2065 2916 2131 2974 te
2178 2909 2387 2974 mitto.
2477 2908 2621 2974 Rex

658 2994 867 3059 filiam
921 2993 1237 3060 cardinali
1282 2994 1592 3061 Far-nesio
1646 2993 1889 3060 dicitur
1940 2994 2207 3060 elocare.
2298 2995 2441 3061 Dos
2491 2995 2620 3060 erit

660 3078 898 3146 titulus
942 3078 1215 3145 ducatus
1257 3080 1800 3159 Mediolanensis,
1859 3079 1944 3145 ad
1987 3102 2181 3163 quem
2232 3100 2619 3164 recuperan-

669 3164 828 3231 dum
879 3166 1174 3248 pontifex
1220 3166 1568 3248 pecuniam
1621 3165 2012 3250 suppeditat.
2112 3167 2347 3232 Totam
2401 3167 2617 3232 Euro·

655 3271 811 3335 pam
857 3250 979 3316 hoc
1024 3272 1195 3317 anno
1241 3249 1607 3317 videbimus
1650 3251 1823 3317 bello
1865 3253 2164 3336 flagrare,
2209 3252 2338 3317 nisi
2380 3251 2616 3316 Domi-

655 3357 788 3401 nus
845 3342 1107 3419 praeter
1163 3357 1348 3419 spem
1416 3358 1453 3402 e
1512 3337 1692 3404 coelo
1749 3344 2076 3420 appareat.
2165 3337 2426 3402 Rumor
2481 3338 2615 3403 huc

657 3418 900 3488 allatus
945 3429 1061 3499 est,
1113 3419 1446 3488 Caesarem
1487 3422 1850 3487 obtinuisse
1904 3431 1982 3487 ιιι
2040 3444 2162 3488 rex
2219 3423 2431 3488 hostis
2486 3423 2614 3489 im-

653 3506 826 3657 Perdl
868 3505 1286 3573 iudicaretur.
1374 3507 1522 3592 Ego
1580 3516 1802 3573 tamen
1858 3507 2152 3574 nondum
2207 3507 2496 3576 adducor
2538 3515 2615 3575 ut

651 3613 764 3658 cre
811 3612 936 3656 am.

1662 3677 1946 3745 Ioannes
1988 3677 2307 3746 Calvinus
2350 3687 2522 3746 tuus.

860 3880 915 3948 3)
969 3880 1104 3935 Vide
1137 3881 1359 3935 omnino
1460 3921 1473 3934 .
1514 3879 1732 3936 Caluini
1764 3888 1875 3938 not.
1914 3882 1939 3933 l
1976 3883 2276 3938 laudatam.

861 3948 917 4015 4)
964 3949 1097 4002 Vide
1133 3948 1209 4004 N.
1244 3948 1363 4003 530.
1471 3949 1515 4002 1.
1552 3948 1674 4003 537.

861 4017 923 4083 5)
962 4015 1177 4099 Scimus
1223 4025 1402 4072 tamen
1442 4018 1813 4074 Castellionem
1847 4033 2025 4073 mense
2067 4018 2278 4074 deinum
2315 4018 2463 4073 Iulio
2504 4017 2607 4101 Ge-

652 4100 851 4208 Zevzggt·
896 4086 1197 4208 νίὶὶςωεεε,
1244 4102 1351 4167 quo
1405 4093 1641 4169 tempere
1684 4088 1909 4141 testibus
1954 4094 2176 4143 senatus
2209 4092 2610 4170 commentariis

699 4170 734 4207 a
765 4223 775 4236 ·
854 4169 921 4207 us
998 4156 2294 4293 nassimpaeffmqrihegcwd‘erdgtpmpom,
2327 4172 2441 4211 non
2461 4156 2611 4211 huno

893 4294 916 4358 )
960 4291 1037 4346 Et
1073 4298 1283 4361 autogr.
1333 4300 1384 4347 et
1416 4292 1635 4347 Iouna&
1662 4294 1956 4361 praebent.-
2009 4308 2297 4362 exaggero.
2378 4293 2607 4348 Videtur

657 4357 910 4419 castenio
945 4376 1163 4414 munere
1202 4360 1420 4430 publico
1455 4360 1744 4417 abdicatus
1777 4364 1837 4418 in
1878 4361 2116 4417 Girardi
2147 4361 2373 4429 officina
2406 4362 2605 4431 stipen-

648 4422 748 4482 dia
783 4428 983 4482 mereri
1012 4429 1257 4483 voluisse.

856 4495 916 4563 7)
957 4497 1054 4552 Ex
1098 4498 1185 4552 hie
1230 4498 1447 4566 colliqes
1480 4495 1856 4551 Castellionem
1899 4504 2013 4553 tim
2058 4500 2319 4566 imperis
2358 4498 2605 4553 nondum

647 4568 711 4619 in
734 4564 861 4646 ‚loeo
897 4566 964 4619 de
994 4566 1496 4645 praedestinatione
1528 4583 1567 4620 a
1589 4566 1815 4645 Calvino
1843 4568 2062 4634 publice
2081 4567 2433 4621 dissensisse.-
2469 4568 2604 4622 alio·

646 4650 782 4704 qum
815 4632 979 4701 plane
1014 4636 1174 4690 aliter
1206 4636 1296 4690 hie
1330 4635 1397 4689 de
1429 4636 1524 4689 illo
1559 4634 1869 4689 iudicasset.
1934 4634 2216 4690 Caeterum
2249 4637 2458 4690 semina
2491 4636 2604 4691 dis·

648 4702 964 4759 cordiamm
1037 4703 1161 4757 lura
1195 4709 1371 4773 erant,
1406 4711 1457 4756 et
1489 4702 1704 4773 quidem
1739 4703 1827 4757 hic
1861 4704 1923 4758 in
1958 4709 2150 4772 aperto
2180 4705 2384 4772 posita.

854 4769 911 4834 8)
947 4718 1038 4826 ΒΞ
1071 4772 1159 4826 his
1191 4787 1242 4827 v.
1281 4771 1531 4841 Proleqy.
1579 4770 1638 4824 T.
1687 4771 1821 4827 VII.
1859 4787 1919 4840 p.
1937 4769 1991 4852 ‚9
2024 4787 2115 4842 seq
2152 4812 2196 4854 .·
2260 4772 2424 4828 Vides
2456 4772 2604 4828 hune

649 4839 858 4922 Nostri
883 4841 1118 4895 libellum
1162 4841 1264 4896 11οο
1306 4846 1536 4922 ternpore
1579 4840 1823 4921 nondum
1856 4839 2057 4894 editum
2098 4788 2303 4922 [qm-2386,
2354 4842 2601 4912 alioquin

645 4922 761 4964 non
795 4909 1000 4965 diceret
1030 4925 1087 4964 se
1120 4910 1244 4964 illos
1259 4909 1524 4965 articulos
1539 4909 1764 4963 aliunde
1789 4909 2056 4976 petendos
2090 4925 2267 4965 amieo
2286 4912 2599 4966 missarum.

853 4978 913 5045 9)
951 4976 1042 5032 De
1085 4994 1235 5033 anno
1281 4995 1395 5033 non
1440 4977 1835 5048 ambiqmdum.
1927 4978 2061 5034 Vide
2103 4983 2153 5033 ei
2192 4980 2600 5048 praecedentem

644 5045 852 5104 similia
888 5054 1225 5104 tractantem.
1299 5046 1521 5103 Pascha
1554 5046 1752 5103 incidit
1782 5046 1846 5101 in
1881 5045 1962 5101 13.
1998 5046 2232 5117 Aprili-e.

2228 408 2758 478 EPISTOLAE
2803 411 3141 476 539—542

4575 413 4701 478 692

3653 595 3806 670 54⁰.

3228 751 3726 821 PARELLUS
3773 751 4210 820 OALVINO.

2926 922 3307 991 Gratulatur
3369 925 3428 991 ei
3489 924 3566 990 de
3626 924 3882 1006 scriptis
3945 928 4002 989 et
4063 924 4249 991 editis
4312 929 4370 989 et
4428 924 4698 992 edendis.

2753 1008 3161 1095 Gonqressum
3203 1031 3348 1110 cmvi
3385 1009 3828 1090 Anabaptistis
3857 1008 4009 1110 fieri
4022 1015 4236 1161 Voplat.
4304 1008 4703 1077 Commendat

2746 1098 3057 1179 quendam
3115 1095 3458 1163 Claudium
3509 1097 3586 1162 de
3644 1093 3919 1178 Campis.
4076 1117 4225 1163 aria
4278 1096 4460 1162 addit
4511 1116 4697 1163 nova.

2747 1266 2853 1335 (Ex
2901 1267 3239 1338 autographo
3278 1267 3414 1321 Bibl.
3450 1271 3730 1388 pffstssmff
3758 1265 4230 1401 ffe‘ffssffidum'
4298 1266 4438 1337 Epp.
4491 1266 4699 1322 Far-elli

2912 1523 3312 1589 Doctissimo
3378 1530 3447 1589 et
3508 1522 3753 1607 insigni
3806 1523 4053 1606 pastori
4109 1523 4417 1590 ecclesiae
4475 1523 4698 1591 Gene-

2739 1610 2961 1709 vensis
3019 1609 3257 1673 Ioanni
3313 1607 3591 1675 Calvino
3655 1608 3845 1673 fratri
3902 1616 3971 1675 et
4025 1617 4429 1694 symmystae
4499 1630 4695 1694 quam

2738 1714 3090 1761 carissimo.

4068 1779 4400 1849 Genevae.

2908 1915 2978 1983 S.
3026 1915 3259 1982 Habeo
3282 1916 3398 1982 tibi
3436 1916 3722 2002 gratiam
3758 1916 3839 1982 de
3872 1916 4079 1982 literis
4102 1916 4361 1997 Boiam-i,
4380 1916 4426 2003 ¹)
4471 1927 4539 1983 et
4572 1918 4694 1985 tibi

2734 2002 3030 2086 gratulor
3073 2002 3248 2085 quod
3281 2023 3446 2086 opus
3488 2011 3697 2079 tuum,
3742 2011 3819 2066 ut
3853 2023 3973 2086 par
4016 2010 4136 2083 est,
4182 2014 4445 2087 gratum
4488 2005 4694 2070 tantis

2734 2088 2994 2154 iudiciis
3036 2088 3332 2154 habetur.
3400 2088 3493 2153 Et
3534 2085 3706 2170 quod
3740 2097 3806 2152 te
3848 2089 3979 2152 iam
4020 2089 4384 2155 accinxeris
4427 2090 4511 2155 ad
4545 2111 4693 2174 per-

2735 2174 3094 2240 ditissimos
3118 2173 3546 2239 confutandos
3560 2175 3619 2251 ²)
3654 2193 3966 2258 magnam
3995 2175 4112 2239 tibi
4146 2173 4354 2240 habeo
4388 2177 4693 2259 gratiam,

2733 2268 2801 2325 et
2842 2281 3001 2325 sane
3037 2280 3346 2342 cuperem
3380 2258 3604 2324 videre
3644 2279 3808 2341 quae
3844 2261 3975 2323 iam
4013 2260 4235 2344 egisti:
4282 2281 4415 2326 non
4458 2270 4537 2327 ut
4571 2260 4689 2325 ali-

2731 2346 2916 2412 cuius
2961 2356 3025 2409 te
3075 2346 3499 2420 admoneam,
3560 2343 3676 2409 sed
3734 2358 3806 2409 ut
3863 2345 4094 2410 laetior
4138 2346 4349 2411 factus
4393 2345 4474 2413 de
4517 2347 4692 2413 felici

2729 2431 2938 2496 initio.
3007 2429 3368 2495 Dominum
3406 2450 3633 2512 precor
3670 2438 3746 2494 ιιι
3778 2431 3899 2496 tibi
3943 2430 4390 2497 felicissimum
4435 2442 4502 2497 et
4536 2453 4689 2515 pro-

2730 2537 3027 2601 gressum
3087 2524 3155 2580 et
3209 2517 3463 2581 exitum
3523 2515 3649 2579 det.
3694 2542 3701 2547 ·
3741 2513 3939 2597 Quod
3996 2515 4227 2582 scribis
4289 2526 4353 2582 te
4405 2519 4688 2596 mittere,

2726 2603 2989 2669 tabellio
3032 2602 3307 2686 negavit
3351 2623 3420 2666 se
3456 2601 3800 2683 accepisse.
3889 2600 4077 2684 Opus
4119 2601 4403 2681 absolve,
4448 2614 4525 2668 ut
4567 2604 4688 2669 tibi

2727 2689 2911 2754 Deus
2967 2689 3253 2771 gratiam
3311 2687 3523 2765 dedit,
3582 2694 3651 2752 et
3704 2706 3862 2753 cura
3918 2687 4138 2753 omnia
4194 2698 4518 2770 quantum
4560 2689 4687 2756 scis

2726 2773 2811 2840 ad
2854 2771 3377 2839 aedificationem
3419 2771 3653 2840 facere.

2898 2860 3009 2924 An
3050 2879 3397 2941 possumus
3452 2858 3811 2941 impetrare
3853 2857 4134 2923 liberum
4178 2880 4608 2944 congressum
4628 2860 4685 2947 ⁸)

2714 2938 2857 3010 ’11118
2901 2953 3003 3009 ter
3045 2945 3324 3024 miseris,
3368 2964 3502 3008 non
3539 2943 3703 3008 satis
3737 2944 3887 3010 scio.
3977 2942 4223 3010 Omnia
4262 2966 4473 3028 paene
4516 2946 4686 3011 Ber-

2722 3031 3025 3095 nensium
3088 3031 3255 3094 fient
3317 3029 3620 3094 arbitrio:
3688 3029 3862 3112 quod
3914 3029 4082 3094 mihi
4141 3052 4275 3096 non
4330 3031 4687 3098 molestum

2722 3125 2894 3182 esset
2939 3116 2996 3181 si
3038 3115 3239 3199 probe
3281 3114 3734 3200 intelligerent
3777 3135 3974 3198 quam
4017 3115 4327 3198 expediat
4369 3117 4518 3183 illos
4564 3138 4684 3183 au-

2719 3201 2864 3266 diri.
2955 3198 3093 3267 Sed
3135 3221 3341 3282 quum
3383 3222 3520 3265 non
3563 3201 3806 3279 norint,
3851 3221 4083 3266 vereor
4126 3222 4212 3266 ne
4253 3202 4468 3353 maff's
4512 3204 4682 3269 ratio

2717 3287 3055 3371 pontificia
3110 3286 3219 3352 hic
3278 3297 3579 3354 servetur
3635 3306 3834 3369 quam
3890 3286 4259 3368 apostolica.
4427 3289 4680 3354 ondum

2717 3379 3038 3438 statutum
3083 3380 3187 3437 est
3228 3393 3360 3455 qua
3415 3373 3667 3437 ratione
3724 3372 3862 3436 sint
3911 3372 4019 3438 hic
4072 3374 4454 3457 perrecturi.
4544 3374 4679 3442 Ubi

2717 3458 3098 3525 conclusum
3141 3457 3342 3522 fuerit
3382 3456 3623 3524 curabo
3666 3465 3742 3521 ιιι
3783 3456 4044 3522 rescias.

2889 3542 3201 3611 Christus
3245 3542 3479 3608 liberet
3518 3542 3835 3623 vinctum,
3855 3544 3912 3621 ⁴)
3957 3550 4026 3607 et
4061 3543 4221 3610 alios
4256 3565 4515 3629 quoque
4557 3567 4677 3611 ne-

2714 3629 2964 3714 gligere
3005 3628 3243 3694 fratres
3286 3650 3423 3695 non
3467 3627 3831 3707 debuimus,
3878 3627 3993 3694 ubi
4035 3638 4337 3696 senatum
4371 3630 4678 3697 Bernen-

2714 3716 2886 3780 sium
2929 3722 2996 3779 et
3037 3714 3199 3779 alios
3240 3723 3379 3780 tam
3419 3722 3756 3797 promptos
3800 3714 4320 3797 experiebamur‚
4366 3716 4679 3783 hortante

2712 3821 2833 3866 nos
2899 3798 3354 3881 Chris-tophoro.
3439 3799 3643 3864 Faxit
3691 3799 4017 3866 Dominus
4072 3811 4152 3866 ut
4209 3823 4341 3866 non
4398 3822 4677 3885 prorsus

2711 3885 2883 3950 male
2927 3883 3115 3950 cedat
3155 3894 3442 3951 conatus.
3534 3882 3686 3965 Quo
3745 3907 3817 3951 se
3859 3907 4035 3951 nunc
4078 3887 4517 3970 praecipitant
4557 3889 4678 3972 qui

2712 3970 3054 4037 Christum
3097 3969 3331 4035 nolunt
3365 3969 3613 4050 audire,
3658 3970 3790 4035 imo
3836 3971 3951 4055 qui
3994 3982 4233 4037 curant
4272 3973 4486 4040 modis
4530 3994 4676 4039 om-

2711 4054 2906 4122 nibus
2948 4056 3365 4120 exstinctum.
3453 4055 3581 4121 Est
3638 4056 4126 4140 apertissimum
4166 4059 4443 4123 Domini
4498 4058 4674 4124 iudi-

2712 4142 2887 4206 cium
2929 4141 3003 4205 in
3037 4141 3256 4224 impiis
3293 4148 3367 4205 ιιι
3400 4162 3543 4206 8080
3576 4149 3749 4207 ιοιο8
3783 4140 4080 4225 perdant,
4126 4150 4193 4208 et
4232 4163 4455 4209 secum
4498 4145 4677 4210 mul-

2712 4235 2828 4292 tos.
2920 4226 3433 4310 Aegritudinnm
3485 4234 3554 4292 et
3593 4227 3967 4292 morborum
4013 4228 4225 4293 multa
4265 4249 4544 4313 genera,
4604 4240 4677 4297 et

2708 4314 2915 4379 fames
2957 4311 3213 4396 gravis,
3273 4319 3341 4378 et
3398 4321 3533 4377 tam
3589 4312 3920 4377 horrenda
3977 4313 4151 4378 bella
4205 4336 4337 4380 non
4389 4324 4679 4399 possunt

2710 4417 2910 4465 saxea
2953 4404 3217 4480 pectora
3258 4419 3524 4463 movere
3558 4407 3637 4462 ut
3670 4397 3754 4463 ad
3775 4399 4137 4463 Dominum
4174 4410 4671 4467 convertantur.

2879 4482 3127 4548 Davidi
3186 4491 3256 4549 et
3312 4483 3458 4548 aliis
3514 4484 3706 4567 cupio
3760 4484 3980 4549 omnia
4036 4485 4279 4564 felicia,
4340 4496 4407 4551 et
4458 4486 4676 4554 laetor

2706 4568 2882 4719 god
2936 4575 3172 4653 pergat
3237 4590 3496 4651 semper
3549 4570 3621 4634 in
3670 4568 3957 4635 Domino
4014 4592 4165 4637 cum
4219 4570 4360 4639 suis
4417 4574 4670 4640 amicis.

2783 4655 2838 4720 'c
2893 4653 3214 4721 habemus
3283 4655 3477 4741 longe
3532 4655 3872 4723 diversum
3941 4655 4024 4721 ab
4079 4658 4225 4723 isto.
4330 4655 4527 4740 Quod
4584 4658 4674 4725 de

2747 4912 2882 4973 540.
2918 4909 2975 4975 1)
3014 4911 3089 4964 iis
3260 4912 3572 4980 opinamur,
3606 4925 3746 4982 qaas
3778 4917 3829 4967 et
3861 4928 3981 4967 eum
4029 4912 4210 4968 Vireto
4242 4914 4674 4971 communicavit

2701 4977 3092 5105 zthibaed
3228 4979 4672 5048 ‚Inprioremaoeimeattendaeadinitiunet

2907 5114 2968 5182 2)
3007 5117 3420 5187 Anabaptistas.

2908 5185 2966 5253 3)
3000 5186 3168 5253 paulo
3289 5191 3364 5254 st,
3415 5189 3481 5239 ut
3533 5183 3779 5255 videtur,
3834 5186 4171 5258 Agathopou
4217 5187 4478 5245 habitum
4574 5188 4665 5257 0!-

2704 5254 2952 5326 Proleqffi
2992 5253 3077 5379 Q
3117 5294 3129 5308 .
3224 5253 3312 5308 11.
3345 5269 3405 5323 p.
3442 5250 3526 5306 19.

2902 5324 2967 5390 4)
3069 5363 3086 5381 .
3117 5321 3239 5392 534,
3271 5328 3382 5380 not.
3417 5320 3501 5379 10.
4480 5334 4483 5337 ’
