5050 6167
430 420 550 481 297

426 604 847 671 madversum
891 606 1041 683 fuit,
1087 627 1383 673 cessuros
1426 617 1658 690 sponte
1709 604 2118 671 adversarios
2158 606 2376 671 fuisse.

426 691 681 756 Verum
734 693 866 757 iam
924 692 1251 758 Bernates
1306 694 1664 777 petierant,
1723 698 1800 755 ut
1853 690 1973 756 sibi
2034 691 2379 757 arbitrium

511 779 939 842 rmitteretur.
1039 778 1152 842 Illi
1200 799 1284 843 ex
1344 779 1650 855 formula,
1706 798 1902 861 quam
1958 776 2147 842 domo
2206 788 2380 841 attu-

454 872 658 941 erant,
688 866 737 947 ¹)
782 864 1414 946 pronunciaverunt,
1480 864 1537 928 si
1595 883 1730 928 non
1788 872 1962 928 esset
2014 871 2162 945 post
2216 862 2379 926 duos

426 968 687 1013 menses
708 948 935 1014 sedata
970 947 1308 1027 discordia,
1346 962 1421 1014 ut
1456 948 1754 1015 Farellus
1789 947 2168 1014 discederet.
2234 949 2380 1012 Hoc

430 1033 688 1099 decreto
733 1034 953 1100 audito
998 1036 1093 1099 sic
1136 1044 1499 1101 commotus
1544 1042 1641 1101 est
1690 1033 1986 1099 Farenus
2041 1049 2115 1098 ut
2175 1034 2380 1098 Wate-

348 1138 356 1147 ·
428 1120 677 1186 villena-i
720 1122 1008 1185 minatus
1052 1121 1158 1199 sit,
1203 1121 1563 1186 Dominum
1598 1140 1834 1204 graves
1871 1119 1950 1184 de
1973 1123 2114 1203 ipso
2139 1139 2380 1202 poenas

428 1214 864 1289 sumpturum,
909 1207 1023 1289 qui
1065 1214 1321 1271 tantam
1378 1206 1640 1291 plagam
1701 1206 2009 1271 ecclesiae
2076 1214 2141 1269 et
2195 1225 2380 1270 sacro

427 1292 795 1356 ministerio
858 1293 1223 1357 inflixisset.
1328 1292 1435 1356 Ita
1498 1291 1611 1375 qui
1683 1311 1919 1374 parum
1988 1302 2131 1355 erat
2185 1304 2379 1354 antea

430 1376 688 1443 Farello
742 1378 1086 1453 amicus‚²)
1145 1399 1321 1443 nunc
1374 1379 1585 1442 factus
1655 1386 1757 1442 est
1818 1376 2007 1442 solito
2060 1377 2376 1441 infestior.

426 1463 523 1527 Et
563 1483 721 1528 sane
763 1464 1219 1546 praestitisset,
1265 1463 1593 1529 Farellum
1636 1462 1759 1528 sibi
1792 1472 1951 1527 tunc
1986 1473 2377 1545 temperare:

427 1560 645 1631 atque,
688 1559 766 1613 ut
807 1571 937 1614 non
986 1549 1465 1615 dissimulasset
1498 1547 1669 1632 quod
1714 1547 1997 1614 habebat
2030 1549 2099 1611 in
2138 1548 2375 1625 animo,

424 1634 744 1716 placidius
782 1644 1009 1700 tamen
1054 1646 1123 1700 et
1164 1635 1397 1699 leniori
1453 1634 1748 1698 oratione
1802 1634 2141 1698 hominem
2200 1634 2377 1699 cxci-

426 1740 602 1803 pere.
691 1719 827 1786 Sed
886 1722 1182 1805 cogimur
1238 1722 1309 1784 in
1370 1729 1554 1785 tanto
1609 1719 1860 1784 Christi
1916 1740 2162 1803 organo
2221 1719 2377 1782 11010

426 1805 670 1870 11110100
736 1807 1192 1871 vehementiae
1264 1815 1591 1888 utcunque
1650 1807 2004 1889 ignoscere.
2132 1804 2379 1868 Viretus

426 1891 628 1956 biduo
670 1904 817 1975 post
859 1903 1129 1958 conatus
1163 1902 1264 1956 est
1304 1893 1609 1975 mitigare
1652 1891 1824 1956 hanc
1866 1890 2216 1954 offensam:
2263 1888 2378 1953 sed

426 1980 650 2041 minus
691 1978 966 2060 profecit
1008 1999 1202 2060 quam
1239 1977 1517 2054 volebat,
1565 1977 1809 2041 recenti
1845 1974 2059 2041 adhuc
2080 1974 2374 2039 vulnere.

424 2062 589 2126 Fuit
641 2062 901 2145 quidem
959 2062 1213 2129 Farello
1266 2064 1442 2126 iusta
1497 2082 1722 2138 causa,
1792 2082 1910 2125 cur
1969 2060 2221 2126 homini
2286 2061 2378 2125 sic

426 2147 947 2214 excandesceret.
1046 2148 1180 2215 Sed
1237 2149 1449 2231 magis
1516 2145 1883 2230 expendere
1941 2145 2166 2211 debuit
2222 2143 2377 2229 quid

424 2232 795 2316 expediret:
863 2255 977 2312 ne,
1046 2234 1203 2299 dum
1270 2234 1394 2299 sibi
1459 2242 1527 2297 01
1591 2233 1729 2298 1100
1808 2253 1966 2297 suae
2054 2231 2376 2314 indulget,

424 2320 677 2384 frustra
704 2319 1035 2385 hominem
1063 2322 1369 2398 irritaret,
1406 2328 1475 2383 et
1495 2317 1964 2384 commodando
1987 2332 2054 2381 et
2088 2316 2379 2381 nocendo

424 2404 737 2469 validum.
819 2403 953 2469 Sed
998 2408 1149 2488 quia
1172 2406 1410 2488 corrigi
1453 2425 1581 2469 non
1626 2411 1842 2487 potest
1883 2402 2115 2485 siquid
2152 2420 2377 2485 pecca-

422 2492 545 2569 vit,
592 2491 923 2574 rogandus
966 2502 1067 2555 est
1106 2490 1293 2555 Deus
1338 2500 1415 2555 ut
1457 2491 1597 2567 hoc,
1642 2489 2091 2572 qualecunque
2134 2499 2251 2561 est,
2295 2509 2375 2552 ex

421 2578 746 2641 memoria
789 2575 1017 2641 deleat.
1102 2575 1495 2659 Quanquam
1540 2596 1770 2640 vereor
1815 2594 1899 2637 ne
1936 2574 2095 2639 haec
2133 2573 2379 2639 Farelli

423 2661 846 2728 denunciatio
902 2664 1284 2727 vaticinium
1352 2662 1566 2727 fuerit.
1668 2661 1791 2725 Est
1854 2660 2027 2725 enim
2097 2660 2200 2725 vir
2263 2659 2377 2723 ille

421 2748 673 2812 mirum
728 2748 799 2812 in
855 2747 1120 2813 modum
1178 2756 1484 2813 mutatus.
1601 2746 1870 2811 Diceres
1939 2744 2221 2810 ablatam
2278 2744 2374 2808 illi

421 2834 628 2898 fuisse
670 2841 979 2911 mentem,
1028 2856 1109 2897 ex
1154 2855 1277 2916 quo
1323 2833 1610 2917 profanis
1656 2831 2017 2896 rationibus
2081 2832 2151 2895 in
2208 2831 2377 2895 bona

419 2918 865 2984 ecclesiastica
918 2920 1258 2984 involavit.
1278 2918 1334 3002 ⁸)
1445 2916 1760 2984 Summus
1814 2925 1915 2982 est
1970 2916 2243 2981 derisor:
2303 2926 2378 2979 ut

417 3004 677 3069 nullam
736 3006 872 3070 fere
927 3026 1155 3070 vocem
1208 3006 1348 3069 sine
1401 3004 1638 3070 cavillo
1681 3015 1796 3067 aut
1841 3014 2212 3079 scommate,
2263 3013 2380 3067 aut

417 3088 719 3155 loedoria
761 3091 1032 3156 emittat.
1127 3091 1207 3155 In
1255 3091 1513 3175 negotio
1562 3088 1823 3165 Farelli,
1869 3109 2069 3171 quum
2114 3087 2378 3170 quidam

418 3173 604 3259 apud
645 3196 795 3240 eum
840 3174 1101 3253 diceret,
1119 3179 1179 3253 ⁴)
1226 3197 1424 3260 quam
1482 3184 1711 3240 sancta
1769 3174 2000 3238 debeat
2054 3194 2195 3238 esse
2238 3174 2378 3239 Do-

418 3261 590 3326 mini
644 3263 924 3328 vocatio:
988 3270 1198 3326 totum
1254 3261 1443 3326 illum
1498 3280 1868 3326 sermonem
1921 3257 2202 3323 ludibrio
2264 3279 2378 3322 ex-

419 3349 618 3431 cepit.
730 3345 967 3429 Quasi,
1036 3349 1277 3431 inquit,
1344 3367 1573 3432 cogere
1636 3365 1743 3409 me
1805 3345 1968 3427 quis⁴
2003 3344 2238 3427 possit,
2306 3352 2380 3409 ut

418 3432 833 3516 mancipium
899 3432 1073 3499 domi
1144 3433 1457 3498 retineam
1476 3483 1492 3512 ,
1566 3430 1737 3515 quod
1813 3429 1977 3495 mihi
2056 3427 2374 3513 displicet.

417 3520 649 3601 Atque
695 3518 819 3584 1100
861 3519 1343 3603 0010ρο10110οο
1385 3538 1520 3582 11011
1556 3515 1760 3583 semel
1802 3537 1962 3581 usus
1997 3523 2114 3580 est.
2186 3515 2379 3580 Licet

417 3604 591 3670 mihi
635 3605 983 3688 mancipio,
1026 3604 1082 3670 si
1126 3626 1256 3669 non
1301 3604 1541 3687 placet,
1600 3603 1856 3667 solvere
1898 3599 2266 3667 mercedem
2313 3608 2378 3664 et

419 3691 651 3757 iubere
702 3698 777 3755 ut
833 3691 1052 3755 abeat:
1110 3711 1227 3755 cur
1279 3710 1415 3754 non
1468 3689 1662 3755 liceat
1727 3686 2080 3752 ministro?
2189 3685 2377 3751 Haec

419 3775 787 3860 indignitas
846 3774 1171 3840 Farellum
1225 3774 1512 3858 impulit,
1580 3783 1660 3839 ut
1720 3794 1870 3838 cum
1940 3792 2016 3838 eo
2083 3771 2376 3837 severius

424 3870 673 3946 ageret.
775 3861 869 3926 Et
922 3882 1178 3940 vereor,
1239 3870 1317 3925 ut
1368 3862 1502 3924 iam
1555 3858 1722 3935 dixi,
1782 3880 1866 3922 ne
1920 3858 2117 3923 nimis
2182 3879 2378 3923 verus

422 3948 630 4013 fuerit
670 3955 888 4013 vates:
937 3966 1139 4029 quum
1184 3946 1277 4012 sic
1320 3954 1468 4029 post
1510 3952 1762 4009 tantam
1805 3942 2040 4021 lucem,
2134 3952 2237 4009 ost
2276 3944 2377 4007 in-

423 4034 483 4100 si
582 4053 650 4098 es
688 4034 933 4117 gratias
979 4042 1293 4114 acceptas,
1339 4032 1662 4096 alienatus
1698 4040 1798 4094 est
1832 4029 1942 4093 ille
1985 4049 2025 4092 a
2126 4050 2221 4109 eo,
2266 4030 2378 4111 qui

424 4140 501 4184 re
531 4119 700 4202 iquis
767 4118 1067 4183 omnibus
1123 4119 1379 4200 praeire
1448 4116 1777 4183 debuerat.
1887 4113 2139 4179 Verum
2222 4114 2381 4180 haec

423 4206 605 4269 inter
647 4225 766 4270 nos
811 4204 1067 4287 sepulta
1110 4223 1250 4267 esse
1294 4212 1565 4284 oportet.
1637 4201 1698 4265 N
1702 4222 1833 4267 unc
1876 4201 1969 4264 ita
2012 4221 2118 4265 res
2162 4200 2376 4265 habet.

427 4288 608 4372 Quia
663 4291 897 4354 melior
957 4309 1305 4364 numerus,
1366 4287 1493 4353 1100
1563 4298 1691 4363 001,
1749 4284 2060 4368 quidquid
2122 4288 2378 4370 piorum

430 4375 774 4440 hominum
820 4376 891 4438 in
937 4374 1098 4440 urbe
1142 4385 1271 4450 est,
1333 4371 1661 4438 Farezzam
1720 4372 1960 4436 habere
2014 4374 2222 4453 cupit,
2268 4370 2379 4436 de·

429 4462 641 4526 crevit
698 4462 838 4545 ipse
897 4481 1029 4525 non
1100 4458 1359 4533 cedere,
1418 4459 1545 4522 nisi
1601 4457 1854 4539 legibus
1913 4459 2057 4521 sive
2104 4458 2380 4539 imperio

428 4557 694 4613 coactus
736 4547 954 4612 fuerit.
1024 4545 1160 4612 Nec
1205 4545 1331 4609 alio
1376 4545 1596 4609 animo
1628 4543 1766 4607 illic
1791 4543 2138 4619 detinetur,
2184 4562 2381 4624 quam

428 4631 605 4716 quod
664 4653 797 4697 non
855 4631 1052 4697 audet
1108 4631 1326 4697 locum
1371 4629 1494 4695 sibi
1552 4651 1591 4693 a
1647 4628 1790 4693 Deo
1834 4627 2229 4692 destinatum
2278 4627 2383 4691 de-

430 4740 668 4785 serere.
762 4718 952 4783 Nunc
994 4716 1283 4781 ineunda
1326 4727 1428 4780 est
1470 4719 1653 4791 rati0,
1701 4714 1755 4779 si
1798 4714 1943 4778 fieri
1986 4714 2251 4796 poterit,
2310 4726 2382 4777 ut

428 4804 633 4880 nulla,
679 4803 786 4868 vel
833 4803 1059 4868 saltem
1097 4823 1291 4886 quam
1314 4801 1588 4866 minima
1608 4800 2000 4865 Bernatium
2025 4799 2383 4863 offensione

464 5057 597 5119 863.
636 5059 693 5119 1)
736 5057 1015 5124 Ktrchhof
1038 5077 1093 5127 p.
1130 5057 1197 5112 27
1232 5064 1342 5113 not.
1378 5057 1460 5111 21.

638 5127 699 5194 2)
736 5129 848 5181 scd.
883 5127 1233 5182 Buca-ianus
1267 5136 1315 5181 et
1348 5127 1775 5182 lutheranime.

640 5197 700 5259 3)
739 5198 829 5250 De
862 5198 1058 5266 quibus
1090 5212 1143 5251 v.
1186 5196 1407 5251 Buchat
1451 5197 1511 5249 V.
1547 5194 1667 5249 222.
1737 5194 2021 5248 Huadesh.
2061 5191 2177 5246 177.

432 5333 547 5389 him
638 5265 700 5333 4)
735 5265 801 5319 In
849 5270 941 5319 the
995 5265 1147 5317 affair
1181 5267 1233 5318 in
1291 5266 1567 5333 question,
1616 5265 1772 5317 when
1808 5263 1969 5316 Farel
2004 5262 2291 5315 remarked
2328 5268 2383 5313 to

1889 422 2046 483 1541
2096 396 2962 486 sumnus—omos

4302 431 4428 495 298

2482 606 2608 673 1100
2650 607 2783 672 fiat.
2871 608 3073 673 Nulla
3115 617 3337 675 autem
3380 611 3449 676 in
3496 631 3692 678 causa
3734 620 3868 678 tam
3910 614 4224 698 perplexa
4264 617 4430 685 mihi

2483 692 2744 758 videtur
2785 694 3167 776 expeditior,
3213 716 3410 779 quam
3455 697 3512 760 si
3546 706 3766 763 vestra
3800 698 4088 780 00010010,
4135 711 4204 766 01
4244 702 4430 783 01100,

2483 798 2649 860 quae
2685 777 3040 862 plurimum
3078 783 3444 847 autoritatis
3484 782 3743 862 habent,
3786 794 4136 869 antequam
4172 788 4266 853 illi
4303 788 4432 854 duo

2482 885 2741 928 menses
2783 865 2984 946 elapsi
3029 865 3291 945 fuerint,
3336 888 3455 932 suo
3496 868 3732 934 iudicio
3776 891 3969 935 suum
4013 871 4268 939 Farello
4308 875 4431 939 mi-

2483 950 2831 1014 nisterium
2876 951 3228 1034 stabiliant.
3318 949 3431 1019 Sic
3477 956 3652 1017 enim
3694 957 3825 1033 fiet,
3870 967 3944 1019 ut
3986 977 4122 1022 non
4166 980 4430 1026 necesse

2484 1035 2726 1100 habeat
2799 1035 3094 1101 Farellus
3180 1038 3574 1103 arbitrorum
3661 1042 4025 1105 sententiae
4107 1045 4427 1111 resistere.

2484 1121 2586 1185 Tu
2630 1122 2830 1185 etiam
2873 1122 3061 1187 facile
3106 1122 3278 1206 apud
3313 1125 3636 1189 Bernates
3679 1127 4037 1205 excusabis,
4081 1130 4252 1213 quod
4285 1130 4430 1196 ideo

2481 1208 2744 1288 petierit
2786 1217 3082 1272 vestrum
3126 1210 3485 1288 consilium,
3531 1221 3606 1274 ut
3648 1212 3936 1294 periculo
3976 1214 4300 1296 obviaret3
4345 1238 4430 1282 ne

2483 1311 2826 1374 cogeretur
2893 1293 2991 1358 rei
3052 1294 3372 1361 iudicatae
3441 1316 3512 1360 se
3579 1317 3925 1380 opponere.
4038 1298 4429 1384 Quanquam

2482 1378 2755 1442 minime
2791 1400 2951 1461 opus
2987 1380 3115 1444 erit
3172 1380 3372 1445 ullam
3433 1382 3687 1446 arbitrii
3741 1385 4139 1450 mentionem
4198 1386 4272 1451 in
4326 1408 4429 1452 re-

2483 1483 2721 1546 sponso
2767 1473 2987 1528 vostro
3032 1465 3260 1531 facere.
3348 1466 3615 1532 Literae
3659 1467 3742 1532 ad
3786 1471 4263 1554 magistratum,
4306 1473 4430 1537 mi-

2481 1550 2744 1629 nistros,
2780 1558 2847 1614 et
2880 1550 3136 1633 plebem
3172 1549 3549 1618 scribendae
3584 1564 3797 1619 erunt.
3863 1557 4141 1621 Minime
4163 1556 4433 1622 dubium

2480 1635 2667 1700 nobis
2734 1642 2865 1711 est,
2933 1636 3092 1718 quin
3157 1659 3287 1702 uno
3352 1648 3683 1703 momento
3739 1651 4035 1722 pacatam
4095 1643 4432 1708 ecclesiam

2481 1721 2625 1785 sitis
2679 1720 3030 1799 reddituri,
3086 1731 3417 1806 utcunque
3473 1723 3686 1789 adhuc
3728 1726 4117 1792 factionibus
4162 1735 4430 1794 aestuet.

2481 1805 2764 1870 Plurimi
2820 1808 2993 1871 enim
3049 1818 3203 1872 sunt
3255 1808 3429 1873 inter
3482 1809 3717 1890 malos,
3773 1813 3886 1894 qui
3941 1811 4191 1877 arbitrii
4250 1813 4428 1881 illius

2481 1888 2723 1955 fiducia
2769 1892 3021 1957 animos
3062 1904 3583 1976 resumpserant,
3630 1898 3740 1978 qui
3782 1896 4002 1961 audito
4045 1908 4263 1964 vestro
4307 1919 4426 1964 no-

2480 1977 2663 2040 mine
2706 1979 3008 2060 protinus
3051 1976 3412 2044 concident.
3477 1980 3629 2045 Non
3663 1982 3920 2047 instabo
3956 1982 4426 2064 vehementius,

2482 2070 2560 2125 ut
2602 2063 2878 2127 miserae
2922 2063 3230 2128 ecclesiae
3271 2085 3632 2144 succurras,
3690 2088 3774 2132 ne
3827 2067 3942 2131 tibi
3987 2066 4283 2134 diffidere
4328 2070 4428 2136 vi-

2484 2146 2658 2212 dear.
2763 2148 3050 2226 Tantum
3097 2169 3350 2215 moneo.
3462 2150 3857 2217 Hortatione
3922 2155 4097 2218 enim
4164 2156 4296 2221 0010
4362 2162 4427 2220 10

2483 2232 2650 2297 1111111
2695 2233 3005 2317 indigere.
3095 2235 3186 2298 Et
3243 2235 3350 2299 hic
3411 2236 3627 2313 frater,
3684 2238 3795 2319 qui
3838 2237 4142 2304 alumnus
4187 2249 4254 2304 et
4296 2240 4428 2305 dis-

2482 2318 2737 2401 cipulus
2780 2328 2997 2384 vester
3040 2327 3157 2399 est,
3204 2322 3373 2403 quod
3411 2321 3617 2386 deerit
3658 2323 3821 2388 meis
3880 2323 4085 2388 literis
4135 2324 4428 2391 oratione

2481 2425 2605 2468 sua
2647 2403 2988 2487 supplebit.

2655 2491 2760 2554 Ad
2797 2489 3047 2573 reliqua
3081 2491 3422 2556 literarum
3443 2499 3708 2556 tuarum
3746 2493 3958 2576 capita
3991 2514 4125 2558 non
4162 2494 4429 2579 possu¹m

2481 2596 2659 2640 nunc
2703 2585 2837 2640 tam
2880 2577 3134 2659 copiose
3177 2576 3570 2658 respondere
3612 2598 3809 2660 quam
3844 2599 4165 2662 cuperem,
4213 2589 4277 2645 et
4320 2601 4427 2647 res

2479 2660 2626 2741 ipsa
2669 2672 2979 2744 posceret.
3068 2659 3266 2742 Quod
3311 2662 3727 2745 praecipuum
3772 2675 3887 2741 est,
3933 2665 4281 2730 formulam
4324 2686 4428 2731 or-

2483 2744 2656 2811 dinis
2710 2746 3128 2813 ecclesiastici
3191 2768 3386 2829 quam
3451 2749 3864 2830 concepimus
3927 2748 4187 2815 mittere
4250 2769 4429 2815 nunc

2480 2853 2616 2895 non
2661 2833 2828 2898 11001.
2919 2832 3086 2897 Εο111
3131 2831 3487 2897 obtulimus
3543 2836 3830 2913 senatui,
3887 2833 4133 2900 decimo
4191 2844 4428 2918 quarto

2481 2926 2630 2998 post
2672 2916 2776 2982 die
2820 2938 3016 3000 quam
3060 2918 3392 3002 negotium
3440 2918 3623 2983 nobis
3668 2917 3892 2983 datum
3926 2928 4084 2985 erat.
4103 2919 4161 3002 ⁵)
4247 2920 4429 2986 Non-

2482 3001 2638 3079 dum
2685 3002 3031 3067 habuimus
3073 3023 3474 3085 responsum.
3540 3002 3680 3068 Nec
3713 3004 3879 3069 mihi
3914 3004 4073 3070 adeo
4108 3005 4427 3090 displicet,

2481 3089 2654 3170 quod
2696 3096 2852 3153 sunt
2893 3088 3246 3171 aliquanto,
3272 3086 3621 3154 tardiores:
3669 3096 3736 3155 et
3785 3112 4123 3173 speramus
4166 3112 4242 3157 00
4289 3113 4428 3158 cer-

2481 3175 2613 3239 tius
2656 3175 2792 3239 fore
2835 3171 3006 3257 quod
3048 3172 3239 3239 nobis
3282 3175 3654 3239 concedent.
3741 3174 3843 3241 Ne
3896 3174 4053 3260 quid
4108 3176 4241 3242 illis
4284 3199 4429 3243 sus-

2481 3267 2747 3343 pectum
2807 3267 3004 3335 esset,
3063 3260 3468 3337 monuimus,
3523 3267 3599 3324 ut
3649 3260 3703 3325 si
3746 3261 3841 3325 ita
3887 3261 4218 3327 videretur
4259 3284 4431 3329 com-

2480 3346 2895 3412 municarent
2948 3346 3132 3430 prius
3191 3366 3343 3411 cum
3408 3345 3696 3411 ecclesiis
3752 3346 4163 3430 germanicis,
4186 3352 4242 3425 ⁶)
4308 3369 4429 3415 nec

2481 3430 2836 3514 quidquam
2893 3432 3017 3496 nisi
3070 3452 3152 3496 ex
3210 3452 3434 3496 earum
3473 3432 3815 3497 sententia
3868 3440 4247 3498 statuerent.
4346 3432 4429 3497 Id

2480 3517 2765 3582 facturos
2811 3519 3235 3599 suspicamur.
3325 3517 3529 3582 Brevi
3570 3517 3792 3600 itaque
3830 3518 4183 3584 mittemus,

2653 3601 2758 3667 De
2797 3602 3020 3681 Vir-eto,
3065 3623 3268 3685 quum
3311 3602 3536 3667 literas
3578 3623 3617 3667 a
3657 3610 3893 3669 senatu
3925 3603 4212 3669 obtineri
4242 3625 4432 3688 posse

2480 3686 2753 3753 confidis
2773 3688 2830 3769 ⁷)
2876 3708 3033 3772 rogo
3077 3694 3155 3752 ut
3195 3686 3547 3772 diligenter
3577 3690 3898 3754 conficias.
3967 3687 4231 3754 Scimus
4254 3690 4432 3755 enim

2481 3794 2682 3855 quam
2761 3773 3057 3847 difficiles
3133 3771 3346 3838 futuri
3410 3774 3545 3838 sint
3607 3774 3959 3851 Bernates,
4037 3774 4140 3839 vel
4218 3775 4298 3841 ob
4361 3774 4432 3841 id

2482 3866 2764 3936 tantum,
2809 3879 2894 3922 ne
2938 3858 3074 3923 sint
3113 3857 3300 3924 nobis
3335 3859 3554 3924 minus
3589 3859 3873 3942 benigni.
3940 3857 4077 3924 Sed
4098 3861 4432 3942 patientur

2481 3945 2722 4023 forsan,
2759 3966 2829 4009 se
2866 3965 2984 4026 per
3018 3951 3317 4008 senatum
3341 3951 3632 4009 vestrum
3659 3943 3934 4009 exorari.
4000 3945 4146 4030 Ego
4169 3966 4433 4011 omnem

2483 4030 2767 4114 lapidem
2846 4029 3151 4107 movebo,
3220 4050 3304 4094 ne
3370 4050 3410 4093 a
3462 4050 3568 4093 me
3624 4029 4060 4097 abstrahatur.
4168 4028 4432 4096 Instabo

2484 4113 2662 4199 apud
2721 4114 3063 4180 Sulzmm.
3168 4112 3518 4180 Conzemm
3573 4114 3954 4199 suppliciter
3995 4115 4209 4180 orabo.
4299 4116 4433 4181 De-

2484 4203 2680 4284 nique
2757 4200 2927 4265 nihil
2993 4199 3309 4264 omittam.
3423 4198 3557 4265 Sed
3619 4200 3744 4264 1100
3809 4200 4006 4265 simul
4070 4199 4433 4265 cavendum

2485 4289 2641 4365 erit,
2705 4292 2782 4350 ut
2833 4285 3244 4351 Lausanensi
3299 4282 3464 4348 bene
3516 4284 3912 4350 consulatur.
4021 4284 4103 4349 Id
4167 4287 4309 4365 fiet,
4375 4286 4434 4351 si

2483 4382 2668 4456 petes
2703 4391 2741 4434 a
2790 4370 3063 4437 00000110
3108 4378 3175 4435 01
3223 4369 3507 4449 Salem-0,
3561 4390 3646 4433 ne
3703 4391 3923 4452 quem,
3983 4370 4112 4436 nisi
4154 4392 4237 4435 ex
4281 4390 4435 4435 con-

2485 4458 2633 4524 silio
2689 4457 2887 4523 Vireti
2930 4466 2996 4521 et
3043 4454 3316 4533 Comitis,
3363 4454 3476 4538 qui
3518 4454 3683 4519 alter
3727 4464 3826 4520 est
3868 4455 4186 4536 minister,
4245 4478 4435 4540 prae·

2484 4544 2729 4610 ficiant.
2824 4542 3034 4607 Comes
3078 4541 3203 4620 ille,
3265 4540 3462 4605 etiam
3523 4540 3579 4604 si
3621 4539 3783 4606 alias
3828 4562 3960 4605 non
4005 4540 4091 4606 sit
4132 4543 4433 4624 optimus,

2485 4629 2609 4696 hoc
2657 4641 2881 4694 tamen
2934 4627 3087 4693 boni
3143 4625 3372 4705 habet,
3429 4625 3601 4709 quod
3656 4627 3899 4691 bonum
3960 4626 4274 4710 collegam
4320 4647 4434 4690 ex-

2484 4715 2680 4796 petit,
2736 4723 2803 4778 et
2843 4736 3045 4797 quum
3091 4713 3364 4797 adeptus
3408 4720 3512 4778 est
3553 4732 3680 4776 non
3741 4711 3932 4776 modo
3989 4712 4252 4791 tolerat,
4320 4708 4434 4776 sed

2484 4800 2679 4864 fovet.
2747 4797 2940 4880 Quod
2984 4799 3042 4863 si
3079 4799 3329 4863 Viretus
3372 4820 3503 4862 non
3549 4796 3872 4876 audiatur,
3916 4797 4277 4880 periculum
4314 4804 4432 4874 est,

2695 5054 2755 5122 5)
2795 5054 2884 5108 De
2926 5054 3012 5108 his
3055 5054 3179 5109 vide
3241 5053 3631 5175 Prolegomena
3682 5059 3873 5107 nostra
3925 5051 4003 5107 ad
4052 5051 4225 5121 Leqes
4278 5050 4434 5107 00010-

2486 5124 2743 5180 amicas
2785 5123 2929 5177 Tom.
2973 5122 3043 5177 X.
3081 5123 3145 5176 P.
3185 5122 3232 5176 1.
3267 5140 3322 5191 p.
3360 5121 3390 5175 1
3430 5163 3443 5176 .

2693 5192 2752 5257 6)
2790 5193 2936 5262 quod
3003 5208 3113 5245 non
3177 5192 3426 5258 fecerunt
3498 5190 3879 5259 Promulqarae

2485 5259 2571 5315 20⁰
2610 5262 2753 5397 Noss)
2802 5328 2938 5385 Vide
2971 5330 3035 5383 in
3063 5329 3172 5396 fine
3204 5329 3369 5383 huius
3401 5332 3618 5383 1110πο10.

3963 5195 4094 5243 sunt
4177 5189 4313 5259 leqes
4382 5190 4436 5245 d.
