5050 6167
412 417 527 479 '161

578 607 638 669 2.
696 604 1136 688 Praoeeptum
1181 605 1513 671 &eternae
1546 605 1987 685 correctionis,
2031 626 2234 690 quum
2275 606 2365 672 sit

412 688 898 769 affirmativum,
943 711 1078 756 non
1119 709 1241 775 pro
1282 689 1573 774 quolibet
1609 699 1907 775 tempore
1949 690 2212 776 obligat.

579 780 638 842 3.
702 775 965 844 Licebit
1015 777 1222 860 igitur
1261 776 1761 855 correctionem,
1818 777 2004 843 cuius
2058 777 2213 844 finis
2255 784 2361 843 est

405 861 627 928 stati-is
670 860 1108 946 delinquentis
1144 859 1549 939 emendatio,
1604 873 1755 927 non'
1797 862 2015 928 solum
2073 863 2356 942 differre,

406 945 523 1015 ced
562 957 632 1013 et
672 968 1142 1032 nonnunquam
1184 967 1455 1030 prorsus
1494 948 1578 1013 ab
1621 968 1701 1012 ea
1740 948 2086 1014 abstinero.

574 1036 636 1099 4.
700 1032 908 1100 quta
944 1033 1194 1100 Christi
1240 1041 1691 1116 praeceptum:
1753 1032 1833 1100 Si
1873 1034 2245 1119 peccaverit
2283 1033 2356 1100 in

407 1127 472 1185 te
510 1118 717 1185 frater
759 1128 930 1198 tuus,
974 1119 1249 1185 monitio
1283 1133 1535 1186 secreta
1577 1119 1906 1202 publicam
1942 1120 2136 1187 debet
2166 1141 2356 1204 prae-

405 1202 632 1271 cedere
674 1203 1263 1272 denunciationem.

574 1296 635 1356 5.
699 1289 1014 1374 Quisquis
1088 1289 1447 1357 christiana
1515 1291 1790 1357 caritate
1864 1311 2045 1376 erga·
2085 1292 2354 1357 fratrem

402 1375 699 1456 afficitur,
739 1377 849 1443 vel
892 1376 1147 1443 notorio
1190 1385 1456 1460 peccato
1497 1375 1905 1442 laborantem
1921 1427 1940 1456 ,
1995 1388 2218 1443 sancte
2258 1377 2352 1443 fe-

400 1461 598 1541 cerit,
668 1464 727 1528 si
797 1483 954 1528 eum
1009 1462 1222 1546 primo
1280 1463 1451 1530 clam
1504 1463 1868 1542 monuerit,
1924 1460 2163 1528 deiude
2217 1484 2353 1528 non

400 1545 773 1614 audientem
876 1558 1177 1614 raesente
1233 1568 1369 1614 uno
1427 1557 1624 1631 atque
1680 1548 1887 1614 altero
1941 1556 2110 1615 teste
2165 1548 2356 1613 iuxta

398 1631 695 1699 ordinem
739 1654 781 1700 a
814 1569 1081 1699 &bristo
1123 1634 1600 1718 praescriptum
1639 1633 1886 1700 iterum
1921 1632 2351 1713 admonuerit,

397 1737 475 1785 ac
516 1718 787 1784 tandem
822 1720 1076 1785 iteratis
1109 1719 1574 1785 monitionibus
1607 1740 1743 1785 nou
1777 1718 2116 1786 cedentem
2149 1718 2353 1786 eccle-

396 1803 537 1870 siae
578 1802 1095 1871 denunciaverit.

572 1894 630 1955 6.
696 1890 763 1955 N
763 1911 848 1956 on
882 1899 987 1956 est
1007 1889 1278 1975 quaevis
1305 1889 1582 1956 ecclesia
1617 1889 1791 1972 apud
1824 1909 2023 1974 quam
2056 1888 2355 1957 facienda

390 1981 495 2040 est
540 1974 980 2054 denunciatio,
1022 1975 1139 2041 sed
1182 1995 1262 2041 ea
1301 1977 1488 2042 cuius
1542 1973 1911 2041 membrum
1955 1985 2061 2042 est
2102 1976 2215 2062 qui
2257 1975 2353 2042 sic

392 2068 751 2127 contumax
792 2068 1186 2145 perseverat.

565 2230 839 2298 Fratres
854 2232 910 2314 ⁸)
987 2234 1204 2312 aiunt,
1278 2232 1748 2299 correctionem
1817 2252 2016 2316 quam
2080 2239 2353 2299 servant

391 2326 694 2384 sanctam
747 2337 890 2384 esse
941 2326 1010 2384 et
1061 2318 1292 2384 utilem
1308 2368 1325 2398 ,
1392 2326 1470 2384 ut
1524 2316 1910 2385 aedificetur
1961 2318 2234 2384 ecclesia
2284 2325 2354 2383 et

388 2398 693 2470 doctrina
733 2424 884 2470 cum
926 2403 1220 2470 moribus
1262 2404 1603 2471 ecclesiam
1645 2425 1779 2469 non
1820 2401 2178 2484 offendant,
2233 2402 2352 2470 sed

388 2496 674 2573 utraque
716 2489 987 2572 puriora
1028 2497 1522 2557 conserventur.

565 2575 1009 2642 Adversarius
1062 2577 1186 2657 ait,
1242 2576 1511 2641 omnino
1567 2575 1964 2643 contrariam
2007 2593 2152 2642 esse
2194 2593 2349 2639 cen-

386 2681 622 2728 suram
673 2660 878 2727 verbo
928 2662 1236 2739 Domini,
1305 2660 1420 2727 sed
1488 2659 1976 2726 admonendum
2047 2660 2349 2744 quemvis

582 2768 725 2812 rem
766 2748 980 2832 primo
1015 2748 1305 2826 seorsim,
1352 2746 1614 2813 demum
1650 2746 1824 2830 apud
1857 2746 2118 2830 plebem
2151 2766 2349 2830 quam

554 2842 611 2911 t,
678 2840 749 2897 et
811 2854 1152 2916 nunquam
1214 2835 1285 2898 in
1344 2833 1623 2898 fratrum
1675 2832 1792 2915 qui
1845 2831 2085 2899 docent
2134 2839 2345 2899 coetu.

386 2917 479 2985 Et
527 2919 770 2984 mirum
811 2919 987 3003 quod
1043 2939 1213 3003 quae
1266 2917 1435 2985 vidit
1485 2939 1620 2985 non
1674 2918 1995 2984 inducant
2034 2925 2115 2983 ut
2155 2917 2350 2984 aliter

386 3005 668 3071 sentiat:
722 3004 1047 3088 siquidem
1102 3003 1235 3070 duo
1290 3004 1562 3070 fuerunt
1612 3005 1725 3087 qui
1779 3003 1954 3070 male
2010 3003 2351 3069 intrarunt

386 3097 457 3156 et
499 3090 691 3173 peius
746 3099 1030 3175 egerunt
1081 3087 1156 3155 in
1206 3089 1508 3168 ecclesia,
1564 3099 1633 3155 et
1674 3110 1885 3172 neque
1927 3087 2347 3155 hortantibus

384 3175 710 3242 fratribus
729 3197 940 3259 neque
972 3176 1226 3243 iubenti
1261 3175 1675 3260 magistratui
1708 3195 1940 3258 parere
1975 3174 2348 3254 voluerunt,

384 3260 545 3327 freti
598 3261 789 3344 plebe
841 3283 960 3345 per
1027 3283 1139 3329 eos
1194 3261 1599 3340 dementata,
1663 3281 1833 3344 quae
1890 3281 2066 3327 nuuc
2127 3271 2350 3345 pestes

385 3346 536 3414 odit
575 3368 739 3433 quas
779 3348 967 3432 prius
1011 3348 1278 3416 volebat
1316 3345 1572 3430 perdite
1614 3346 1914 3412 amando.
1934 3346 1996 3429 ⁴)

1186 3644 1343 3651 *----
1438 3644 1449 3650 ο
1486 3642 1559 3650 ——

1305 3859 1455 3932 581.

904 3995 1358 4065 RIHELI'US
1405 3994 1842 4065 GALVINO.

572 4167 823 4235 Novam
899 4168 1326 4235 Instittdionis
1402 4168 1727 4235 editionem
1803 4168 1973 4252 typis
2045 4167 2350 4236 mandare

388 4253 593 4340 coepit
631 4261 691 4322 et
730 4260 804 4322 ut
841 4256 1196 4324 continuari
1230 4256 1439 4341 possit
1477 4260 1756 4321 autorem
1801 4257 1997 4339 φοραί.

693 4425 805 4488 (Ex
841 4425 1180 4497 autographo
1213 4422 1343 4479 eod.
1380 4422 1582 4479 Genev.
1622 4422 1739 4494 109,
1773 4423 1864 4479 fol.
1902 4421 2050 4490 184.)

391 4613 687 4682 Domino
721 4614 1004 4681 Iohanni
1038 4614 1321 4681 Calvino
1358 4613 1692 4692 Geuevae,
1735 4611 1999 4679 domino
2043 4619 2112 4679 et
2143 4613 2352 4682 amico

1069 4722 1190 4767 suo
1230 4696 1681 4785 praecolendo.

568 4835 640 4903 S.
685 4835 764 4902 P.
809 4836 899 4901 D.
1002 4834 1080 4902 Si
1133 4856 1286 4903 cum
1339 4834 1592 4903 familia
1657 4842 1775 4900 tua
1826 4834 2040 4914 vales,
2106 4836 2354 4919 optime

391 4921 684 4990 Domine
710 4920 988 5002 Οαῑυίηε,
1024 4921 1305 5006 gaudeo:
1351 4944 1508 4989 nam
1551 4941 1673 5007 ego
1717 4941 1868 4987 cum
1910 4921 2076 4987 meis
2118 4921 2352 5002 adhuc,

484 5197 497 5211 ο
603 5128 662 5195 3)
703 5122 2355 5196 Quaoseqmnmquadssmmipeimlv'oerauimm

603 5200 1427 5328 4ffiocummtumistudhoc
1555 5253 2007 5319 ἱεείηωόηῑοοον
2256 5278 2352 5318 un

392 5348 531 5407 mc,
563 5348 840 5391 macero
874 5330 1251 5402 demumpost
1283 5332 1363 5388 N.
1401 5269 1691 5403 offlam
1723 5262 2258 5405 &praem

1910 419 2077 483 1544
2118 413 2949 486 Gomon—Novum.

4296 425 4420 488 ⁷62

2465 606 2684 691 gratia
2743 604 3064 687 Domino,
3132 608 3301 674 bene
3376 606 3693 674 valemus.
3800 607 4114 675 Proxime
4181 608 4423 676 misisti

2462 703 2718 777 partem
2755 690 3200 760 Institutionis
3242 691 3653 769 christianae,
3697 714 3815 777 per
3835 692 4202 760 Dominum
4241 694 4420 762 Oris-

2450 798 2636 859 pum,
2696 799 2901 843 unum
2946 800 3030 845 ex
3072 779 3601 863 praeceptoribus
3661 789 3925 845 nostrae
3982 778 4276 860 scholae,
4334 779 4418 846 de

2461 884 2594 947 qua
2637 885 2710 930 re
2750 863 2946 931 valde
2989 865 3385 949 gaudebam:
3431 873 3500 930 et
3540 886 3743 948 quum
3794 885 3970 930 nunc
4011 867 4255 932 iterum
4298 864 4420 932 ali·

2460 948 2623 1032 quid
2675 950 2747 1015 in
2802 970 2878 1015 eo
2935 971 3131 1034 opere
3182 950 3532 1035 perfeceris
3561 953 3611 1033 ι)
3674 950 4009 1017 commode
4065 972 4183 1035 per
4238 950 4419 1019 hunc

2459 1043 2764 1101 nostrum
2818 1036 3032 1103 civem
3086 1037 3351 1102 mittere
3408 1037 3671 1119 poteris.
3774 1036 3921 1137 Ego
3976 1037 4224 1104 volenti
4281 1035 4417 1103 Do·

2457 1121 2640 1187 mino
2687 1142 2979 1206 pergam.
3067 1122 3238 1189 Vale
3296 1142 3557 1205 semper
3610 1120 3996 1188 felicissime.
4084 1123 4420 1207 Argento-

2457 1208 2585 1272 rati
2629 1213 2686 1272 5.
2732 1207 3128 1274 Novembris
3169 1215 3273 1274 44.

3692 1343 3875 1442 Tuus
3915 1345 4241 1412 Rihelius.

3221 1639 3434 1646 -υ--ι-ψ-

3358 1871 3514 1944 582.

2499 2024 2975 2094 GALVINUS
3019 2024 3506 2092 MINISTRIS
3548 2025 4359 2098 NEOGOMENSLBUS.

2634 2196 3090 2264 Genevensium
3122 2199 3556 2264 ministrorum
3600 2197 3939 2264 declaratio
3980 2199 4056 2265 de
4096 2198 4412 2269 Cen-surae

2455 2283 2736 2350 instando
2777 2288 2835 2351 et
2878 2283 3238 2350 adversarii
3280 2282 3749 2367 esccwtionibus.

2456 2452 2871 2519 (Anthenticum
2905 2455 3186 2526 exemplar
3218 2459 3400 2508 exstat
3432 2454 3489 2508 in
3524 2451 3856 2508 bibliotheca
4047 2472 4167 2509 rum
4202 2454 4412 2510 Neoco·

2455 2525 2786 2577 comensium
2820 2523 2938 2578 Vol.
2972 2525 3068 2594 lig.
3104 2525 3174 2577 Δ.
3209 2524 3301 2576 sol.
3343 2523 3433 2586 12;
3469 2524 3515 2577 A
3591 2539 3687 2593 gra
3728 2523 3833 2577 bon
3910 2525 4090 2593 yconii
4123 2526 4180 2577 in
4215 2525 4413 2579 biblio-

2452 2591 2616 2646 theca
2647 2592 2820 2646 civica
2852 2593 3131 2647 Turicensi
3166 2592 3323 2646 MSS.
3362 2591 3425 2645 F.
3464 2592 3497 2646 6
3543 2632 3560 2657 ,
3607 2592 3700 2647 fol.
3736 2591 3864 2659 193,
3915 2594 4063 2646 aliud
4106 2594 4309 2648 ibidem
4344 2595 4410 2648 B.

2451 2657 2557 2713 217
2592 2677 2646 2731 p.
2684 2657 2804 2713 199.
2843 2688 2910 2701 -
2943 2661 3110 2715 Edita
3157 2665 3243 2715 est
3288 2678 3322 2714 a
3358 2661 3500 2714 Beza
3548 2660 3632 2715 ed.
3672 2661 3874 2717 Gcncv.
3921 2678 3975 2731 p.
4006 2661 4104 2725 47,
4155 2663 4316 2718 Laus·
4354 2680 4411 2733 p.

2672 2727 2790 2795 107,
2828 2729 3042 2784 Hanov.
3081 2747 3135 2800 p.
3171 2727 3291 2798 120,
3326 2727 3534 2784 Chouet
3569 2746 3621 2799 p.
3658 2726 3743 2797 61,
3777 2730 3950 2784 Amst.
3987 2748 4040 2800 p.
4074 2728 4191 2798 28.)
4433 2791 4436 2792 ⁷

2623 2914 2963 2984 Fidelibus
3006 2918 3278 2984 Domini
3323 2918 3531 2984 nostri
3566 2916 3719 2983 Iesu
3756 2917 4009 2983 Christi
4052 2917 4264 2985 servis
4297 2917 4411 2984 de-

2451 3023 2615 3071 cano
2658 3010 2726 3069 et
2769 3002 3038 3088 reliquis
3095 3004 3416 3069 ministris
3459 3003 3920 3070 Neocomensis
3973 3003 4284 3070 ecclesiae
4336 3002 4412 3068 in

2453 3089 2614 3155 urbe
2657 3096 2726 3155 et
2759 3111 2919 3175 agro
2960 3089 3273 3156 fratribus
3314 3089 3688 3156 carissimis.

2452 3257 2713 3327 Caritas
2766 3257 2899 3325 Dei
2955 3267 3026 3326 et
3080 3259 3294 3344 gratia
3318 3260 3368 3340 ¹)
3428 3256 3717 3339 Christi,
3783 3266 3854 3324 et
3902 3258 4412 3327 communicatio

2452 3346 2723 3429 spiritus
2778 3345 2991 3411 sancti
3056 3343 3244 3410 vobis
3296 3363 3554 3427 semper
3619 3353 3971 3428 augeatur,
4036 3345 4275 3412 fratres
4337 3345 4413 3412 in

3073 3427 3341 3496 Christo
3383 3428 3808 3496 dilectissimi.
4291 3451 4294 3454 ·

2627 3564 2857 3649 Quum
2920 3562 3229 3632 Enardus
3294 3567 3503 3631 frater
3566 3576 3794 3632 noster
3857 3566 4179 3649 scriptum
4243 3567 4413 3633 illud

2453 3657 2753 3721 vestrum
2766 3652 2824 3739 2)
2861 3650 2943 3717 de
2970 3649 3162 3717 modo
3186 3651 3587 3717 exercendae
3622 3653 3689 3716 in
3726 3652 3963 3717 fratres
3998 3673 4314 3718 censurae
4329 3656 4412 3733 ⁸),

2454 3746 2524 3805 et
2590 3738 2790 3805 simul
2861 3736 3264 3805 contrarium
3326 3738 3549 3802 fratris
3614 3737 3953 3802 cuiusdam
4018 3738 4414 3822 scripturn‘)

2456 3824 2804 3904 attulisset,
2849 3843 3043 3888 nemo
3087 3822 3213 3888 suit
3266 3823 3379 3905 qui
3436 3841 3570 3887 non
3614 3820 3968 3901 iudicaret,
4028 3822 4417 3906 responderi

2454 3909 2529 3974 in
2571 3917 2880 3994 promptu
2923 3906 3007 3974 ad
3049 3916 3403 3991 utrumque
3440 3927 3644 3990 posse.
3733 3905 3871 3973 Sed
3915 3907 4068 3990 quia
4105 3929 4240 3973 non
4275 3928 4417 3972 om-

2456 4016 2578 4061 nes
2622 3994 2931 4074 aderant,
2985 3993 3058 4058 iu
3115 3992 3502 4058 hodiernum
3561 4000 3960 4059 conventum
4017 3991 4414 4060 distulimus.

2455 4080 2562 4146 Re
2603 4080 2849 4145 iterum
2892 4079 3256 4164 proposita,
3314 4077 3438 4145 hoc
3490 4099 3715 4143 omnes
3769 4097 3899 4142 uno
3943 4098 4265 4143 consensu
4309 4098 4416 4143 re—

2458 4162 2911 4249 spondendum
2969 4165 3361 4230 censuimus.
3471 4163 3777 4228 Primum
3854 4183 4056 4246 quum
4127 4163 4418 4228 ministri

2456 4258 2637 4317 certa
2678 4249 2960 4334 quadam
3004 4252 3177 4315 inter
3220 4269 3290 4314 se
3334 4247 3679 4332 disciplina
3722 4269 3886 4332 opus
3933 4246 4237 4328 habeant,
4282 4268 4418 4313 non

2456 4337 2584 4404 hoc
2626 4335 3074 4420 quaerendum
3118 4342 3219 4401 est
3260 4332 3542 4418 qualiter
3596 4333 3739 4398 sine
3791 4332 4048 4416 legibus
4089 4335 4416 4413 vivamus,

2457 4422 2576 4489 sed
2609 4420 2899 4488 ineunda
2931 4420 3147 4505 potius
3181 4419 3592 4484 oeconomiae
3627 4427 3696 4484 et
3731 4418 3981 4484 ordinis
4015 4420 4201 4498 ratio,
4248 4439 4418 4502 quae

2457 4518 2615 4592 apta
2656 4508 2745 4574 sit
2787 4506 2870 4572 ad
2916 4528 3035 4572 nos
3078 4506 3149 4570 in
3192 4504 3403 4570 officio
3437 4502 3834 4583 retinendos,
3879 4512 3948 4569 et
3982 4502 4419 4571 aedificationi

2455 4595 2722 4660 serviat.
2808 4591 3166 4676 Nunquam
3211 4601 3430 4655 autern
3473 4590 3566 4657 sic
3616 4596 4030 4673 comparatae
4074 4599 4270 4656 erunt
4309 4611 4419 4657 res

2384 4713 2389 4720 ·
2455 4678 2821 4759 hominum,
2857 4688 2936 4743 ut
2969 4676 3213 4762 aliquid
3249 4677 3612 4762 perfectum
3645 4675 4032 4759 reperiatur.
4096 4674 4206 4741 Ad
4240 4676 4418 4743 hunc

2490 4917 2623 4979 1581.
2666 4920 2720 4982 1)
2765 4916 2917 4987 Quid
2960 4916 3170 4972 Noster
3219 4930 3281 4970 eo
3323 4921 3563 4982 tempore
3605 4914 3672 4967 in
3723 4929 3831 4967 sua
3877 4913 4411 5038 Institutioneegter-

2453 4987 2703 5054 fecturus
2735 4993 2875 5055 erat,
2911 5000 3016 5040 nos
3049 4984 3270 5054 quidem
3301 5001 3418 5039 non
3450 4983 3582 5038 bene
3616 4998 3740 5037 asse
3828 4983 3991 5048 'mur‚
4039 4998 4209 5051 quum
4354 4982 4412 5038 io

2456 5054 2667 5111 Raudii
2698 5055 2864 5111 tertia
2897 5053 3080 5120 (1545)
3118 5072 3158 5109 a
3191 5054 3436 5108 seeumda
3468 5052 3658 5120 (1543)
3695 5051 3918 5106 diversa
3948 5066 4065 5104 non
4096 5052 4185 5105 sit.

2663 5260 2725 5330 3)
2759 5231 3076 5332 ᾱῐῖαωριίηαο
3111 5258 3233 5315 aad.

2661 5329 2723 5398 4)
2759 5332 3024 5400 scriptum
3056 5343 3162 5385 om.
3197 5327 3318 5384 edd.
