5050 6167
2432 1723 2953 1813 MDXLIII.

1573 2008 1727 2081 445.

1173 2145 1654 2216 SULZERUS
1701 2146 2136 2214 GALVINO.

858 2320 1225 2388 Novissima
1274 2317 1465 2399 refert
1505 2317 1580 2382 de
1620 2316 1772 2383 bello
1818 2316 2196 2396 Pannonico,
2241 2319 2318 2383 de
2358 2318 2628 2384 comitiis

690 2404 1326 2489 NorimberyensibuS,
1365 2404 1443 2469 de
1484 2403 1738 2469 coneilio
1777 2404 2155 2484 Tridentino,
2210 2404 2288 2469 de
2332 2402 2627 2470 Caesaris

679 2499 891 2562 eontra
917 2494 1160 2559 Tureas
1193 2490 1266 2554 in
1285 2489 1582 2572 Africam
1622 2491 2022 2570 expeditione,
2063 2490 2325 2572 denique
2357 2490 2431 2554 de
2454 2490 2627 2556 Lau-

680 2580 1089 2646 sannen-sium
1128 2595 1268 2641 cum
1309 2574 1733 2640 Remea-sibus
1774 2575 2208 2659 disputatione,
2252 2575 2360 2640 ubi
2401 2580 2456 2641 et
2515 2577 2625 2643 Vi-

680 2671 851 2731 retus
891 2668 1156 2730 notatur.

885 2909 896 2920 β
995 2834 1107 2903 (Ex
1143 2831 1479 2902 autographo
1514 2829 1649 2886 Ood.
1683 2830 1887 2885 Genev.
1923 2830 2044 2901 112,
2077 2831 2166 2885 fol.
2204 2830 2316 2899 86.)

682 3008 874 3074 Viro.
909 3003 1467 3091 praestantissimo
1532 3000 1617 3067 D.
1691 3002 1931 3068 Ioanni
1985 3002 2262 3071 Calvino
2322 3003 2627 3069 Antistiti

683 3092 1096 3160 Genevensis
1154 3087 1461 3156 ecclesiae
1504 3088 1712 3154 amico
1763 3097 1833 3153 et
1883 3089 2073 3154 fiatri
2136 3107 2255 3155 suo
2319 3089 2627 3156 coniunc-

1517 3173 1788 3241 tissime.

853 3312 923 3379 S.
988 3312 1262 3378 Utinam
1316 3312 1402 3376 sit
1455 3311 1525 3375 in
1638 3332 1785 3375 rum
1842 3310 1994 3389 tibi,
2058 3308 2344 3390 Calvine,
2403 3311 2626 3389 frater,

680 3399 975 3467 crebrius
1033 3418 1228 3481 quam
1281 3396 1448 3462 soles
1463 3447 1480 3475 ,
1683 3418 1790 3462 me
1846 3396 2154 3462 scribere:
2225 3404 2398 3463 esset
2450 3395 2628 3461 unde

681 3504 922 3551 novam
945 3481 1224 3547 subinde
1258 3482 1662 3565 voluptatem
1697 3503 1772 3548 ac
1806 3481 2274 3547 recreationem
2310 3502 2626 3565 caperem,

678 3589 889 3653 neque
944 3589 1091 3633 eam
1147 3587 1414 3651 prorsus
1476 3566 1618 3632 sine
1671 3587 1817 3633 meo
1874 3568 2307 3650 ecclesiaeque
2363 3575 2626 3632 nostrae

680 3654 1145 3732 emolumento,
1205 3653 1446 3737 quippe
1488 3653 1601 3735 qui
1646 3654 1774 3719 tuis
1816 3674 1923 3719 me
1968 3652 2256 3719 consiliis
2298 3674 2372 3718 ac
2415 3653 2625 3717 moni-

677 3740 969 3806 tionibus
1012 3740 1180 3823 erigi
1232 3746 1425 3821 atque
1480 3738 1693 3803 iuvari
1748 3739 1973 3805 sentio.
2064 3736 2198 3804 Sed
2255 3738 2430 3803 enim
2473 3739 2626 3821 quia

676 3825 750 3892 id
810 3825 1032 3890 minus
1096 3824 1212 3889 tibi
1277 3825 1458 3902 licet,
1526 3832 1792 3907 propter
1852 3824 2243 3907 peculiarem
2297 3822 2626 3906 quandam

676 3931 950 3995 eamque
991 3910 1279 3976 maxime
1319 3910 1559 3975 seriam
1595 3909 1803 3992 adque
1838 3930 2246 3975 communem
2281 3908 2623 3974 ecclesiam

677 4002 1082 4080 spectantem
1137 3996 1622 4079 occupationem
1677 4016 1807 4078 qua
1862 4003 1929 4059 te
1982 3995 2053 4058 in
2107 3995 2624 4077 praesentiarum

678 4083 870 4149 audio
916 4082 1272 4147 admodum
1307 4081 1627 4165 distringi,
1672 4080 2068 4146 moderatius
2101 4080 2442 4144 literarum
2476 4087 2624 4144 tua-

675 4189 829 4233 rum
872 4165 1261 4233 desiderium
1305 4167 1462 4268 ferq,
1507 4174 1584 4230 ut
1624 4164 1792 4249 quod
1827 4165 2084 4249 publico
2120 4164 2285 4230 bono
2320 4185 2624 4247 compen-

677 4263 894 4320 satum
936 4254 1017 4318 iri
1061 4252 1226 4317 nihil
1272 4252 1546 4336 ambigo.
1649 4252 1979 4317 Dominus
2033 4250 2221 4316 Iesus
2276 4252 2420 4334 pios
2474 4261 2623 4313 tuos

677 4347 947 4405 conatus
1012 4339 1322 4423 dignetur
1362 4335 1736 4421 provehere.
1838 4336 1937 4403 Ac
1997 4337 2263 4402 interim
2326 4343 2622 4417 coeptam

677 4422 1001 4490 scribendi
1043 4424 1458 4491 sedulitatem
1501 4442 1636 4486 non
1678 4422 2111 4487 intermittam
2157 4442 2295 4506 ege,
2341 4420 2510 4504 quod
2556 4427 2623 4484 et

677 4529 936 4593 semper
979 4517 1234 4574 tantum
1290 4527 1431 4573 esse
1490 4508 1795 4589 temporis
1839 4528 1878 4571 a
1920 4508 2201 4592 negotiis
2245 4507 2433 4573 vacui
2477 4527 2621 4571 esse

678 4595 941 4660 credam
985 4605 1059 4659 ut
1099 4602 1292 4661 vacet
1333 4591 1666 4677 perlegere
1709 4595 1899 4659 amici
1944 4592 2308 4678 epistolam,
2353 4601 2421 4656 et
2462 4591 2620 4656 boni

676 4687 743 4746 te
786 4678 1268 4758 consulturum,
1328 4676 1501 4762 quod
1559 4678 1640 4744 ab
1693 4678 1957 4746 homine
2015 4680 2112 4744 tui
2163 4676 2620 4744 studiosissimi

677 4765 1144 4851 proficiscatur.

849 4851 1059 4915 Porro
1101 4849 1276 4914 aliud
1330 4869 1463 4914 non
1516 4858 1616 4915 est
1660 4849 1743 4915 ad
1785 4871 2054 4915 manum
2103 4848 2274 4932 quod
2318 4849 2390 4912 in
2432 4869 2619 4932 prae-

676 4936 1034 5003 sentiarum
1074 4936 1460 5019 significem,
1519 4955 1713 5019 quam
1755 4935 1837 5001 de
1880 4935 2206 5003 communi
2249 4942 2621 5018 temporum

677 5030 874 5088 statu.
964 5021 1310 5105 Accepisti,
1354 5020 1650 5100 arbitror,
1710 5019 1790 5087 de
1832 5021 2016 5088 clade
2057 5021 2439 5087 Pannonica
2461 5019 2509 5105 ¹)
2555 5028 2622 5084 et

711 5192 846 5254 445,
881 5192 940 5254 1)
976 5193 1090 5247 Hic
1137 5208 1265 5247 vero
1314 5208 1504 5247 rumor
1554 5194 1803 5262 publicus
1862 5193 2037 5247 nimia
2088 5192 2334 5247 malisse
2389 5190 2621 5246 videtur.

680 5260 981 5329 &pertitio
1013 5262 1230 5331 quidem
1263 5267 1456 5316 contra
1489 5261 1710 5316 Budam
1741 5268 1791 5316 et
1818 5260 2028 5317 Tur-eas
2059 5263 2338 5316 incassum
2353 5267 2621 5329 suscepta,

677 5345 863 5385 verum
895 5330 1078 5385 clades
1114 5329 1508 5386 Germanorum
1542 5331 1696 5390 nulla
1724 5331 1851 5399 fuit.
1922 5329 2152 5399 (Banake
2185 5330 2294 5386 IV.
2331 5327 2481 5396 175.)
2505 5337 2522 5350 ⁶

2735 2013 2894 2078 satis
2939 2012 3118 2095 turpi
3161 2019 3537 2078 nostrorum
3581 2011 3887 2091 discessu,
3933 2014 4045 2096 qui
4087 2012 4427 2097 perfidiam
4453 2012 4685 2098 Unge-

2734 2117 2955 2163 rorum
3001 2098 3246 2164 causati
3292 2119 3649 2182 paucorum
3691 2097 4030 2163 hominum
4085 2098 4278 2182 culpa
4330 2106 4397 2163 et
4437 2098 4686 2166 scelere

2732 2184 3058 2260 commoti,
3105 2184 3361 2249 animos
3404 2205 3555 2249 suos
3598 2205 3638 2249 a
3679 2193 3873 2267 gente
3909 2190 4045 2249 tota
4077 2191 4394 2267 tanquam
4429 2185 4499 2249 in
4533 2185 4685 2250 uni-

2734 2288 3002 2334 versum
3045 2269 3295 2352 perfida
3335 2268 3813 2348 abalienarunt,
3872 2291 4078 2352 quum
4137 2270 4407 2334 interim
4460 2277 4687 2336 tamen

2734 2363 3031 2420 constare
3075 2355 3355 2433 videm,
3401 2376 3643 2439 paucos
3686 2361 3755 2420 et
3795 2355 4140 2440 primarios
4183 2354 4443 2437 quidem
4489 2375 4686 2439 quos-

2733 2439 2883 2504 dam
2918 2439 3307 2523 proditionis
3341 2461 3485 2506 reos
3519 2440 3739 2520 fuisse,
3784 2448 3852 2505 et
3886 2441 4024 2506 eius
4058 2440 4321 2507 sceleris
4355 2441 4689 2508 consciam

2731 2547 2861 2591 non
2925 2527 3127 2592 fuisse
3183 2524 3689 2592 multitudinem.
3789 2527 4046 2591 Verum
4100 2525 4467 2591 miserrimo
4525 2548 4686 2593 casu

2731 2611 2975 2677 factum
3030 2620 3160 2690 est,
3220 2622 3294 2677 ut
3350 2612 3558 2676 nostri
3607 2633 3737 2677 non
3795 2612 4106 2690 Turcam,
4162 2611 4276 2694 qui
4331 2612 4688 2678 minimum

2730 2698 2970 2776 nocuit,
3016 2697 3130 2762 sed
3181 2698 3429 2763 coelum
3464 2697 3679 2780 ipsum
3727 2705 3791 2762 et
3827 2697 4206 2763 Danubium
4251 2704 4318 2761 et
4358 2696 4688 2762 elementa

2730 2785 2954 2848 omnia
2985 2784 3156 2848 irata
3190 2782 3557 2861 habuerint,
3603 2783 4010 2866 ampliusque
4052 2782 4345 2864 equitum
4389 2790 4456 2847 et
4497 2782 4688 2866 pedi-

2729 2877 2873 2933 tum
2915 2869 3154 2952 viginti
3188 2870 3470 2952 quinque
3503 2867 3785 2933 millium
3820 2870 4198 2946 amiserunt,
4241 2874 4442 2951 peste,
4488 2869 4685 2948 fame,

2730 2954 2974 3037 frigore
2992 3004 3007 3032 ,
3085 2954 3332 3019 morbis
3410 2953 3660 3019 ventris
3725 2961 3793 3017 et
3852 2953 4083 3035 capitis
4162 2952 4682 3037 absumptorum.

2731 3039 3006 3105 Utinam
3049 3046 3190 3104 tam
3232 3061 3460 3105 verum
3504 3059 3638 3103 non
3682 3040 3769 3104 sit
3809 3060 4003 3122 quam
4047 3036 4338 3105 creditur
4363 3040 4685 3105 Horatia-

2734 3146 2895 3188 num
2917 3124 3112 3189 illud:
3150 3122 3462 3208 quidquid
3497 3124 3780 3190 delirant
3807 3145 3994 3208 reges
4016 3123 4392 3207 plectuntur
4412 3124 4685 3191 Achivi.

2736 3208 2871 3275 Sed
2913 3210 3052 3276 irae
3095 3209 3222 3275 Dei
3268 3210 3580 3275 debemus
3637 3209 3807 3292 quod
3856 3220 3922 3275 et
3962 3209 4125 3275 haec
4183 3210 4471 3292 patimur
4512 3231 4686 3294 quae

2732 3316 3068 3378 nunquam
3111 3317 3243 3361 non
3287 3316 3757 3362 commeremur
3791 3303 3859 3360 et
3899 3296 4159 3377 passuri
4196 3293 4522 3361 deteriora
4571 3317 4685 3361 su-

2732 3402 2898 3458 mus,
2944 3382 3074 3447 nisi
3108 3389 3178 3445 et
3209 3382 3321 3464 qui
3354 3388 3668 3463 praesunt
3701 3380 4037 3465 religionis
4069 3380 4450 3464 professioni
4486 3402 4686 3448 sanc-

2733 3467 2899 3532 tiore
2942 3466 3241 3549 exemplo
3284 3473 3596 3548 praeeant
3629 3473 3696 3531 et
3739 3466 4016 3550 populus
4051 3467 4489 3549 poenitentiae
4536 3488 4684 3534 sac-

2732 3574 2881 3619 cum
2921 3552 3195 3617 indutus
3237 3551 3320 3616 ad
3366 3573 3436 3617 se
3481 3552 3952 3635 percutientem
3997 3559 4435 3630 convertatur,
4481 3573 4685 3619 vera-

2731 3659 2857 3721 que
2901 3639 3004 3702 sui
3059 3637 3485 3721 abnegatione
3536 3636 3707 3703 iusto
3759 3638 3961 3703 furori
4019 3638 4158 3703 eius
4212 3636 4533 3720 placando
4582 3639 4683 3704 in-

2731 3725 2934 3789 sistat.

2897 3808 2963 3872 N
2964 3807 3396 3891 erimbergam
3414 3809 3472 3884 ²)
3517 3809 3700 3874 venit
3742 3828 3863 3873 rex
3908 3805 4354 3873 Ferdinandus
4398 3814 4504 3884 (ut
4547 3808 4680 3873 fer-

2730 3892 2871 3979 tur)
2914 3913 3063 3960 cum
3107 3913 3314 3957 uxore
3367 3901 3435 3958 et
3489 3893 3712 3960 liberis
3757 3894 4031 3977 aliquot,
4089 3902 4158 3958 et
4198 3893 4267 3958 in
4323 3892 4446 3958 hoc
4493 3902 4678 3959 totus

2730 3987 2830 4044 est
2880 3987 2955 4043 ut
3008 3976 3341 4043 ordinibus
3397 3981 3721 4062 persuasis
3775 4001 3946 4046 nova
4000 3986 4185 4061 paret
4247 3977 4543 4044 subsidia
4610 3984 4679 4044 et

2730 4070 3030 4148 sumptus
3073 4066 3260 4129 novis
3312 4067 3756 4130 exactionibus
3798 4065 4142 4141 resarciat,
4199 4064 4444 4129 bellum
4492 4064 4677 4130 Pan·

2729 4151 3035 4214 nonicum
3071 4150 3331 4231 quantis
3364 4161 3576 4233 potest
3615 4151 3858 4216 viribus
3893 4149 4475 4232 redintegraturus.
4545 4149 4681 4216 Oui

2727 4235 3027 4299 instituto
3083 4235 3357 4301 feliciter
3413 4243 3491 4300 ut
3541 4236 3843 4302 succedat
3893 4254 4235 4318 precamur
4288 4233 4679 4301 Dominum.

2728 4320 3049 4402 Equidem
3104 4319 3272 4402 quod
3344 4342 3427 4386 cx
3491 4329 3940 4387 anteactarum
3995 4340 4215 4386 rerum
4281 4320 4542 4386 casibus
4610 4327 4682 4386 et

2726 4405 3167 4489 praesentium
3193 4406 3602 4472 miseriarum
3638 4417 3814 4474 statu
3848 4406 4195 4489 colligitur,
4231 4405 4345 4472 vix
4377 4406 4450 4471 in
4486 4425 4679 4488 spem

2727 4491 3027 4557 venimus
3085 4491 3291 4556 ullum
3349 4491 3593 4558 bellum
3650 4514 3689 4557 a
3731 4492 4085 4559 Germanis
4140 4490 4456 4558 adversus
4498 4492 4681 4557 Tur·

2724 4598 2870 4643 cam
2911 4597 3223 4660 prospere
3266 4576 3617 4642 admodum
3652 4578 3757 4644 vel
3794 4577 4069 4657 institui,
4114 4576 4221 4643 vel
4258 4576 4518 4659 suscipi,
4565 4576 4679 4643 vel

2726 4665 2865 4748 geri
2907 4683 3115 4745 posse,
3160 4663 3292 4727 nisi
3336 4663 3598 4729 demum
3637 4663 3929 4728 unanimi
3964 4663 4333 4746 principum
4376 4663 4679 4727 omnium

2725 4758 2792 4814 et
2833 4749 3340 4832 magistratuum
3381 4768 3698 4815 consensu
3742 4756 4101 4832 conatuque
4156 4749 4334 4812 omni
4378 4769 4418 4812 a
4459 4757 4677 4834 parte,

2726 4855 2846 4899 nec
2886 4834 3106 4916 parvis
3149 4835 3369 4917 copiis,
3413 4856 3536 4902 nec
3579 4833 3888 4918 segnibus
3931 4832 4449 4918 imperatoribus.
4535 4834 4676 4919 Ty-

2726 4939 2974 4984 rannus
3029 4919 3141 4984 ille
3201 4918 3394 5004 longe
3448 4920 3739 4985 omnium
3798 4919 4324 4986 bellicosissimus
4376 4926 4677 5002 petatur:

2897 5121 2958 5185 2)
3005 5122 3155 5178 Teste
3173 5122 3432 5178 Sleidano
3469 5123 3584 5189 (11.
3606 5122 3734 5190 296)
3756 5140 3856 5179 rex
3873 5124 4080 5178 demum
4105 5121 4326 5178 17.Ian.
4349 5123 4677 5178 Νοήμων·

2723 5206 2827 5261 yae
2843 5192 3043 5258 adfuit,
3064 5194 3161 5247 ubi
3185 5194 3404 5247 comitia
3428 5191 3659 5273 Ismperii
3689 5193 3871 5262 pridie
3896 5193 4013 5247 Gal.
4036 5192 4207 5272 Febr..
4236 5193 4560 5260 auspicatus
4596 5196 4681 5246 est

2721 5260 3094 5398 ἑῗὲζῧῗᾶεέαἶ·
3115 5260 3275 5400 3233·
3394 5277 3484 5385 2:⁴5.
3504 5260 4393 5400 {fflssmpffiffli‘ssiifffflm
4440 5260 4505 5316 ‘¹⁶
4534 5275 4678 5330 pn>
