5050 6167
599 395 687 457 51.
2154 388 2684 458 EPISTOLAE
2730 392 2849 455 221
2867 393 3069 455 -222
4544 396 4626 458 52

779 583 1050 669 Optimo
1129 582 1322 648 fratri
1383 602 1532 648 mco
1605 580 1689 647 G.
1767 579 2034 646 Farello
2096 580 2161 645 N
2163 579 2564 646 eocomensis

598 670 915 738 ecclesiae
958 669 1211 754 pastori
1251 667 1676 753 integerrime
1721 677 1790 732 et
1830 665 2231 733 fidelissimo.

779 808 1135 889 Postquam
1193 803 1640 870 Ferdinandus
1696 801 2039 869 duodecim
2096 803 2356 868 circiter
2422 800 2563 865 dies

604 893 967 977 Haganoae
1040 891 1372 975 principes
1435 890 1842 973 exspectavit
1866 895 1913 967 Ι)
1983 896 2308 954 venerunt
2371 888 2563 969 pauci

604 979 841 1065 quibus
897 985 1015 1044 aut
1068 978 1140 1042 in
1196 977 1419 1042 animo
1477 985 1579 1041 est
1633 995 1739 1039 res
1797 996 2075 1054 novare,
2132 984 2249 1038 aut
2297 970 2564 1038 Caesari

603 1061 969 1150 approbare
1064 1082 1253 1130 suam
1347 1060 1805 1127 obedientiam.
1935 1058 2044 1126 De
2141 1058 2561 1126 Electoribus

600 1152 862 1216 nullum
940 1148 1154 1216 adhuc
1228 1147 1609 1232 pertrahere
1688 1146 1934 1230 potuit,
2013 1154 2273 1229 praeter
2349 1165 2558 1209 unum

607 1235 997 1304 Palatinum.
1118 1232 1531 1318 Moyuntinus
1607 1233 1866 1316 saepius
1945 1241 2221 1297 vocatus
2298 1250 2560 1311 semper

600 1323 941 1390 excusavit
996 1330 1315 1404 quantum
1373 1319 1583 1384 audio.
1603 1320 1663 1394 ²)
1766 1316 2154 1384 Gelonion-sis
2199 1325 2268 1382 et
2329 1316 2557 1382 Treve-

598 1410 809 1475 rensis
864 1428 1049 1491 spem
1105 1405 1371 1472 dubiam
1429 1402 1817 1490 fecerunt.⁸)
1922 1402 2094 1468 Saxo
2158 1401 2555 1466 nominatim

600 1493 821 1562 caveri
884 1494 1007 1559 sibi
1074 1491 1278 1557 voluit
1342 1514 1425 1557 ne
1491 1490 1813 1557 adventus
1879 1510 2039 1555 suus
2119 1485 2333 1552 fraudi
2396 1509 2555 1553 suae

594 1579 1052 1646 intercessioni
1106 1578 1302 1654 foret,
1359 1598 1555 1660 quam
1609 1576 1682 1640 in
1741 1575 2060 1641 electione
2117 1575 2292 1658 rogis
2346 1573 2555 1637 inter-

593 1666 836 1750 posuit.
933 1664 1041 1730 Ad
1102 1661 1438 1730 Gaesarem
1496 1682 1650 1729 vero
1703 1681 2085 1728 communes
2139 1681 2286 1725 cum
2335 1658 2555 1724 Land-

590 1752 816 1836 9ravio
856 1751 1085 1815 literas
1129 1748 1330 1826 misit,
1376 1747 1609 1832 quibus
1655 1757 1928 1831 uterque
1971 1745 2166 1811 simul
2204 1746 2552 1829 significat,

596 1858 669 1905 se
721 1858 853 1902 non
912 1837 1108 1901 aliam
1163 1834 1631 1917 pacificationis
1691 1833 1867 1898 viam
1935 1844 2049 1897 aut
2114 1852 2381 1897 cernere
2437 1840 2556 1896 aut

591 1922 852 2007 ingredi
928 1943 1118 2006 posse
1187 1942 1386 2004 quam
1448 1942 1615 2003 quae
1682 1916 2154 1984 Francfordiae
2218 1916 2555 2000 proposita

590 2009 823 2074 fuerat.
912 2008 1143 2090 Itaque
1186 2005 1247 2072 si
1288 2007 1360 2071 in
1402 2028 1545 2072 eam
1592 2027 1733 2071 rem
1772 2005 1943 2070 iusta
1985 2003 2244 2086 imperii
2287 2003 2555 2069 comitia

599 2092 840 2162 Caesar
895 2093 1174 2171 indicat,
1235 2093 1512 2157 libenter
1567 2112 1640 2156 se
1695 2090 2065 2156 adfuturos:
2112 2108 2289 2153 nunc
2330 2088 2553 2153 minus

592 2181 718 2246 sibi
761 2180 989 2245 datum
1048 2199 1191 2244 esse
1246 2178 1587 2260 temporis,
1645 2197 1843 2260 quam
1901 2186 1976 2239 ut
2020 2174 2211 2241 sociis
2254 2176 2395 2239 suis
2437 2174 2550 2238 de-

589 2268 910 2332 nunciare
952 2263 1233 2348 possint:
1280 2263 1440 2328 nihil
1478 2284 1634 2348 ergo
1679 2259 1857 2327 aliud
1895 2261 2020 2326 sibi
2063 2268 2312 2324 restare
2347 2281 2548 2342 quam

591 2363 667 2416 ut
725 2352 976 2434 legatos
1032 2370 1183 2416 suos
1238 2351 1509 2414 mittant
1559 2369 1709 2414 cum
1766 2348 1993 2430 paucis
2048 2345 2403 2430 theologis,
2464 2367 2551 2410 ne

591 2437 748 2520 quid
804 2436 1157 2501 videantur
1212 2434 1605 2500 detrectare:
1675 2454 1746 2498 se
1810 2442 2030 2497 tamen
2094 2439 2163 2497 et
2225 2431 2551 2515 theologis

591 2529 663 2588 ct
729 2522 967 2608 legatis
1032 2530 1100 2586 et
1162 2522 1425 2587 nunciis
1489 2517 1888 2602 quibuslibet
1951 2516 2151 2582 fidem
2216 2516 2550 2601 publicam

675 2615 834 2686 tere,
878 2629 963 2674 ne
1006 2607 1351 2673 violentur.
1442 2605 1659 2670 Hodie
1714 2604 1987 2689 profecti
2045 2610 2207 2668 sunt
2246 2602 2470 2687 legati.
2488 2602 2549 2686 ⁴)

656 2694 721 2761 bi
807 2694 1085 2761 venerit.
1148 2692 1494 2775 Philippus
1510 2694 1565 2767 ⁵)
1643 2690 2142 2773 proficiscentur
2236 2688 2544 2773 theologi.

584 2778 730 2846 Iam
777 2780 956 2846 venit
997 2778 1377 2845 Blaurems.
1457 2775 1593 2842 Alii
1638 2774 2010 2859 propediem
2054 2782 2543 2858 exspectantur.

583 2865 829 2951 Rogati
864 2866 1125 2930 fuerant
1180 2886 1218 2929 a
1260 2864 1504 2929 nostris
1547 2862 1847 2946 Tigurini
1903 2867 1973 2926 et
2014 2861 2369 2939 Bernates,
2428 2860 2544 2926 sed

584 2952 1094 3030 renunciarunt,
1148 2970 1219 3015 se
1277 2970 1405 3014 non
1466 2956 1799 3013 venturos.
1889 2946 2037 3038 Hoc
2080 2946 2227 3011 ideo
2270 2945 2413 3011 dico
2458 2967 2543 3012 ne

584 3037 741 3122 quid
795 3037 986 3102 officii
1046 3044 1235 3119 putes
1293 3055 1437 3100 esse
1486 3033 2041 3117 praetermissum.
2129 3032 2542 3097 Nominat-im

582 3125 787 3190 etiam
839 3120 1316 3188 Basiliensibus
1369 3120 1688 3203 scriptum
1743 3139 1830 3184 ne
1879 3117 2342 3184 Carolstadium
2384 3118 2540 3183 mit-

578 3216 816 3276 terent.
906 3207 1105 3274 Nunc
1148 3206 1480 3273 consultat
1522 3204 1802 3271 adversa
1842 3203 2069 3282 factio,
2128 3225 2254 3287 qno
2297 3223 2539 3288 genere

579 3293 961 3362 certaminis
1005 3299 1121 3359 aut
1162 3314 1293 3376 qua
1332 3299 1523 3376 parte
1565 3312 1684 3356 nos
1728 3289 2080 3356 adoriatur.
2181 3289 2409 3356 Nostri
2466 3311 2539 3356 se

577 3380 663 3446 ad
722 3380 997 3446 amicam
1054 3378 1589 3461 compositionem
1641 3384 1909 3460 paratos
1961 3396 2103 3441 esse
2171 3376 2536 3454 ostendent,

574 3465 774 3532 medo
819 3487 902 3530 ne
945 3464 1101 3548 qnid
1136 3464 1403 3531 veritati
1436 3461 1723 3529 decedat.
1795 3461 2062 3528 Caesari
2098 3483 2234 3527 non
2275 3470 2539 3527 tantum

577 3553 695 3617 otii
766 3550 893 3616 erit
954 3571 995 3615 a
1056 3570 1213 3635 rege
1278 3558 1532 3626 nostro,
1600 3558 1677 3613 ut
1739 3549 1945 3630 possit
2006 3547 2186 3614 vires
2249 3568 2405 3613 suas
2466 3548 2539 3612 in

578 3647 841 3705 nostros
904 3636 1218 3703 conferre.
1334 3634 1642 3701 Nondum
1707 3636 1884 3700 inter
1943 3653 2053 3699 eos
2110 3632 2376 3716 quidem
2438 3642 2541 3698 est

574 3724 842 3798 bellum,
888 3722 1004 3788 sed
1047 3729 1395 3805 emergunt
1428 3722 1700 3798 semina,
1744 3727 1812 3786 et
1847 3741 1925 3786 ea
1957 3718 2283 3803 praesidia
2316 3727 2541 3784 noster

576 3810 691 3875 ille
732 3809 854 3875 sibi
899 3808 1221 3884 conciliat,
1266 3827 1433 3889 quae
1477 3806 1631 3871 dum
1676 3807 1962 3871 amicitia
2009 3804 2109 3869 illi
2142 3827 2295 3871 cum
2334 3805 2538 3870 fratre

577 3903 723 3962 erat
783 3894 1200 3976 contempsit,
1268 3901 1337 3957 et
1397 3891 1591 3958 hodie
1653 3900 2132 3969 contemneret,
2194 3890 2252 3955 si
2306 3890 2535 3956 eadem

578 3989 892 4046 maneret.
952 3978 1329 4064 Baifius,⁶),
1372 3979 1482 4061 qui
1527 3978 1854 4063 legatione
1896 3978 1969 4042 in
2012 3984 2344 4043 conventu
2386 3978 2536 4041 fun-

577 4068 789 4153 gitur,
848 4065 977 4133 hue
1030 4074 1352 4131 venturus
1406 4073 1509 4131 est
1564 4063 1647 4129 ad
1690 4062 2082 4129 tentandum
2123 4060 2402 4139 vadum,
2459 4073 2537 4127 ut

612 4286 743 4348 221.
779 4287 838 4354 1)
876 4287 1062 4341 Prima
1096 4288 1251 4340 aulae
1286 4302 1572 4340 mesereae
1616 4286 1831 4340 cautela
1877 4286 1983 4338 fuit
2026 4292 2089 4338 ut
2134 4285 2387 4339 catholici
2422 4302 2533 4340 non

576 4371 645 4410 eo
680 4356 769 4410 die
806 4356 899 4425 qui
935 4356 1368 4426 protestantibus
1403 4354 1861 4425 praefinitus-suit
1896 4355 1973 4416 (6.
1993 4353 2132 4417 Iun.)
2166 4354 2264 4408 sed
2297 4352 2534 4408 munii

577 4423 665 4478 He
737 4441 873 4478 noae
908 4425 1098 4478 adesse
1133 4425 1466 4488 iuberentur,
1504 4429 1568 4476 ut
1600 4440 1722 4477 cum
1756 4424 1825 4476 iis
1870 4423 1959 4492 egi
2003 4429 2230 4492 ponent
2304 4439 2403 4477 uae
2439 4440 2533 4478 ex-

574 4509 767 4617 pgssnre
812 4492 1141 4547 viderentur.
1225 4492 1512 4557 (Seckend.
1562 4491 1684 4546 111.
1737 4490 1856 4545 270.
1911 4507 2052 4562 seqq.
2144 4490 2190 4545 S
2249 4494 2259 4505 ’
2334 4509 2387 4547 n.
2445 4492 2531 4546 II.

683 4601 697 4614 ’
733 4575 1097 4699 affamina
1128 4630 1315 4685 adde.-
1348 4629 1471 4683 am
1504 4630 1552 4682 is
1586 4629 1656 4682 be
1691 4629 1900 4699 ⁸:0ou
1936 4629 2169 4683 refused.

784 4700 845 4762 3)
879 4699 1040 4753 stood
1073 4701 1131 4753 in
1165 4699 1352 4753 doubt.

782 4765 844 4831 4)
881 4767 1380 4838 Ammon-aienses.

755 4837 1259 4960 amaea?
1269 4837 1355 5025 ξιτ·
1373 4836 1850 4971 amara
1866 4834 2532 4973 {artesae

580 4971 707 5042 Μ
745 4972 1510 5113 ¹6{·.i¹;.2'1⁸3}·3221{1321.10.,
1545 5042 1705 5096 acam
1733 5041 1795 5096 a·
1815 5041 1978 5096 notis.
2001 5069 2064 5081 -
2085 5040 2310 5095 mm
2323 5040 2526 5112 Bayfe,

572 5112 857 5166 wasciaci-
887 5121 938 5166 ec
972 5114 1197 5165 mamre
1229 5111 1324 5166 des
1354 5117 1640 5182 requam,
1678 5109 2000 5180 Hayenoan
2034 5112 2239 5165 misam
2267 5111 2459 5176 fuerat
2488 5124 2529 5163 a
2631 5124 2739 5179 quo

2311 5196 2340 5232 e
2384 5177 2525 5231 ludt-

580 5178 885 5237 stanneum
920 5191 978 5234 ut
1012 5181 1230 5250 utrique
1258 5183 1416 5247 parti
1448 5182 1592 5234 bona
1626 5181 1790 5235 verba
1822 5180 2005 5246 daret,
2054 5186 2145 5234 ut»-
2270 5249 2348 5303 ἀι
2380 5246 2530 5317 m

570 5248 857 5315 neuturus.
930 5249 1039 5303 His
1068 5251 1211 5317 ipsis
1250 5247 1366 5306 Gal.
1403 5249 1591 5304 Iuniis
1617 5250 2117 5318 promulyatumest

566 5316 1228 5375 nammis-haereticos
1263 5317 1435 5385 (ὠά.
1478 5318 1564 5375 Fe
1678 5321 1688 5332 '
1913 5322 1955 5385 ).

2670 577 2863 643 multi
2882 579 3266 646 coniectent.
3331 579 3517 645 Fieri
3558 580 3678 646 vix
3711 585 3930 663 potest
3965 579 4124 662 quin
4163 580 4388 665 magni
4411 589 4626 650 motus

2670 673 2823 730 ante
2877 686 3116 748 paucos
3171 686 3431 731 menses
3485 666 3879 732 excitentur.
3982 665 4208 732 Nostri
4265 666 4511 748 aliquid
4553 690 4625 736 se

2670 761 3102 834 consequutus
3147 772 3289 818 esse
3334 761 3633 835 sperant,
3685 773 3888 834 quum
3945 758 4085 817 tam
4128 752 4351 835 procul
4399 751 4625 819 abesse

2667 857 2890 920 regom
2929 847 3223 903 nostrum
3258 837 3491 903 vident
3524 859 3565 902 a
3603 835 3873 904 Caesare
3907 836 4298 903 adiuvande.
4371 839 4625 922 Anylue

2669 922 2777 988 hic
2820 923 2988 989 silet.
3075 923 3227 989 Non
3271 933 3490 989 tamen
3537 921 3764 989 dubito
3809 922 3971 1006 quin
4012 924 4172 989 alibi
4204 922 4454 1007 aliquid
4490 946 4625 990 mo-

2665 1008 2885 1074 liatur.
2972 1007 3056 1074 In
3101 1010 3360 1094 negotio
3401 1009 3677 1075 Domini
3732 1029 3967 1092 parum
4027 1010 4259 1076 dextre
4314 1031 4385 1076 se
4430 1011 4620 1095 gerit.

2663 1094 2893 1178 Nuper
2935 1096 3157 1161 exusti
3196 1104 3353 1161 sunt
3395 1104 3531 1161 tres
3566 1094 3807 1178 plebeii
3855 1095 4174 1174 homines,
4222 1096 4393 1181 qnod
4428 1095 4622 1163 aliter

2664 1179 2744 1245 de
2787 1181 3182 1247 eucharistia
3223 1181 3401 1264 loqui
3437 1182 3577 1246 ausi
3616 1182 3892 1248 fuissent
3955 1203 4110 1248 uam
4133 1183 4300 1248 ferat
4334 1181 4622 1249 edietum

2661 1266 2936 1351 regium.
3037 1266 3118 1331 Id
3170 1268 3436 1332 omnino
3499 1267 3857 1349 pessimum
3979 1270 4129 1335 abet
4191 1267 4392 1352 quod,
4461 1266 4619 1336 dum

2661 1351 2881 1416 omnia
2936 1353 3060 1419 sibi
3115 1373 3423 1437 arrogare
3478 1361 3545 1417 et
3596 1353 3831 1435 quovis
3874 1353 4068 1419 modo
4112 1355 4194 1421 ad
4239 1377 4309 1421 se
4353 1354 4618 1421 trahere

2660 1437 2898 1515 studet,
2921 1436 2974 1523 ⁷)
3031 1459 3163 1505 non
3208 1439 3488 1504 sustinet
3529 1436 3887 1522 quidquam
3929 1440 4058 1504 nisi
4103 1441 4454 1506 autoritate
4496 1461 4618 1508 sua

2660 1524 3023 1589 suffultum.
3132 1524 3240 1589 Ita
3303 1526 3380 1590 fit
3445 1532 3522 1589 ut
3579 1524 3888 1590 Christus
3942 1524 4110 1590 nihil
4153 1526 4282 1593 illis
4343 1525 4469 1590 nisi
4530 1548 4613 1592 ex

2657 1610 2832 1692 regis
2885 1617 3055 1675 nutu
3100 1610 3331 1676 valeat.
3432 1608 3763 1678 Dominus
3808 1610 3982 1677 hanc
4023 1614 4465 1697 arrogantiam
4512 1612 4613 1678 in-

2658 1695 2829 1779 signi
2875 1695 3093 1779 aliqua
3135 1716 3350 1778 poena
3391 1694 3768 1761 vindicabit.
3860 1696 4195 1780 Scriptum
4241 1698 4614 1782 principum

2656 1802 2790 1845 non
2833 1782 2974 1847 sine
3017 1803 3217 1847 causa
3258 1782 3449 1864 cupio
3494 1781 3712 1849 adhue
3733 1782 3850 1848 abs
3875 1783 4301 1866 tesnpprimi.
4369 1783 4615 1850 Veniet

2656 1866 2840 1933 brevi
2919 1875 3178 1949 tempus
3250 1869 3465 1950 magis
3539 1876 3978 1951 opportunum
4056 1890 4185 1952 quo
4262 1871 4333 1938 in
4397 1869 4612 1936 lueem

2654 1950 2955 2036 prodeat,
3010 1953 3118 2018 vel
3172 1965 3346 2019 certe
3388 1954 3471 2019 iis
3515 1956 4038 2021 communicetur
4079 1975 4360 2039 quornm
4403 1958 4610 2021 iuter-

2654 2045 2773 2103 est.
2863 2038 3095 2121 Nuper
3133 2038 3203 2104 in
3249 2038 3447 2104 simili
3491 2060 3735 2123 genere
3775 2040 4061 2105 multum
4120 2042 4281 2107 mihi
4329 2042 4610 2109 obfuisti.

2653 2124 2801 2190 Non
2880 2125 3059 2188 enim
3138 2124 3366 2191 credas
3443 2132 3765 2208 quantum
3844 2124 4135 2193 invidiae
4212 2125 4610 2213 Erasmusss)

2653 2210 2818 2275 mihi
2888 2210 3276 2277 conflaverit
3334 2210 3447 2275 illo
3491 2232 3611 2277 suo
3673 2211 3870 2278 nimis
3934 2212 4106 2277 futili
4170 2215 4432 2298 scripto,
4499 2213 4611 2279 ubi

2653 2294 2824 2360 dixit
2874 2295 3079 2361 fuisse
3120 2297 3530 2380 Argentinae
3573 2316 3892 2363 excusum
3934 2297 4208 2378 librum,
4250 2301 4318 2366 in
4374 2323 4502 2384 quo
4544 2307 4612 2366 et

2654 2381 2969 2447 Lutherus
3046 2389 3115 2447 et
3182 2382 3707 2466 Argentinenses
3786 2383 4050 2468 egregie
4115 2393 4482 2452 tractentur
4544 2396 4612 2454 et

2652 2477 2873 2532 tamen
2928 2466 3275 2533 Lutherum
3327 2468 3606 2534 salutem
3661 2470 3722 2534 ei
3786 2469 4136 2536 mandasse
4193 2480 4314 2539 etc.
4425 2473 4611 2539 Dum

2652 2552 2800 2618 vult
2853 2553 3139 2636 undique
3193 2552 3435 2636 aliquid
3489 2553 3860 2620 mendicare
3913 2555 4085 2638 quod
4149 2577 4309 2623 suae
4373 2581 4610 2628 causae

2652 2638 3088 2723 suffragetur,
3152 2638 3577 2705 immerentes
3639 2640 3734 2705 ita
3797 2661 4018 2707 secum
4097 2642 4411 2726 implicat.
4515 2647 4608 2712 Et

2650 2746 2807 2791 sane
2862 2725 3071 2791 habeo
3128 2724 3238 2791 hic
3291 2744 3410 2790 cur
3452 2736 3668 2791 tecum
3727 2727 4157 2810 expostulem,
4213 2729 4328 2813 qui
4369 2731 4607 2796 famili-

2650 2830 2830 2875 arem
2888 2810 3265 2894 epistolam,
3318 2832 3486 2895 quae
3539 2812 3608 2876 in
3669 2812 3821 2877 sinu
3867 2820 3978 2878 tuo
4021 2813 4226 2881 latere
4270 2815 4605 2899 debuerat,

2647 2896 2744 2962 ita
2797 2896 3028 2981 vagari
3085 2917 3319 2979 passus
3373 2918 3445 2963 es
3500 2905 3576 2962 ut
3618 2898 3909 2963 Bernam
3973 2920 4182 2983 usque
4222 2902 4602 2970 convolarit.

2819 2981 3011 3049 Nune
3090 2980 3173 3047 ad
3254 2991 3402 3048 tuas
3471 2983 3696 3049 literas
3773 2983 3986 3050 venio.
4097 2984 4249 3051 Non
4329 2988 4607 3074 indigne

2646 3065 2931 3133 tuleram
2988 3067 3160 3151 quod
3207 3068 3587 3134 tabellarius
3643 3090 3831 3135 meus
3884 3070 4027 3136 sine
4087 3071 4295 3138 literis
4360 3075 4477 3140 abs
4536 3083 4605 3141 te

2646 3152 2958 3219 dimissus
3013 3155 3212 3233 soret,
3272 3175 3476 3237 quum
3530 3154 3851 3222 indicaret
3905 3164 3973 3222 te
4024 3157 4096 3221 in
4154 3179 4226 3224 re
4279 3159 4443 3226 adeo
4486 3183 4604 3226 ne-

2644 3239 2928 3304 cessaria
2971 3238 3172 3305 fuisse
3214 3248 3623 3322 occupatum.
3712 3241 3898 3308 Bene
3954 3253 4176 3309 tamen
4231 3244 4389 3311 sacis
4431 3247 4604 3330 qnod

2645 3346 2954 3403 excusas,
3016 3324 3210 3390 modo
3253 3326 3588 3411 intelligas
3642 3327 3739 3392 ita
3795 3327 3959 3393 mihi
4011 3330 4321 3396 satisfieri
4387 3342 4466 3397 ut
4529 3333 4602 3398 in

2727 3419 2978 3476 sterum
3021 3410 3114 3477 sis
3157 3409 3551 3495 diligentior.
3622 3412 3852 3496 Neque
3894 3415 4073 3479 enim
4118 3416 4327 3482 facilis
4359 3439 4474 3484 ero
4517 3415 4602 3485 ad

2641 3495 3114 3581 ignoscendum
3203 3498 3262 3562 si
3339 3494 3599 3579 quando
3679 3500 4058 3566 cessaveris.
4183 3500 4602 3572 franciscum

2639 3582 3042 3666 ignominiae
3082 3603 3284 3649 eausa
3326 3583 3566 3648 dimitti
3608 3606 3742 3650 non
3788 3585 4244 3652 intellexeram
4278 3609 4359 3654 ex
4405 3610 4599 3675 supe-

2642 3667 2920 3734 rioribus
2965 3668 3099 3734 tuis
3142 3668 3368 3735 literis.
3456 3670 3678 3755 Magis
3721 3671 4039 3754 opinabar
4085 3672 4435 3740 honestum
4479 3676 4598 3741 ali-

2640 3774 2834 3838 quem
2877 3761 3293 3836 praetextum
3335 3756 3580 3838 quaeri.
3655 3756 3848 3822 Nunc
3886 3766 4205 3840 quantum
4251 3780 4334 3825 ex
4378 3762 4598 3830 verbis

2640 3841 2775 3906 tuis
2839 3841 3156 3923 suspicari
3222 3840 3406 3919 licet,
3472 3841 3923 3908 insimulatum
3990 3865 4132 3910 esse
4199 3845 4388 3911 video
4453 3848 4596 3916 eius

2639 3926 2952 4004 criminis,
2997 3946 3039 3990 a
3080 3947 3206 4009 quo
3249 3933 3427 3992 certo
3471 3949 3826 4011 persuasus
3861 3949 4009 3994 sum
4043 3930 4233 3996 illum
4275 3939 4412 3997 toto
4492 3956 4596 4000 ee-

2638 4020 2780 4077 tore
2823 4032 3084 4095 semper
3117 4012 3557 4079 abhorruisse.
3629 4014 3905 4080 Utinam
3942 4016 4293 4099 aliquando
4329 3955 4596 4086 tangam

2638 4097 2747 4164 hic
2791 4107 2856 4163 te
2901 4097 3146 4163 habere
3187 4099 3530 4180 possimus,
3571 4119 3700 4182 quo
3745 4100 3905 4167 haee
3949 4102 4171 4167 omnia
4213 4123 4296 4167 ex
4332 4123 4446 4170 ore
4479 4113 4595 4173 tuo

2643 4182 2865 4265 Capito
2922 4194 2989 4249 et
3052 4182 3346 4249 Buoerus
3409 4184 3696 4250 audiant.
3807 4187 4036 4253 Minus
4114 4187 4288 4253 enim
4369 4210 4448 4255 ae
4491 4192 4593 4259 uis

2637 4269 2906 4335 auribus
2963 4268 3227 4335 videtur
3279 4268 3575 4336 Bucen-as
3626 4272 3918 4355 accipere
3971 4294 4137 4356 quae
4192 4272 4351 4340 dico.
4449 4213 4593 4344 ἒεά

2636 4375 2870 4420 vereor
2912 4376 3016 4432 ne,
3061 4356 3121 4420 si
3164 4364 3550 4439 exspectare
3595 4356 3759 4424 velis
3813 4378 3992 4424 meas
4032 4359 4321 4440 nuptias,
4341 4363 4398 4436 ⁹)
4443 4382 4590 4432 sero

2634 4448 2956 4507 venturus
2996 4442 3104 4507 sis.
3196 4438 3503 4506 Nondum
3544 4444 3816 4508 inventa
3859 4457 3960 4508 est
4002 4464 4200 4522 uxor,
4252 4457 4321 4511 et
4363 4445 4590 4514 dubito

2635 4548 2723 4593 an
2767 4548 3082 4610 quaerere
3125 4526 3410 4610 amplius
3452 4526 3742 4594 debeam.
3829 4527 4060 4612 Nuper
4094 4530 4258 4595 mihi
4300 4532 4587 4615 puellam

2636 4612 3196 4696 desponsaverant
3263 4611 3573 4679 &audias
3639 4623 3700 4678 et
3773 4613 3975 4680 frater
4030 4635 4228 4682 meus.
4342 4617 4589 4688 Triduo

2634 4710 2979 4783 postquam
3036 4699 3395 4778 redierant,
3452 4697 3671 4764 delata
3732 4708 3890 4764 sunt
3951 4700 4032 4765 ad
4099 4722 4207 4765 me
4269 4705 4591 4771 nonnulla

2840 4969 2898 5036 7)
2938 4971 3170 5024 without
3204 4971 3367 5039 being
3400 4973 3718 5041 scrupulous
3751 4989 3812 5026 as
3851 4981 3909 5027 to
3944 4973 4039 5029 the
4072 4991 4274 5030 moeus.

2835 5037 2896 5103 8)
2939 5038 3186 5093 Ritlerus
3234 5039 3557 5106 Ber-nensis,
3603 5041 3664 5092 in
3711 5042 3869 5095 cuius
3912 5055 4112 5098 manus
4143 5045 4356 5114 incidit,
4403 5048 4583 5102 mocio

2771 5107 2946 5175 modo,
2985 5106 3208 5162 Caluini
3235 5122 3317 5175 ep.
3353 5108 3431 5161 acl
3469 5108 3744 5163 Fan-ollam·
3779 5109 3929 5165 data.
3986 5111 4243 5181 Epistola
4276 5115 4410 5170 haec
4440 5116 4584 5170 aaut

2632 5179 2749 5233 alia
2784 5176 3002 5230 Farelli
3034 5177 3113 5230 ad
3150 5174 3205 5229 Ο.
3243 5179 3310 5231 de
3340 5193 3451 5245 qua
3486 5193 3627 5242 mox,
3664 5177 4067 5238 demsterus-tur.

2837 5243 2898 5305 9)
2933 5243 2960 5297 1
2993 5245 3111 5298 sear
3142 5244 3266 5297 that
3298 5245 3347 5297 ir
3373 5262 3481 5315 you
3515 5247 3706 5300 intend
3741 5253 3800 5302 to
3835 5250 3904 5303 be
3931 5249 4066 5304 with
4099 5266 4187 5305 me
4219 5267 4290 5305 on
4313 5268 4350 5306 ι
4370 5255 4579 5307 certain

2629 5319 2795 5369 event
2826 5313 3019 5383 taking
3061 5313 3230 5382 place,
3264 5312 3389 5366 that
3421 5330 3531 5384 you
3564 5332 3691 5386 may
3725 5316 3865 5372 have
3898 5334 4051 5373 come
4086 5325 4180 5374 too
4213 5319 4339 5375 late.
4373 5322 4445 5388 (l)
