5050 6167
691 437 807 501 171
2233 432 2759 513 EPIS'POLAE
2802 437 3144 501 287—290
4572 444 4647 505 17
4653 445 4694 506 2

1587 620 1733 690 287.

1195 760 1629 828 FERAEUS
1674 757 2137 827 FARELLO.

862 932 1262 999 Transmittit
1327 937 1454 998 tres
1514 932 1808 1013 proxime
1850 932 2287 1012 praecedentes
2341 932 2635 1015 epistolas

702 1016 897 1085 Ulmo
918 1020 1406 1104 Aryentoratum
1446 1017 1706 1098 delatae,
1750 1021 1807 1083 et
1847 1019 2105 1083 nunciat
2129 1016 2460 1083 Calvinum
2496 1018 2634 1085 iam

685 1106 757 1169 in
799 1107 1070 1173 reditum
1099 1104 1500 1187 propendere.

685 1277 989 1346 (Impressa
1009 1275 1213 1332 Genev.
1249 1292 1303 1346 p.
1340 1273 1421 1341 26,
1459 1276 1618 1329 Laus.
1656 1292 1708 1345 p.
1742 1272 1827 1339 55,
1865 1273 2075 1328 Hanov.
2112 1291 2170 1344 p.
2209 1273 2292 1339 61,
2330 1274 2540 1330 Ghouet
2574 1293 2631 1346 p.

1377 1343 1463 1411 31,
1501 1345 1680 1398 Amat.
1713 1360 1768 1414 p.
1804 1343 1915 1411 15.)

854 1534 1276 1600 Profecturus
1329 1532 1765 1599 Ratisbonam
1810 1532 2111 1599 Calvinus
2158 1532 2321 1597 mihi
2374 1532 2633 1598 iniuxe-

684 1628 805 1699 rat,
852 1627 929 1684 ut
971 1619 1055 1685 ad
1097 1626 1177 1685 te·
1208 1618 1545 1705 (quoniam
1580 1628 1721 1685 tum
1764 1619 1827 1683 ei
1869 1640 2002 1684 non
2035 1619 2342 1693 vacabat)
2389 1617 2470 1684 de
2512 1638 2632 1683 ne-

686 1707 863 1793 gotio
917 1705 1342 1772 Gebennensi
1401 1706 1777 1771 scriberem:
1837 1712 2033 1789 atque
2088 1704 2201 1769 ille
2253 1702 2417 1768 mihi
2476 1726 2631 1770 con-

678 1802 937 1875 ceptam
979 1791 1308 1875 quandam
1344 1793 1713 1876 argumenti
1763 1790 2116 1857 formulam
2157 1790 2420 1855 illorum
2464 1811 2632 1873 quae

685 1878 805 1945 tibi
863 1878 1058 1944 scribi
1110 1877 1375 1943 volebat
1391 1928 1405 1954 ,
1463 1877 1846 1960 reliquerat:
1913 1896 2079 1961 quae
2146 1875 2303 1942 dum
2358 1877 2630 1960 exsequi

682 1964 1016 2043 volebam,
1066 1984 1214 2029 0000
1273 1963 1659 2028 adferuntur
1702 1984 1788 2028 ex
1831 1962 1943 2028 illo
1983 1962 2241 2041 literae,
2298 1983 2461 2045 quas
2515 1961 2630 2027 ille

682 2050 921 2117 Ulmae
964 2050 1327 2133 scripserat.
1425 2049 1617 2114 Misit
1658 2048 1839 2114 haud
1883 2048 2259 2133 obsignatas
2302 2058 2495 2130 atque
2537 2048 2632 2112 ita

682 2136 862 2200 mitti
885 2135 967 2201 ad
990 2144 1054 2200 te
1078 2134 1287 2213 iussit,
1309 2145 1576 2219 propter
1596 2134 1747 2200 illas
1769 2134 1854 2199 ad
1878 2133 2304 2213 Ber-nardum,
2350 2154 2629 2217 quarum

677 2219 1016 2304 exemplar
1056 2221 1175 2287 tibi
1229 2220 1424 2287 scribi
1479 2219 1706 2286 voluit.
1806 2220 1968 2285 Illas
2020 2220 2225 2304 igitur
2267 2220 2361 2285 sic
2403 2240 2630 2284 omnes

677 2308 888 2372 mitto.
976 2307 1086 2372 Ex
1127 2306 1259 2371 illis
1300 2309 1548 2390 poteris
1582 2308 1740 2372 satis
1775 2306 2145 2391 intelligere
2188 2304 2343 2387 quid
2388 2306 2628 2370 consti-

676 2393 909 2458 tuerit:
970 2413 1172 2475 quare
1226 2414 1359 2458 11011
1413 2413 1579 2475 opus
1624 2400 1725 2458 est
1778 2393 1973 2457 toties
2016 2398 2339 2475 repetere:
2368 2393 2418 2468 ¹)
2462 2389 2631 2455 nihil

677 2479 859 2545 enim
899 2476 1078 2543 aliud
1138 2478 1301 2543 mihi
1346 2476 1696 2544 mandarat
1748 2476 2196 2555 scribendum,
2252 2482 2515 2560 praeter
2557 2476 2628 2542 id

675 2563 851 2649 quod
904 2585 991 2629 ex
1044 2563 1222 2629 illius
1276 2563 1358 2629 ad
1413 2572 1482 2630 te
1540 2572 1608 2628 et
1664 2563 1946 2629 Viretum
2002 2563 2207 2629 literis
2261 2582 2627 2647 cognosces,

678 2672 748 2717 se
793 2649 1042 2717 scilicet
1094 2657 1241 2734 post
1295 2670 1490 2715 suum
1542 2648 1828 2714 reditum
1874 2670 2009 2714 una
2063 2668 2213 2714 cum
2256 2647 2502 2713 Bueero
2545 2647 2629 2713 ad

678 2757 796 2802 vos
839 2744 1192 2801 venturum
1207 2788 1223 2815 ,
1280 2756 1480 2820 seque
1522 2736 1848 2801 facturum
1891 2734 2060 2818 quod
2103 2755 2140 2799 e
2182 2756 2255 2799 re
2298 2733 2480 2800 illius
2523 2755 2628 2801 00-

675 2822 913 2889 clesiae
956 2823 1143 2888 vobis
1185 2823 1488 2888 omnibus
1544 2819 1887 2887 videbitur.
1976 2818 2200 2901 Quare
2245 2828 2318 2884 tu
2358 2821 2628 2886 interim

675 2929 785 2973 res
820 2929 1047 2973 omnes
1081 2928 1261 2987 cura,
1297 2918 1376 2973 ut
1410 2915 1586 2984 certo
1621 2918 2033 2989 exspectasse
2069 2914 2134 2971 te
2169 2905 2282 2970 ubi
2320 2903 2629 2974 adveniet

677 2994 1055 3077 comperiat.
1145 2993 1322 3059 Illud
1382 2993 1648 3058 interim
1692 2991 1948 3071 addam,
1994 2990 2167 3075 quod
2208 2999 2358 3077 post
2400 3012 2626 3076 accep-

675 3090 777 3146 tas
812 3089 962 3145 tuas
995 3088 1362 3163 postremas
1396 3080 1638 3159 literas,
1662 3079 1722 3160 ²)
1765 3080 2030 3144 omnino
2075 3079 2408 3163 suscipere
2441 3078 2627 3143 illam

671 3165 1079 3248 provinciam
1130 3165 1562 3232 constituerit.
1664 3164 1967 3231 Antehac
2031 3164 2209 3229 enim
2274 3165 2425 3231 licet
2491 3186 2626 3230 11011

674 3259 901 3333 aperte
953 3272 1029 3316 ac
1082 3250 1276 3334 plane
1320 3250 1788 3329 reluctaretur,
1842 3250 2193 3317 videbatur
2244 3258 2464 3316 tamen
2519 3250 2625 3315 111-

672 3336 919 3402 clinare
961 3337 1179 3420 potius
1220 3337 1292 3402 in
1337 3337 1532 3403 aliam
1578 3338 2000 3401 sententiam:
2057 3357 2294 3401 verum
2348 3345 2501 3402 tuae
2542 3336 2625 3400 li-

671 3429 852 3487 terae
908 3422 1179 3489 omnino
1236 3424 1306 3487 in
1362 3422 1535 3488 hanc
1587 3430 1880 3487 nostram
1933 3422 2333 3488 sententiam
2387 3423 2624 3488 confir-

672 3514 970 3573 marunt:
1029 3509 1102 3572 in
1144 3508 1273 3574 illis
1324 3510 1498 3574 enim
1540 3507 1818 3574 Periclis
1862 3508 2151 3574 tonitrua
2192 3508 2354 3572 mihi
2397 3506 2652 3581 audire,

671 3592 965 3661 videbar.
1056 3593 1376 3661 Gratulor
1417 3594 1639 3679 itaque
1682 3594 1801 3660 tibi
1845 3593 1926 3660 ob
1968 3592 2155 3659 illam
2197 3601 2379 3659 tuam
2421 3593 2623 3660 vehe-

670 3679 1022 3758 mentiam,
1080 3702 1213 3764 qua
1255 3680 1528 3747 effecisti
1582 3679 1753 3763 quod
1796 3680 2220 3746 vehementer
2262 3680 2622 3762 cupiebam,

671 3766 963 3849 utileque
1039 3768 1163 3832 toti
1239 3765 1634 3850 reipublicae
1710 3765 2104 3831 christianae
2177 3764 2620 3849 providebam.

669 3850 862 3929 Vale,
903 3852 1006 3916 tui
1041 3852 1274 3918 Feraei
1313 3854 1387 3917 in
1428 3851 1830 3918 orationibus
1874 3853 2004 3919 tuis
2046 3872 2314 3918 memor.
2378 3851 2623 3918 Nostra

670 3942 813 4088 tfita
887 3937 1140 4004 familia
1202 3946 1270 4004 te
1346 3937 1607 4005 salvum
1679 3939 1875 4020 cupit.
1995 3938 2404 4023 Argentinae
2481 3939 2617 4023 viij.

1556 4107 1734 4175 Tuus
1778 4107 2095 4175 Olaudius
2138 4110 2444 4176 Feraeus.

1574 4552 1719 4621 288.

1155 4689 1627 4757 GALVINUS
1672 4689 2133 4758 FARELLO.

847 4861 1256 4929 Ratisbonam
1299 4862 1588 4929 advectus
1623 4868 1714 4928 est
1753 4864 1918 4929 satis
1959 4865 2031 4930 in
2071 4868 2339 4946 tempore
2353 4910 2371 4939 ‚
2428 4863 2617 4930 nihil-

671 4916 2670 5055 dummiminehoatum‚nequeomnesadsuntquiex-j

676 5038 1042 5116 spectantur.

2665 5182 2669 5225 3
2721 5154 2812 5207 Π.
2853 5154 2964 5207 161.
3037 5154 3126 5208 De
3160 5158 3389 5211 caeteris
3437 5156 3563 5211 mae

2745 621 2897 693 (Ipsa
2971 623 3150 677 uidem
3170 622 3384 678 08111111
3418 642 3448 678 0
3487 625 3650 679 istola
3683 625 3741 680 in
3775 643 3874 680 sua
3897 627 4211 682 authentica
4244 627 4418 683 forma
4451 646 4559 684 non
4596 646 4691 683 ex·

2740 697 2865 745 stat.
2979 692 3047 745 cd
3083 692 3283 761 legitur
3333 695 3390 746 in
3546 697 3623 748 ’00
3668 696 3727 749 F.
3761 693 3836 748 80
3876 696 4008 749 olim
4053 697 4192 766 Epp.
4242 696 4397 752 Tem.
4435 697 4598 753 XLV.
4677 740 4689 750 .

2742 759 2844 814 119
2881 779 2930 816 v.
2964 761 3105 815 Bibl.
3141 761 3295 815 civio.
3331 762 3512 816 Turio.
3547 763 3691 817 unde
3727 764 3895 817 etiam
3929 765 4122 819 habuit
4156 765 4419 820 Simlerus
4457 767 4581 821 Vol.

3016 838 3334 900 excerptum
3367 847 3602 902 sequens
3636 833 3875 903 Myconii
3908 850 4073 888 manu
4105 834 4413 904 scriptum.)

2803 1017 2911 1082 Ex
2954 1017 3167 1084 literis
3215 1019 3480 1085 calvini
3521 1021 3605 1086 ad
3649 1020 4006 1102 Farcllum,
4053 1020 4158 1088 die
4200 1025 4289 1107 xj.
4341 1023 4590 1090 Martii.

2910 1152 3116 1220 Sexto
3161 1155 3425 1222 demum
3480 1156 3586 1223 die
3640 1167 3988 1241 postquam
4030 1159 4231 1225 Ulma
4283 1160 4687 1229 solveramus

2738 1238 2869 1306 huc
2933 1240 3323 1323 adpulimus.
3353 1245 3402 1320 ¹)
3520 1243 3800 1309 Tardior
3876 1243 4068 1311 biduo
4144 1244 4273 1310 fuit
4347 1247 4687 1333 navigatio

2737 1333 3009 1408 propter
3074 1327 3416 1393 adversam
3481 1336 3956 1413 tempestatem.
4057 1330 4384 1397 Venimus
4461 1340 4688 1399 tamen

2739 1412 2900 1477 satis
2956 1412 3029 1476 in
3093 1422 3400 1495 tempore.
3522 1414 3706 1481 Nulli
3768 1416 4100 1500 principes
4163 1417 4379 1484 adhuc
4444 1417 4687 1485 adsunt

2736 1505 2997 1580 praeter
3040 1496 3336 1564 Bavares
3392 1500 3629 1568 fratres
3672 1509 3740 1567 et
3782 1501 4196 1569 Heinriehum
4236 1503 4684 1571 Brunsvicen-

2737 1603 2893 1648 sem.
2961 1583 3135 1648 Nam
3194 1584 3767 1670 Winemberyensis
3804 1588 4024 1653 iunior
4066 1596 4133 1654 et
4175 1589 4474 1655 Azbertus
4506 1611 4684 1657 mar-

2737 1666 2884 1735 chio
2906 1668 3248 1749 Badeusis,
3293 1672 3450 1755 quia
3490 1694 3530 1737 a
3558 1673 3873 1740 Gulielmo
3893 1674 4154 1741 Bavaro
4197 1684 4357 1741 sunt
4397 1674 4681 1757 adducti,

2734 1754 2806 1818 in
2848 1755 3172 1837 capitibus
3218 1778 3350 1821 non
3405 1768 3774 1824 censentur.
3865 1757 4199 1827 Caesarem
4241 1762 4519 1843 pessime
4562 1763 4683 1829 ha-

2733 1838 2846 1904 bet
2888 1840 3062 1924 quod
3105 1842 3214 1906 alii
3258 1852 3398 1908 tam
3449 1843 3564 1909 diu
3606 1843 3940 1910 differunt.
4032 1842 4259 1926 Quum
4300 1848 4683 1932 Moguntini

2734 1945 2988 1991 moram
3029 1926 3232 2011 legati
3270 1944 3674 2009 excusarent,
3719 1930 3890 2014 quod
3934 1952 4140 1997 senex
4181 1939 4249 1997 et
4290 1933 4681 2019 podagricus

2733 2019 2802 2076 et
2833 2011 2906 2077 in
2950 2011 3201 2081 duobus
3234 2013 3708 2099 episcopatibus
3741 2016 4126 2083 ordinandis
4164 2027 4511 2103 occupatus
4548 2040 4680 2087 non

2730 2097 2825 2161 ita
2866 2106 3088 2181 posset
3128 2100 3468 2180 festinare,
3527 2101 3892 2186 respondit,
3945 2102 4050 2168 his
4104 2104 4319 2170 causis
4373 2125 4508 2171 non
4565 2104 4681 2171 de-

2731 2183 2950 2250 buisse
2992 2185 3298 2267 impediri
3339 2188 3599 2270 imperii
3642 2188 4127 2268 cancellarium,
4171 2211 4368 2273 quem
4412 2212 4496 2257 ex
4536 2191 4679 2259 offi-

2732 2270 2832 2336 cio
2875 2269 3134 2336 deceret
3188 2272 3349 2338 alios
3398 2294 3626 2343 01111108
3678 2283 4117 2355 antevertere,
4177 2297 4382 2360 quum
4423 2277 4682 2344 videret

2740 2353 3088 2436 Gaesarem,
3132 2357 3424 2442 podagra
3465 2380 3717 2443 quoque
3761 2361 4181 2439 laborantem,
4227 2361 4472 2428 relictis
4514 2362 4680 2429 duo·

2732 2441 2854 2508 bus
2889 2444 3110 2527 regnis
3151 2444 3584 2510 nihilominus
3629 2466 3979 2529 properare
3996 2497 4013 2527 ,
4065 2469 4151 2513 ne
4203 2448 4276 2513 111
4317 2448 4515 2515 rebus
4554 2450 4680 2515 im-

2732 2527 2898 2611 perii
2942 2529 3381 2613 negligentior
3424 2553 3567 2597 0880
3611 2531 3962 2600 videretur.
4031 2531 4231 2616 Apud
4276 2533 4682 2601 Friderioum

2731 2612 3114 2680 Palatinum
3189 2636 3433 2700 magna
3517 2618 3932 2684 contentione
4007 2619 4252 2684 institit
4328 2628 4406 2685 ut
4481 2642 4681 2706 quam

2730 2701 3018 2767 maxime
3071 2701 3444 2781 festinaret,
3513 2722 3590 2769 ac
3646 2703 4006 2786 hospitium
4059 2726 4181 2771 suo
4238 2706 4680 2791 propinquum

2730 2785 2829 2850 illi
2866 2786 3180 2866 attribuit,
3225 2809 3351 2871 (1110
3385 2789 3595 2871 possit
3629 2788 4032 2855 commodius
4069 2790 4154 2855 ad
4188 2811 4259 2856 80
4293 2810 4675 2858 commeare.

2731 2871 2801 2936 Is
2847 2871 2971 2937 hoc
3014 2875 3271 2957 vesperi
3314 2874 3651 2958 ingressus
3695 2883 3797 2940 est
3837 2873 4084 2940 urbem.
4145 2876 4440 2943 Marchio
4462 2876 4679 2943 Bran-

2731 2957 3176 3041 denburqensis
3218 2981 3288 3025 se
3331 2961 3711 3026 adfuturum
3753 2960 3884 3026 huc
3918 2962 4191 3044 scripsit.
4258 2962 4364 3028 De
4405 2963 4678 3047 reliquis

2731 3042 3118 3110 electoribus
3153 3044 3323 3110 nihil
3359 3045 3572 3113 adhuc
3607 3047 3784 3113 certi.
4139 3048 4325 3114 avius
4365 3049 4676 3132 quemad-

2730 3128 2999 3195 modum
3044 3152 3129 3196 ex
3172 3131 3315 3197 01118
3347 3131 3558 3198 literis
3602 3141 3703 3198 est
3744 3131 4169 3213 intellectum,
4216 3155 4359 3200 cras
4402 3135 4530 3200 iter
4573 3135 4676 3200 in-

2731 3214 3082 3300 gredietur.
3176 3215 3411 3284 Caesar
3462 3239 3593 3284 non
3650 3218 3792 3285 sine
3843 3218 4294 3303 indignatione
4360 3219 4557 3299 dixit,
4619 3221 4679 3287 si

2729 3301 3058 3385 principes
3105 3311 3540 3386 protestantes
3596 3303 3899 3371 adessent
3952 3304 4076 3370 sibi
4120 3305 4395 3371 aliorum
4443 3307 4676 3374 absen-

2730 3388 2892 3452 tiam
2933 3408 3154 3453 morae
3196 3411 3333 3455 11011
3372 3391 3527 3471 fore,
3585 3391 3745 3474 quin
3786 3391 4089 3474 protinus
4112 3389 4194 3456 de
4213 3391 4528 3477 religione
4570 3393 4674 3458 111-

2729 3474 3031 3539 stitueret
3073 3475 3415 3542 actionem.
3503 3476 3603 3541 Ac
3646 3498 3774 3558 quo
3827 3498 3896 3542 se
3940 3475 4329 3560 adprobaret
4370 3499 4502 3543 non
4544 3478 4675 3543 ini-

2707 3580 2931 3645 -quum
2995 3581 3138 3626 esse
3203 3561 3475 3638 nostris,
3541 3560 3715 3645 quod
3775 3564 3846 3627 in
3900 3583 4096 3628 causa
4152 3562 4673 3629 Goslariensium

2729 3645 3223 3728 postulaverant
3243 3645 3417 3730 apud
3438 3646 3854 3713 Heinriehum
3873 3649 4147 3714 curavit.
4187 3647 4450 3715 Deinde
4471 3671 4676 3733 quum

2729 3731 3019 3797 audisset
3059 3752 3309 3798 novum
3352 3732 3644 3799 libellum
3688 3735 3769 3799 ab
3813 3734 3954 3817 ipso
3978 3733 4317 3802 Heinrieho
4357 3736 4674 3819 composi-

2728 3826 2874 3881 tum
2918 3816 3235 3883 adversus
3279 3828 3535 3885 nostros
3568 3819 3900 3903 principes
3941 3819 4215 3902 plenum
4250 3822 4673 3887 atrocissimis

2724 3903 3304 3982 criminationibus,
3353 3906 3561 3969 vetuit
3599 3905 3814 3987 ipsum
3847 3903 4184 3988 publicari.
4275 3903 4497 3987 Quum
4538 3905 4674 3972 Βα-

2723 3989 2869 4054 vari
2910 3995 2978 4054 et
3018 3989 3157 4072 ipse
3212 3996 3510 4072 peterent
3566 4000 3640 4054 ut
3683 3989 3956 4055 Heldum
3977 3994 4036 4070 2)
4091 4000 4479 4072 accerseret,
4539 4013 4670 4077 quo

2724 4075 3044 4140 haberent
3093 4074 3401 4140 idoneum
3444 4074 3621 4159 apud
3677 4076 3898 4158 ipsum
3953 4077 4413 4161 interpretem,
4468 4099 4672 4161 quum

2723 4181 2847 4226 nec
2911 4160 3252 4225 Granvella
3309 4182 3426 4227 1100
3475 4160 3803 4228 Pratensis
3856 4182 3931 4227 eo
3981 4184 4254 4229 munero
4307 4163 4492 4248 fungi
4551 4184 4670 4229 va-

2724 4246 2884 4325 lent,
2929 4245 3296 4328 respondit,
3356 4247 3602 4329 petenti
3659 4246 3882 4312 datam
3935 4269 4079 4314 0880
4138 4249 4542 4315 missionem:
4599 4270 4670 4314 80

2722 4331 3103 4415 permittere
3157 4338 3234 4397 ut
3285 4332 3595 4399 beneficio
3658 4355 3775 4399 suo
3831 4334 4107 4399 fruatur.
4198 4333 4422 4416 Quum
4478 4356 4668 4420 roga-

2724 4422 2874 4482 rent
2916 4438 3138 4482 annon
3182 4416 3280 4482 illi
3323 4418 3654 4503 ingratum
3697 4419 3993 4485 futurum
4050 4427 4223 4486 esset
4277 4421 4333 4486 si
4376 4442 4493 4486 suo
4537 4420 4670 4504 ipsi

2757 4669 2891 4731 288.
2934 4672 2987 4737 1)
3027 4671 3096 4728 Si
3122 4674 3299 4742 plara
3333 4674 3614 4729 desideras
3648 4674 3715 4729 de
3749 4673 3987 4729 comitiis
4022 4691 4066 4728 8.
4103 4674 4666 4744 colloquiisRatisbo-

2721 4740 2985 4795 nasibus
3100 4744 3924 4798 aeterActaanobisedita
3975 4745 4122 4798 Tem.
4179 4745 4245 4799 V.
4307 4744 4671 4814 oppedam

2724 4808 2892 4878 Gorp.
3041 4850 3056 4863 .
3189 4851 3203 4865 .
3232 4828 3297 4881 p.
3339 4813 3437 4865 119
3472 4828 3581 4880 seq.
3650 4813 3939 4882 Herqanq,
3978 4813 4082 4867 das
4116 4812 4238 4868 13⁶1.
4275 4814 4563 4883 Goepracln
4594 4832 4671 4871 εκ

2724 4877 2797 4932 R.
2835 4878 3023 4933 Caesel
3061 4880 3210 4934 1858.
3263 4881 3641 4949 Marhm'meke,
3679 4882 3934 4936 deuwehe
3957 4881 4082 4950 Res.
4101 4882 4211 4937 IV.
4234 4883 4393 4937 652³.
4447 4882 4667 4952 Banke,

2720 4947 2974 5002 deutsche
3009 4948 3201 5003 Geso-12.
3236 4949 3348 5003 IV.
3387 4950 3479 5004 161
3517 4950 3575 5016 ff.
3647 4951 3846 5005 Eiusd.
3885 4955 4019 5006 νότπ.
4058 4951 4268 5020 Pdpete
4301 4953 4355 5006 I.
4395 4952 4510 5006 151.

2927 5018 2986 5083 2)
3019 5016 3107 5070 De
3153 5018 3403 5072 Matthia
3447 5018 3680 5086 Heldio,
3757 5021 4196 5087 ‘rocanoellarim
4280 5022 4672 5078 retentantem

2722 5084 3100 5152 mestissime,
3149 5087 3273 5141 vide
3315 5088 3461 5156 Opp.
3485 5089 3651 5167 ,Τοηι
3694 5042 3756 5142 VI
3788 5104 3852 5157 p.
3888 5089 3990 5143 497
4026 5040 4278 5158 &4503
4309 5105 4416 5158 seq.
4499 5090 4668 5145 810ίά

3607 5173 3787 5226 supra
3835 5158 4092 5214 laudatos
4124 5159 4310 5215 ebroe.
4381 5158 4468 5225 Cf.
4503 5165 4671 5215 anan

705 5219 836 5281 287.
874 5222 932 5284 1)
968 5220 1129 5276 Haec
1164 5226 1431 5291 corrupta
1463 5223 1528 5277 in
1562 5219 1683 5275 edd.
1719 5220 2009 5288 loquutur.-
2046 5230 2232 5274 nostro
2260 5240 2293 5275 0
2333 5226 2613 5277 usonem.
2665 5228 2670 5249 ⁸
2720 5221 3123 5290 Kampsclmlte
3168 5226 3222 5279 I.
3276 5226 3379 5279 334
3423 5232 3476 5279 et
3522 5225 3673 5280 Cale.
3728 5226 3871 5296 Opp.
3926 5227 3990 5281 V.
4039 5228 4158 5281 659.
4241 5227 4330 5282 De
4367 5227 4670 5285 Granveua

875 5292 930 5350 2)
969 5290 1054 5357 Gt.
1092 5290 1172 5346 N.
1212 5291 1312 5344 2286
1346 5296 1459 5344 not.
1495 5291 1545 5343 2.
1618 5288 1731 5343 Hie
1776 5288 2107 5355 conferma
2144 5289 2227 5344 Pr
2318 5289 2435 5345 atio
2485 5290 2612 5345 Gal-
2663 5294 2670 5393 ι
2718 5307 2833 5345 non
2867 5297 2947 5345 est
2981 5292 3128 5360 quod
3161 5294 3214 5347 h.
3251 5294 3286 5347 l.
3308 5294 3587 5373 'dieamus
3672 5295 3862 5349 Adeas
3897 5294 4213 5365 Rankiwm,
4265 5296 4513 5353 Famem
4547 5299 4669 5353 und

671 5359 794 5413 vini
828 5358 1225 5414 Commentario
1259 5360 1321 5413 in
1357 5359 1609 5413 Psalmos
1637 5359 1914 5427 praefixa.

2728 5360 2923 5415 voster
2952 5378 3009 5430 P.
3049 5361 3166 5415 149.
3239 5363 3440 5418 Μ.
3483 5363 3756 5420 Dauum
3789 5363 3916 5433 Bet.
3961 5364 4026 5441 v.
4061 5364 4147 5419 se.
