5050 6167
604 407 688 467 39
2158 395 2686 465 EPIS'I'OLAE
2733 400 3073 463 218—219
3792 415 3796 420 '
4541 405 4627 467 40

608 589 913 674 linguam
950 609 1069 655 nec
1111 588 1552 672 germanicam
1598 594 1798 666 tenet,
1843 586 2063 652 visum
2106 595 2210 650 est
2249 584 2383 650 illis
2427 584 2567 668 gal-

610 675 736 742 lice
778 675 1089 758 scriptam
1133 675 1411 740 mittere.
1500 673 1698 738 Mitto
1755 679 1975 737 autem
2022 691 2099 736 ea
2141 671 2285 754 lege
2327 690 2413 734 ne
2456 691 2570 753 pa-

615 761 751 826 lam
817 760 932 827 abs
997 767 1064 824 te
1140 760 1501 843 evulgetur.
1611 759 1763 823 Duo
1829 763 2089 822 tantum
2167 756 2568 838 exemplaria

614 853 875 930 praeter
929 845 1052 911 hoc
1109 843 1281 928 quod
1339 845 1614 927 accipies
1675 844 1999 926 descripta
2058 849 2230 919 sunt,
2289 862 2565 922 quorum

603 932 885 998 alterum
929 931 1011 996 ad
1041 929 1372 997 Caesarem
1414 931 1796 1013 perferetur,
1842 929 2124 993 alterum
2145 928 2230 992 D.
2270 926 2568 993 Ulrichus

616 1016 1016 1084 Solodurum
1060 1017 1214 1081 tulit
1256 1025 1334 1080 ut
1361 1037 1479 1099 per
1514 1016 1715 1099 legati
1758 1035 1995 1080 manus
2039 1012 2122 1078 ad
2149 1012 2381 1096 Reyem
2414 1034 2564 1095 per-

609 1104 849 1170 veniat.
939 1102 1165 1167 Velim
1220 1102 1425 1186 igitur
1480 1108 1556 1166 ut
1606 1122 1753 1165 cum
1810 1099 2037 1184 paucis
2094 1099 2563 1163 communices:

610 1187 888 1255 describi
930 1209 1089 1253 vero
1130 1209 1215 1253 ne
1251 1187 1388 1252 ullo
1422 1186 1618 1252 modo
1654 1187 1851 1265 sinas,
1896 1193 1961 1250 te
1996 1204 2409 1266 summopere
2449 1185 2563 1250 ob-

610 1283 837 1340 testor.
904 1274 1034 1339 Hic
1077 1294 1271 1356 porro
1316 1274 1609 1338 omnium
1655 1273 1913 1338 animus
1957 1278 2087 1336 est:
2136 1271 2190 1336 si
2235 1269 2563 1335 lacessan-

613 1367 744 1439 tur,
782 1361 1003 1426 statim
1049 1359 1308 1425 obviam
1367 1359 1654 1425 eundum
1699 1379 1873 1437 esse,
1929 1376 2051 1422 nec
2106 1363 2565 1437 exspectarent

605 1446 739 1511 nisi
785 1446 1178 1511 conscientia
1221 1464 1342 1510 sua
1399 1444 1893 1528 impedirentur.
1982 1442 2194 1507 Nemo
2240 1442 2415 1506 enim
2463 1450 2563 1506 est

607 1533 723 1614 qui
779 1552 911 1596 non
971 1533 1059 1596 sit
1109 1531 1559 1614 paratissimus
1616 1529 1699 1595 ad
1767 1528 1987 1593 omnia
2052 1526 2343 1610 pericula
2408 1527 2559 1593 sub-

609 1617 829 1682 eunda
892 1618 1107 1700 potius
1173 1637 1369 1699 quam
1439 1624 1513 1680 ut
1576 1617 1689 1680 via
1733 1614 1997 1680 Christo
2064 1612 2556 1696 praecludatur:

607 1708 869 1768 tantum
917 1703 1099 1767 abest
1142 1713 1214 1766 ut
1258 1703 1429 1767 ferre
1474 1701 1681 1767 velint
1723 1699 2076 1783 quidquam
2121 1700 2179 1764 ei
2226 1698 2443 1763 adimi.

781 1787 1067 1854 Senatus
1125 1787 1231 1853 hic
1286 1789 1483 1852 misso
1546 1787 1762 1870 legato
1818 1784 2193 1868 repudiavit
2245 1783 2559 1849 iudicium

609 1894 925 1939 camerae.
1016 1872 1093 1939 Si
1146 1880 1427 1957 pergant
1471 1893 1619 1938 cum
1660 1874 1797 1937 suis
1839 1871 1973 1936 illis
2015 1868 2323 1935 inanibus
2367 1871 2559 1934 terri-

609 1959 1022 2035 culamentis,
1068 1979 1343 2043 magnos
1387 1967 1603 2024 motus
1646 1958 2043 2023 excitabunt.
2114 1954 2355 2021 Adhuc
2398 1977 2557 2039 pen-

605 2044 772 2110 dent
813 2046 1295 2111 controversiae
1338 2045 1513 2108 inter
1560 2042 1895 2109 Caesarem
1938 2051 2005 2107 et
2050 2041 2298 2125 Regem.
2323 2043 2377 2125 ⁷)
2455 2042 2558 2106 Ea

602 2137 709 2197 est
768 2152 967 2196 causa
1018 2151 1185 2213 quae
1246 2128 1577 2195 Caesarem
1628 2139 1922 2194 moratur
1986 2149 2069 2193 ne
2124 2128 2426 2210 protinus
2485 2128 2557 2192 in

593 2233 721 2281 nos
790 2216 1286 2299 impressionem
1362 2215 1573 2281 faciat.
1684 2215 1994 2298 Papistae
2067 2233 2226 2278 sane
2291 2221 2559 2278 strenue

599 2300 988 2376 moliuntur,
1027 2323 1176 2366 eum
1213 2302 1356 2366 aliis
1389 2302 1692 2367 omnibus
1728 2300 2008 2383 negotiis
2044 2298 2391 2382 explicare,
2430 2319 2558 2380 quo

596 2407 672 2452 se
733 2385 817 2451 ad
869 2408 991 2452 nos
1046 2387 1450 2471 impetendos
1501 2387 1818 2470 accingat.
1920 2385 2280 2467 Praecipue
2335 2390 2559 2449 autem

596 2471 1112 2550 ansvicensis‚
1151 2473 1261 2555 qni
1291 2472 1642 2538 Gueldrum
1676 2492 1887 2554 nuper
1916 2468 1999 2535 ad
2034 2491 2184 2535 eum
2224 2468 2556 2553 perduxit,

592 2578 727 2642 qno
794 2557 874 2623 de
948 2558 1062 2623 illo
1127 2557 1365 2623 ducatu
1431 2558 1864 2640 paciscantur.
1987 2555 2265 2621 Nostros
2331 2564 2553 2620 autem

599 2643 766 2709 adeo
810 2644 1055 2709 virium
1099 2665 1367 2709 suarum
1413 2665 1545 2707 non
1597 2642 1915 2726 poenitet,
1976 2651 2054 2706 ut
2095 2641 2369 2705 minime
2411 2642 2556 2706 istis

594 2728 1150 2795 machinamentis
1224 2737 1616 2794 terreantur.
1728 2729 1890 2792 Tres
1966 2727 2279 2792 electores
2356 2726 2556 2792 medii

604 2823 825 2894 erunt,
875 2814 1235 2895 Palatinus,
1286 2813 1684 2892 ζὀῖοηίεπεὶε,
1735 2815 2163 2888 Trevirensis,
2217 2832 2293 2878 ac
2336 2813 2556 2896 potius

603 2922 678 2966 se
721 2902 911 2967 nobis
958 2901 1322 2985 adiungent
1363 2920 1559 2982 quam
1602 2900 1859 2982 passuri
1907 2900 2040 2965 sint
2087 2919 2203 2963 nos
2250 2898 2552 2981 opprimi.

601 2985 796 3053 Duos
839 2987 1162 3052 habemus
1206 3006 1287 3051 ex
1344 2986 1635 3068 professo
1689 2992 1969 3052 nostros.
2058 2982 2398 3050 Fodericus
2438 3004 2554 3068 op-

588 3073 782 3139 tabat
824 3094 945 3156 per
985 3080 1244 3138 nostros
1289 3071 1530 3154 aliquid
1577 3092 1617 3137 a
1657 3069 1851 3136 Dano
1892 3070 2216 3136 obtinere:
2262 3092 2392 3136 non
2436 3091 2553 3153 po-

590 3158 750 3240 tnit,
841 3157 969 3224 uod
1013 3178 1295 3241 aequum
1339 3178 1480 3224 esse
1516 3157 1970 3242 Landyravius
2011 3176 2262 3240 quoque
2305 3154 2553 3221 iudica-

598 3244 737 3311 bat.
797 3179 925 3310 {ic
968 3262 1040 3309 co
1094 3244 1228 3307 'tur
1269 3245 1491 3310 fovere
1542 3241 1841 3312 Caesaris
1883 3241 2255 3309 amicitiam.
2345 3240 2553 3308 Vides

596 3332 830 3414 quanti
888 3330 976 3395 sit
1094 3329 1343 3395 hristus
1397 3329 1511 3394 ubi
1576 3329 1869 3393 animum
1925 3327 2213 3393 hominis
2265 3327 2552 3394 mundus

586 3415 701 3483 hio
756 3417 1119 3499 occupavit.
1222 3415 1306 3480 In
1350 3413 1598 3499 Anglia
1651 3435 1831 3479 nunc
1883 3413 2149 3480 comitia
2202 3414 2545 3480 habentur.

592 3501 971 3570 Nunciatur
1005 3501 1192 3567 nobis
1234 3501 1491 3584 piorum
1535 3500 1828 3566 omnium
1865 3501 2117 3565 animos
2152 3499 2400 3583 optima
2434 3520 2549 3582 spe

590 3596 844 3654 erectos
888 3609 1048 3654 esse.
1138 3585 1216 3652 Si
1259 3586 1589 3651 Dominus
1635 3585 1797 3670 ,Περὶ
1850 3607 2027 3652 nunc
2081 3585 2370 3668 adspiret
2412 3592 2547 3649 sta-

594 3674 866 3740 bilietur
919 3673 1057 3737 illic
1110 3671 1546 3756 evangelium.
1652 3672 1882 3738 Donec
1938 3671 2223 3755 aliquam
2269 3670 2545 3736 inclina-

588 3761 839 3825 tionem
880 3756 1299 3834 audierimus,
1346 3758 1587 3822 frustra
1630 3759 2027 3842 agitaremus
2073 3755 2152 3822 de
2194 3756 2442 3822 Caleto.

767 3845 904 3910 Res
948 3847 1208 3920 meae⁸)
1254 3842 1482 3908 eodem
1529 3844 1666 3909 loco
1710 3854 1869 3909 sunt
1911 3865 2038 3926 quo
2082 3844 2283 3926 prius.
2356 3842 2546 3907 Nun-

592 3931 736 3996 cius
778 3938 1005 3995 noster
1047 3929 1155 3995 hic
1198 3940 1353 3993 ante
1392 3939 1641 4014 septem
1698 3929 1836 3995 dies
1880 3929 2228 3995 adfuturus
2273 3935 2373 3994 est
2415 3927 2546 3994 nisi

593 4015 913 4082 fefellerit.
982 4015 1166 4098 Ergo
1192 4015 1487 4081 Iacobum
1531 4016 1774 4080 retinui
1820 4023 1893 4079 ut
1936 4016 1990 4079 si
2034 4014 2189 4098 qnid
2234 4015 2357 4080 erit
2392 4033 2545 4096 pos-

591 4103 681 4168 sit
733 4102 806 4166 in
860 4107 1152 4183 tempore
1209 4100 1325 4165 tibi
1382 4102 1714 4166 nunciare.
1805 4099 2216 4184 Quanquam,
2284 4112 2359 4165 ιιι
2412 4102 2544 4163 iam

591 4186 766 4271 apud
811 4208 882 4253 sc
926 4194 1265 4264 statuerat,
1327 4206 1460 4250 non
1504 4186 1619 4251 diu
1663 4186 1967 4252 morabor
2011 4187 2153 4251 eius
2197 4186 2542 4269 profectio·

587 4292 763 4339 nem.
851 4272 1066 4338 Paulo
1110 4272 1287 4336 enim
1331 4279 1479 4356 post
1512 4274 1748 4337 festum
1792 4280 2205 4356 pentecostes
2245 4292 2394 4337 eum
2442 4270 2541 4335 di-

585 4359 867 4424 mittam.
956 4358 991 4421 I
1040 4379 1109 4422 se
1153 4355 1369 4424 triduo
1410 4371 1562 4422 ante
1611 4359 1789 4423 viam
1833 4359 2160 4441 corripere
2201 4358 2271 4421 in
2319 4358 2541 4422 animo

588 4444 889 4511 habebat.
1046 4443 1172 4509 uod
1228 4443 1308 4509 de
1366 4443 1573 4510 literis
1633 4443 1835 4509 Vir-eti
1889 4463 2118 4529 rogas,
2174 4463 2308 4507 non
2356 4441 2537 4508 alind

675 4551 852 4596 ssum
912 4529 1029 4593 tibi
1086 4529 1476 4614 respondere
1530 4550 1720 4613 quam
1774 4528 2065 4613 Capitoni
2123 4549 2382 4612 semper
2437 4528 2540 4593 vi-

632 4616 746 4696 eri,
791 4623 861 4681 et
914 4615 1191 4680 Virdum
1243 4619 1311 4680 et
1362 4636 1483 4680 vos
1541 4636 1768 4680 omnes
1809 4616 2133 4681 morosius
2175 4636 2372 4698 quam
2416 4635 2539 4697 par

585 4704 677 4769 sit
729 4701 835 4767 vel
891 4709 1067 4768 certe
1131 4700 1576 4784 scrupulosius
1642 4700 1814 4766 hanc
1876 4722 2142 4768 causam
2210 4700 2534 4784 persequi.

584 4786 870 4870 Quando
912 4785 1077 4852 illud
1120 4808 1379 4870 semper
1420 4786 1687 4870 polliciti
1723 4796 1896 4863 sunt,
1942 4809 2012 4853 se
2056 4808 2185 4852 non
2231 4786 2534 4852 commis-

578 4895 768 4940 suros
810 4882 889 4938 ut
931 4871 1176 4937 aditum
1236 4873 1403 4939 istuc
1470 4872 1567 4937 illi
1623 4873 2044 4955 patefaciant:
2111 4872 2272 4954 quin
2314 4874 2534 4955 potius

580 4959 1053 5043 impedimenta
1106 4959 1323 5023 omnia
1387 4957 1752 5024 obiecturos
1817 4958 2053 5041 quibus
2112 4958 2290 5022 viam
2343 4977 2532 5040 prae-

588 5043 872 5110 cludant.
981 5044 1259 5110 Minime
1304 5053 1522 5109 tamen
1593 5044 1880 5110 offensus
1957 5044 2112 5110 fuit:
2184 5045 2237 5109 si
2309 5054 2537 5109 tamen

795 5246 854 5310 7)
891 5248 958 5302 de
991 5248 1200 5304 ducatu
1233 5248 1658 5304 Mediolanensi.

791 5317 853 5384 8)
887 5317 1337 5374 mannicum

2672 585 3015 651 consilium
3060 607 3278 651 meum
3317 584 3615 667 audietis,
3659 589 3970 669 utrinqne
4014 585 4096 653 de
4139 607 4216 653 ea
4258 609 4330 653 re
4375 587 4624 672 discep-
4699 669 4726 686 „

2671 679 2813 760 tare
2859 669 3246 737 desinemus.
3335 672 3570 755 Itaque
3602 672 3828 737 literas
3854 672 4128 753 Comitis,
4174 694 4339 755 quas
4387 683 4463 738 tu
4499 697 4624 740 nu-

2673 778 2788 839 per
2823 757 3116 835 miseras,
3163 758 3497 840 suppressi
3540 778 3627 822 ne
3670 758 3827 841 quid
3873 759 4251 824 offensionis
4298 768 4620 841 parerent.

2670 844 2887 907 Erant
2929 843 3108 908 enim
3153 845 3245 908 ita
3289 845 3682 927 compositae
3725 854 3801 909 ut
3835 853 4060 929 gratae
4104 866 4244 911 esse
4298 866 4431 910 non
4474 867 4622 929 pos-

2671 937 2846 1007 sent,
2903 949 2978 994 ac
3023 949 3149 1012 quo
3194 950 3423 993 ansam
3468 949 3729 995 omnem
3775 931 4145 1012 praecidam
4188 933 4623 997 contentioni·

2669 1015 2812 1093 bus,
2858 1035 2898 1078 a
2941 1015 3368 1097 responsione
3411 1035 3666 1098 quoque
3712 1014 4065 1081 abstinebo.
4085 1021 4143 1099 ⁹)

2842 1100 3099 1165 Horreo
3144 1121 3344 1183 quum
3390 1102 3482 1165 ita
3525 1100 3877 1166 crudeliter
3911 1103 4051 1184 pios
4084 1102 4277 1167 audio
4299 1103 4528 1167 vexari
4549 1103 4622 1166 in

2670 1184 2910 1262 Gallia,
2946 1185 3069 1250 hoc
3091 1186 3478 1268 praesertim
3512 1193 3805 1270 tempore
3840 1207 3969 1270 quo
4006 1188 4173 1252 nihil
4208 1188 4351 1271 opis
4384 1188 4622 1254 afferre

2666 1289 3032 1353 possumus.
3120 1271 3261 1336 Nec
3303 1271 3528 1337 dubito
3573 1274 3734 1355 quin
3778 1274 4006 1355 optimi
4049 1275 4289 1355 quique
4346 1281 4423 1338 ut
4469 1274 4621 1357 plu·-

2665 1358 2904 1422 rimum
2970 1356 3443 1439 periclitentur.
3535 1357 3683 1438 Quo
3738 1360 3913 1423 enim
3968 1359 4243 1442 quisque
4294 1359 4621 1425 cordatior

2667 1451 2767 1507 est
2820 1462 2896 1507 ac
2951 1444 3387 1508 constantiore
3441 1445 3661 1508 animo
3721 1444 4063 1509 Christum
4120 1444 4481 1526 praedicat,
4540 1464 4618 1509 eo

2665 1530 2886 1592 minus
2909 1551 2947 1593 a
2970 1528 3220 1593 Satana
3251 1530 3407 1594 ferri
3443 1537 3677 1611 potest.
3746 1529 4141 1613 Quanquam
4176 1531 4253 1595 fit
4287 1531 4618 1596 interdum

2664 1624 2740 1678 ut
2782 1616 3062 1697 optimos
3106 1615 3305 1679 etiam
3347 1613 3675 1681 Dominus
3731 1616 3800 1680 in
3854 1626 3995 1680 tuto
4038 1625 4256 1680 servet
4299 1614 4458 1681 dum
4504 1616 4618 1681 alii

2666 1699 2748 1763 ad
2815 1700 3210 1783 supplicium
3264 1700 3627 1783 rapiuntur.
3729 1701 4214 1767 Conterraneus
4241 1703 4325 1784 ¹⁰)
4385 1702 4615 1782 Iacobi,

2665 1785 2779 1867 qui
2803 1783 3102 1850 Sedanae
3126 1796 3397 1851 exustus
3433 1797 3535 1851 est
3570 1795 3686 1852 aut
3718 1787 4036 1864 Melduni,
4073 1789 4408 1870 superiore
4444 1808 4616 1853 anno

2665 1869 2771 1936 hic
2813 1870 3032 1936 fuerat
3075 1880 3140 1936 et
3183 1870 3689 1937 exhortatoriam
3727 1873 4066 1955 epistolam
4102 1874 4183 1938 ad
4222 1874 4364 1939 eius
4399 1873 4614 1957 regio-

2665 1958 2771 2022 nis
2834 1958 3069 2022 fratres
3135 1979 3174 2022 a
3237 1979 3343 2022 me
3409 1959 3725 2040 petierat:
3789 1970 4014 2042 postea
4078 1966 4255 2024 certo
4316 1958 4616 2024 intellexi

2662 2042 2867 2107 fuisse
2910 2042 3222 2107 infectum
3265 2043 3595 2109 erroribus
3639 2045 4145 2128 anabaptisticis,
4205 2066 4280 2111 ac
4326 2047 4615 2111 maxime

2664 2129 2956 2193 omnium
2992 2128 3359 2193 insaniisse.
3419 2129 3756 2195 Poenituit
3790 2151 3897 2195 me
3932 2131 4136 2215 igitur
4169 2130 4341 2213 quod
4363 2129 4614 2196 aditum

2662 2214 2827 2279 meis
2871 2213 3078 2279 literis
3118 2212 3202 2278 ad
3252 2214 3493 2281 multos
3547 2214 3750 2281 bonos
3804 2218 4269 2298 patefecissem.
4359 2216 4614 2282 Vereor

2662 2320 2747 2364 ne
2791 2311 2998 2364 morte
3041 2320 3163 2365 sua
3203 2299 3614 2384 evangelium
3670 2303 3879 2385 magis
3921 2302 4363 2385 infamarit¹¹)
4414 2322 4612 2385 quam

2661 2386 3079 2467 promoverit.
3168 2383 3362 2465 Quod
3407 2385 3549 2451 dico
3603 2408 3733 2452 non
3777 2387 3986 2453 habeo
4040 2410 4124 2453 ex
4178 2388 4445 2453 incertis
4496 2408 4610 2453 ru-

2661 2471 2969 2548 moribus,
3016 2470 3128 2536 sed
3174 2492 3259 2535 ex
3303 2472 3447 2536 eius
3490 2473 3894 2555 propinquis.
3981 2473 4053 2539 Is
4095 2475 4283 2539 cuius
4321 2494 4610 2540 sororem

2659 2557 2730 2621 in
2775 2558 3189 2621 matrimonio
3234 2556 3466 2622 habuit
3515 2577 3648 2622 non
3704 2559 4077 2625 dissimulat
4125 2559 4335 2641 qualis
4391 2560 4606 2625 fuerit.

2658 2640 2766 2708 De
2808 2655 3018 2707 morte
3063 2641 3350 2708 Mehelii
3402 2664 3532 2707 non
3577 2644 3740 2708 satis
3784 2665 3934 2709 cum
3979 2655 4093 2710 tua
4134 2645 4414 2729 epistola
4454 2665 4607 2711 con-

2659 2727 2982 2811 gruebant
3024 2729 3164 2793 eius
3223 2749 3555 2794 sermones
3611 2729 3721 2811 qui
3778 2731 4148 2813 spectaculo
4200 2732 4605 2797 interfuerat.

2658 2815 2912 2879 Verum
2958 2813 3128 2879 hano
3170 2814 3468 2897 regulam
3512 2815 3699 2880 nobis
3741 2816 4092 2881 tenendam
4148 2825 4340 2901 puto,
4398 2825 4474 2882 ut
4525 2817 4606 2883 de

2658 2900 2760 2978 iis,
2804 2901 2916 2983 qui
2958 2920 3077 2982 pro
3130 2900 3456 2985 evangelii
3507 2902 3880 2966 testimonio
3934 2903 4111 2985 passi
4164 2909 4349 2980 sunt,
4407 2924 4606 2985 quam

2658 3006 3004 3069 possumus
3048 2985 3292 3068 optime
3336 2995 3402 3050 et
3448 2987 3810 3052 sentiamus
3854 2994 3923 3052 et
3954 2987 4315 3071 loquamur.
4404 2987 4605 3054 Modo

2658 3093 2744 3137 ne
2788 3070 2942 3155 quid
3001 3072 3308 3151 nimium,
3366 3073 3479 3138 ubi
3523 3092 3657 3138 non
3709 3072 3955 3156 liquido
4010 3083 4268 3140 constat
4323 3074 4607 3158 qualiter

2659 3178 2730 3224 se
2774 3177 2976 3240 quum
3020 3157 3090 3221 in
3134 3156 3274 3223 vita
3305 3165 3450 3223 tum
3495 3178 3651 3224 vero
3685 3160 4069 3241 praesertim
4104 3161 4174 3225 in
4209 3169 4420 3226 morte
4454 3174 4602 3246 ges-

2658 3243 2882 3309 serint.

2835 3328 3120 3410 Gaspari
3152 3336 3570 3413 prospectum
3600 3350 3743 3395 esse
3776 3330 4051 3414 gaudeo,
4097 3341 4202 3397 est
4243 3332 4420 3397 enim
4455 3332 4600 3417 dig-

2655 3437 2801 3492 nus,
2846 3433 2921 3479 ac
2963 3415 3380 3497 profuturum
3424 3414 3682 3481 scholae
3711 3417 3794 3498 ¹²)
3838 3438 4043 3499 spero.
4113 3418 4434 3484 Tessanus
4466 3430 4602 3486 tres

2656 3508 2770 3566 aut
2812 3508 3093 3584 quatuor
3126 3520 3168 3564 a
3200 3522 3307 3566 me
3339 3503 3634 3583 petierat,
3676 3502 3731 3568 si
3775 3509 3876 3567 tot
3916 3501 4226 3568 haberem
4272 3504 4397 3582 hic,
4438 3525 4600 3588 quos

2654 3584 3009 3653 indicarem
3052 3607 3123 3651 re
3207 3586 3357 3652 ndis
3398 3587 3688 3654 ecclesiis
3722 3587 4018 3653 idoneos:
4062 3590 4451 3655 nominatim
4489 3591 4600 3657 Ia·

2651 3674 2865 3739 cobum
2906 3672 3134 3756 flagita
3181 3681 3266 3737 at.
3356 3671 3489 3738 Sed
3534 3673 3645 3737 ille
3690 3694 3760 3739 se
3803 3674 3989 3739 vobis
4032 3696 4300 3740 servare
4343 3675 4595 3742 maluit.

2653 3758 2841 3839 Quae
2884 3758 2998 3822 illa
3039 3759 3124 3823 sit
3168 3756 3326 3822 ditio
3371 3759 3625 3825 comitis
3675 3759 4014 3839 Guillelmi,
4072 3760 4366 3827 nondum
4412 3766 4598 3845 potui

2652 3844 3000 3927 diligenter
3044 3844 3431 3910 sciscitando
3476 3846 3659 3911 scire.
3728 3846 3828 3909 Tu
3871 3866 4073 3927 quum
4114 3847 4223 3913 hic
4264 3849 4393 3913 eris
4427 3849 4595 3915 forte

2649 3931 2885 3996 melius
2928 3930 3116 3995 nobis
3159 3928 3494 3996 indicabis.
3563 3929 3778 3996 Simul
3823 3929 3904 3996 de
3946 3932 4028 3997 iis
4071 3934 4373 3999 omnibus
4418 3954 4594 4000 com-

2648 4014 3088 4081 mentabimur
3209 4015 3405 4082 nibus
3469 4015 3831 4081 remedium
3909 4018 4318 4083 afferendum
4382 4028 4593 4102 putas.

2650 4100 2725 4168 Si
2794 4111 3094 4184 putarem
3157 4036 3522 4168 garamam
3583 4100 3944 4168 deliberare
4009 4125 4095 4168 an
4151 4104 4596 4190 Burdegalam

2648 4186 2861 4253 redire
2927 4185 3265 4268 expediat,
3346 4186 3624 4253 libenter
3688 4190 4048 4273 proferrem
4128 4189 4298 4272 quod
4361 4192 4592 4258 sentio.

2646 4272 2898 4338 Verum
2945 4292 3076 4337 non
3122 4272 3357 4355 opinor
3399 4283 3532 4338 tam
3571 4294 3834 4341 caecum
3871 4296 4011 4339 esse
4054 4283 4128 4339 ut
4170 4277 4594 4342 consultatio-

2648 4380 2799 4424 nem
2845 4381 2924 4423 ea
2979 4355 3060 4422 de
3110 4380 3183 4423 re
3235 4360 3556 4425 instituat.
3648 4360 3863 4425 Gallis
3917 4359 4048 4425 illis
4105 4360 4420 4445 episcopis
4474 4384 4594 4428 cur

2646 4443 3062 4511 scribendum
3107 4464 3241 4509 non
3285 4455 3526 4528 putem,
3572 4467 3789 4511 coram
3835 4444 3953 4509 tibi
3993 4443 4309 4512 indicabo.
4398 4449 4596 4533 Mag-

2644 4552 2800 4595 nam
2842 4530 3122 4616 gratiam
3169 4530 3377 4596 habeo
3420 4531 3729 4596 fratribus
3774 4531 3942 4613 quod
3987 4551 4207 4596 meum
4245 4534 4590 4600 consilium

2645 4614 2806 4682 adeo
2851 4617 3071 4699 aequis
3116 4616 3353 4682 animis
3389 4625 3795 4700 acceperunt.
3885 4615 4166 4697 Quando
4209 4627 4430 4684 tamen
4473 4641 4592 4703 pe-

2641 4702 2923 4768 riculum
2993 4709 3095 4767 est
3158 4723 3243 4766 ne
3309 4702 3417 4767 alii
3474 4700 3744 4785 indigne
3799 4702 4013 4767 ferant
4068 4723 4186 4768 vos
4245 4704 4584 4789 incepisse,

2843 4903 2903 4972 9)
2944 4904 3108 4958 Forte
3143 4904 3212 4958 de
3251 4922 3310 4959 se
3346 4904 3651 4958 revocando
3687 4905 3962 4960 Genavam
3998 4907 4084 4961 hic
4119 4908 4378 4978 loquitur.
4432 4908 4580 4966 Sin-

2719 5013 2733 5027 ·
2769 4975 2792 5038 (
2826 4974 2848 5038 )

2635 5127 2722 5192 ,ι
2759 5040 3476 5193 ...ze-{mam
3489 5041 3972 5167 mm
4007 5054 4582 5197 mm:

2635 5193 2711 5235 cu
2743 5179 2811 5235 dc
2842 5179 3874 5329 ffissoofflga(fflmm
3915 5181 4125 5250 factam
4169 5199 4285 5239 non
4317 5184 4572 5240 mamus.

2842 5316 2935 5384 12)
2972 5318 3041 5372 he
3079 5317 3190 5371 vnn
3225 5317 3364 5371 have
3399 5318 3494 5371 the
3530 5317 3727 5389 charge
3760 5319 3824 5375 of
3849 5320 3945 5375 the
3967 5321 4180 5404 *schoah
