5050 6167
620 404 743 468 687

617 596 779 667 erat,
829 588 1129 654 nolebam
1170 588 1412 653 frustra
1469 586 1769 654 scribere.
1858 587 2086 671 Nuper
2128 608 2330 670 quum
2377 586 2567 652 Nico-

617 675 765 741 taus
821 682 887 739 et
936 673 1316 740 Guillelmus
1368 673 1656 752 abirent,
1713 673 1827 738 vix
1886 673 2114 738 breves
2171 673 2239 737 in
2287 671 2566 737 Germa-

616 760 798 825 niam
840 759 1064 824 literas
1119 759 1400 824 scribere
1455 759 1656 823 licuit.
1757 759 2034 824 Praeter
2088 778 2197 824 eos
2249 779 2443 823 nemo
2497 778 2569 822 se

619 844 873 912 obtulit.
958 845 1271 910 Invenire
1331 845 1512 927 potui
1556 845 1615 908 si
1657 844 2097 926 quaesiissem.
2197 843 2281 907 In
2336 865 2412 908 eo
2468 842 2566 907 fa-

616 937 766 997 wor
809 951 914 996 me
956 930 1369 1014 negligenter
1411 931 1640 1014 egisse.
1714 928 1937 1009 Quum
1988 937 2206 994 autem
2236 928 2572 1009 Godefridi

616 1017 754 1083 filio
795 1016 1020 1081 literas
1065 1015 1335 1080 daturus
1395 1036 1636 1095 essem,
1689 1017 1875 1080 venit
1916 1016 2167 1080 interea
2212 1014 2490 1079 Bibittus
2509 1012 2566 1100 2)

617 1101 726 1169 cui
767 1101 1058 1166 breviter
1097 1100 1476 1166 concordiae
1521 1101 1860 1166 historiam
1902 1101 2183 1166 narravi.
2253 1100 2566 1183 Longum

617 1196 792 1253 esset
830 1185 1091 1271 singula
1128 1185 1244 1250 tibi
1289 1206 1693 1251 enumerare.
1782 1184 1964 1252 Satis
2016 1192 2119 1251 est
2170 1184 2338 1268 quod
2387 1205 2565 1249 sum-

615 1295 797 1340 mam
848 1281 1052 1337 tenes.
1153 1272 1344 1336 Finis
1394 1273 1666 1337 actionis
1719 1271 1885 1335 mihi
1947 1271 2188 1336 bonam
2247 1292 2432 1354 spem
2494 1272 2566 1357 in

616 1368 951 1444 posterum
994 1357 1167 1422 facit.
1254 1356 1426 1422 Nam
1470 1365 1536 1421 et
1579 1356 1775 1440 legati
1809 1357 2203 1434 BeruenseS,
2249 1356 2446 1421 rebus
2481 1375 2564 1419 ex

615 1443 822 1510 animi
857 1450 1009 1508 voto
1051 1442 1350 1526 peractis,
1389 1442 1543 1507 laeti
1577 1440 1843 1506 domum
1880 1442 2146 1507 rediere.
2211 1442 2305 1506 Et
2337 1440 2565 1520 nostri,

615 1530 878 1595 tametsi
923 1549 1054 1592 non
1111 1527 1333 1592 omnia
1383 1527 1770 1610 consequuti
1822 1534 1979 1592 sunt
2031 1547 2197 1610 quae
2241 1526 2563 1604 volebant,

615 1615 744 1682 sibi
778 1622 1002 1679 tamen
1034 1613 1390 1697 plurimum
1424 1612 1859 1696 gratulantur.
1926 1612 2267 1693 Quantum
2300 1632 2567 1695 possum

618 1698 1170 1777 animadvertere,
1229 1699 1353 1762 erit
1406 1700 1599 1763 firma
1652 1707 1720 1762 et
1772 1706 1953 1763 certa
1995 1719 2132 1763 non
2186 1696 2379 1763 modo
2432 1719 2567 1782 pax

618 1785 734 1853 sed
780 1786 978 1849 etiam
1021 1783 1326 1849 amicitia.

793 1869 1163 1934 Lambertus
1193 1870 1555 1951 praefectus
1589 1867 1771 1934 urbis
1804 1870 2174 1951 privignam
2210 1890 2396 1935 suam
2432 1867 2565 1932 elo-

618 1957 797 2023 cavit
849 1954 983 2020 filio
1038 1953 1350 2018 Amedaei
1407 1953 1782 2019 Pizeorulmt.
1802 1957 1859 2037 ⁸)
1958 1955 2065 2019 Ita
2128 1954 2312 2019 vides
2376 1954 2566 2017 initia

619 2039 938 2124 quaedam
990 2037 1333 2120 ἀμνηστίας.
1424 2040 1636 2105 Primi
1687 2040 1980 2120 exsules,
2034 2061 2235 2123 quum
2290 2039 2567 2103 audiunt

617 2137 877 2194 nostros
918 2126 1052 2189 iam
1085 2125 1245 2190 adeo
1278 2123 1499 2190 faciles
1542 2145 1683 2190 esse
1725 2127 1929 2191 factos
1965 2125 2047 2190 ad
2083 2124 2565 2208 patefaciendas

544 2250 548 2263 ι
617 2221 870 2296 portas,
938 2209 1021 2275 ad
1086 2210 1366 2275 reditum
1432 2208 1783 2292 adspirant.
1800 2214 1859 2285 ⁴)
1955 2210 2101 2276 Iam
2167 2212 2247 2276 de
2327 2210 2567 2275 Vanzio

619 2297 941 2382 agitatum
995 2305 1125 2375 est,
1189 2303 1257 2359 et
1309 2303 1627 2378 quantum
1679 2296 1836 2361 licet
1885 2298 2257 2362 coniectura
2308 2294 2568 2377 assequi

615 2381 1010 2465 impetrabit.
1120 2381 1450 2446 Pecuniae
1527 2381 1703 2445 enim
1769 2401 2080 2446 amoenus
2156 2390 2223 2446 et
2295 2379 2567 2463 pulcher

616 2476 938 2552 aspectus.
1059 2466 1169 2530 Illi
1245 2467 1588 2531 ferociores
1676 2466 1881 2531 animi
1956 2468 2088 2532 iam
2168 2464 2562 2532 ceciderunt.

614 2553 807 2619 Unus
869 2553 1004 2616 iam
1069 2552 1408 2617 restitutus
1473 2558 1600 2631 est,
1674 2572 1878 2634 gener
1939 2552 2277 2619 Francisci
2345 2549 2564 2630 Fabri,

614 2636 935 2704 Amedaei
963 2635 1220 2701 Perrini
1261 2644 1515 2720 rogatu,
1560 2636 1673 2719 qui
1715 2637 1778 2700 ei
1798 2636 2161 2703 Melchioris
2204 2637 2562 2715 tabemm,

614 2743 814 2808 quam
857 2723 1095 2787 tutorio
1137 2722 1402 2787 nomine
1441 2728 1641 2800 tenet,
1687 2721 1840 2787 vult
1882 2724 2305 2789 committere.

788 2807 1061 2891 Legatis
1106 2805 1186 2871 de
1230 2813 1296 2870 te
1338 2827 1487 2872 sum
1524 2805 1847 2888 loquutus.
1907 2807 2112 2872 Volui
2154 2808 2331 2871 enim
2373 2826 2563 2890 prae-

613 2900 871 2959 tentare
925 2913 1087 2957 num
1142 2901 1208 2956 te
1259 2890 1439 2958 illinc
1504 2891 1590 2956 ad
1639 2913 1762 2958 nos
1817 2892 2149 2957 attrahere
2204 2912 2560 2976 possemus.

613 2978 962 3062 Negarunt
1013 2976 1307 3062 quidem,
1363 2977 1479 3042 sed
1530 2977 1625 3042 ita
1677 2984 1755 3042 ut
1804 2998 1938 3043 non
1992 2975 2372 3043 viderentur
2424 2978 2564 3042 fore

612 3064 1013 3149 pertinaces,
1069 3063 1124 3127 si
1183 3063 1494 3128 insistant
1547 3061 1894 3145 aliquando
1945 3063 2170 3129 nostri.
2279 3063 2564 3129 Gbrardo

611 3149 819 3216 obtuli
860 3168 1079 3213 meam
1121 3168 1389 3230 operam
1431 3148 1491 3212 si
1530 3169 1636 3213 res
1679 3147 1977 3230 postulet.
2044 3148 2231 3232 Opus
2263 3149 2563 3214 Beruen-

613 3234 794 3301 sibus
838 3232 1123 3299 dedicari
1165 3233 1333 3298 mihi
1373 3252 1505 3298 non
1549 3232 1792 3316 placet,
1846 3233 1973 3300 nisi
2028 3243 2179 3300 ante
2222 3255 2306 3299 ex
2350 3254 2561 3299 secre-

614 3320 784 3385 tario
839 3319 1181 3386 resciveris
1232 3316 1301 3381 id
1355 3318 1553 3384 officii
1611 3339 1822 3401 neque
1873 3318 2006 3384 illis
2065 3320 2401 3403 ingratum
2444 3339 2561 3383 ne·

613 3425 742 3489 que
793 3404 916 3469 tibi
970 3403 1357 3468 damnosum
1409 3404 1562 3468 fore.
1582 3404 1637 3485 ὅ)
1727 3404 2085 3470 Audieram
2139 3411 2207 3468 te
2257 3404 2560 3469 nonnihil

614 3489 929 3555 adversus
974 3487 1364 3555 sorbonicus
1408 3488 1716 3555 articulos
1760 3488 2089 3569 meditari,
2140 3490 2314 3573 quod
2359 3489 2560 3555 vehe-

611 3582 873 3641 menter
924 3593 1264 3655 cuperem:
1332 3594 1564 3640 verum
1621 3573 1900 3639 Ribittus
1949 3574 2122 3639 nihil
2173 3595 2242 3640 se
2301 3574 2560 3640 audisse

609 3658 968 3742 respondit.
1059 3658 1279 3725 Velim
1320 3659 1528 3742 igitur
1569 3658 1798 3738 facias,
1855 3666 1924 3725 et
1966 3660 2129 3725 mihi
2189 3662 2411 3726 statim
2455 3681 2559 3725 re-

608 3745 860 3812 scribas
902 3765 1044 3810 esse
1086 3744 1344 3808 factum.
1432 3742 1610 3810 Sunt
1652 3745 1827 3809 enim
1872 3745 1942 3810 in
1986 3746 2210 3812 Gallia
2248 3746 2560 3829 permulti

611 3832 726 3914 qui
766 3831 836 3896 id
879 3830 1167 3913 cupiunt.
1233 3828 1533 3913 Rogatus
1576 3850 1759 3895 eram
1804 3851 1845 3895 a
1885 3831 2291 3914 quibusdam.
2358 3831 2558 3896 Potes

608 3936 749 3995 me,
806 3915 866 3980 si
919 3914 1102 3995 velis,
1147 3914 1271 3980 hoc
1312 3935 1510 3980 onere
1564 3914 1921 3981 sublevare.
1941 3916 1996 4001 θ)
2082 3916 2146 3981 N
2148 3937 2559 3983 eocomenses

610 3998 798 4067 aliud
849 3999 1236 4084 opusculum
1290 4020 1331 4064 a
1382 4021 1489 4065 me
1540 4001 1842 4085 flagitant
1893 4001 2210 4068 adversus
2263 4000 2557 4066 libellum

607 4085 934 4170 quendam
979 4084 1582 4167 Anabaptistarum.
1603 4088 1658 4159 ⁷)

777 4168 884 4236 De
942 4169 1310 4236 Sebastiano
1361 4192 1611 4255 quoque
1667 4172 1877 4237 obiter
1928 4193 2190 4238 mecum
2242 4173 2377 4257 egit
2432 4171 2555 4237 Ri-

605 4256 822 4335 bidus,
880 4264 947 4321 et
1002 4253 1345 4321 videbatur
1396 4258 1661 4322 omnino
1714 4278 1980 4341 urgere,
2035 4278 2169 4323 non
2226 4256 2461 4324 debere
2515 4278 2557 4321 a

813 4474 873 4543 2)
904 4476 1051 4545 prof.
1088 4476 1527 4531 Lamammm's.

812 4544 871 4610 3)
911 4543 1072 4598 Aime'
1107 4545 1285 4613 (Am)
1323 4544 1390 4600 de
1427 4545 1866 4614 chapeamouye.

809 4613 870 4680 4)
908 4612 1017 4666 Les
1051 4612 1280 4683 deputes
1313 4614 1383 4667 de
1418 4614 1591 4669 Berne
1624 4614 2025 4670 intercederent
2057 4631 2197 4685 pour
2228 4616 2311 4669 les
2343 4614 2552 4684 fugitifs

602 4680 704 4751 (N.
740 4680 861 4751 533,
897 4686 1007 4736 not.
1042 4681 1103 4746 6)
1140 4689 1199 4736 et
1231 4683 1511 4737 obtinrent
1541 4686 1702 4753 grace
1737 4682 1945 4738 enti'ere
1989 4700 2130 4754 pour
2173 4700 2296 4749 eux,
2333 4684 2385 4737 le
2417 4700 2550 4753 pou-

603 4750 729 4805 voir
761 4751 832 4805 de
865 4760 1083 4804 rentrer
1115 4751 1252 4805 dans
1299 4751 1353 4805 la
1400 4752 1527 4806 ville
1574 4757 1632 4805 et
1677 4753 1851 4806 meme
1896 4752 2206 4823 exemption
2253 4751 2533 4807 d’amende

603 4836 733 4874 sous
767 4820 823 4902 la
855 4818 1136 4873 condition
1170 4819 1327 4888 qn’ils
1361 4820 1700 4874 viendraient
1715 4838 1817 4890 par
1831 4823 2055 4890 requete
2074 4821 2274 4875 devant
2306 4822 2358 4876 lc
2374 4793 2552 4891 grand

603 4886 1512 5038 ωωοῠδῗσῗὲνιέκῷαορωνοαωηιᾏι)
1559 4971 1718 5011 auum
1766 4956 1833 5011 de
1873 4972 1980 5027 quo
2029 4957 2191 5012 Prole
2222 4975 2273 5028 ρ.
2326 4956 2437 5012 IX.
2479 4955 2549 5010 66

602 5023 849 5079 damus
1139 5023 1404 5080 Pernam
1436 5025 1625 5081 doctu-e
1656 5025 1919 5081 voluerat.
1994 5023 2154 5095 Quod
2277 5041 2402 5081 vano
2435 5042 2549 5080 non

598 5094 827 5164 plausit.
900 5092 1185 5148 Girarduae
1215 5093 1355 5148 alud
1385 5094 1695 5150 madebat.
1767 5094 1929 5164 (Rea.
1968 5094 2046 5149 du
2084 5093 2141 5149 0.
2177 5093 2261 5148 24.
2300 5094 2499 5160 Mart.)

809 5162 871 5229 6)
922 5161 1086 5218 Vides
1116 5177 1237 5216 mm
1270 5164 1384 5217 ian
1418 5169 1529 5218 m
1564 5161 1630 5217 de
1663 5178 1764 5218 suo
1796 5161 2064 5219 Antidota
2098 5164 2375 5288 werse,
2412 5179 2548 5219 non·

603 5227 737 5286 dun
770 5236 951 5286 tam
982 5246 1203 5286 mmm
1237 5232 1393 5300 open·
1423 5231 1742 5288 admovisoe.
1811 5230 1987 5301 (Opp.
2035 5230 2094 5286 Τ.
2187 5232 2303 5299 IL)

810 5298 871 5366 7)
918 5298 982 5356 V.
1015 5299 1298 5356 Fanum
1333 5300 1406 5356 N.
1440 5299 1560 5355 534.

2163 396 2687 466 EPISTOLAE
2735 400 3072 463 537-539

4491 399 4616 464 688

2670 585 2857 651 nobis
2911 585 3272 668 praeteriri.
3291 585 3350 671 S)
3448 586 3671 667 Quum
3736 585 3996 669 saepius
4043 586 4205 650 mihi
4258 585 4618 654 inculcaret

2671 671 2841 737 hanc
2876 692 3120 749 vocem,
3159 672 3311 755 quid
3348 692 3502 756 ergo
3537 672 3777 737 vellem
3812 671 3999 737 illum
4032 672 4265 750 facere,
4309 672 4617 754 respondi

2670 756 3039 839 paullulum
3106 764 3498 836 commotus,
3565 776 3671 821 me
3724 777 4061 823 cessurum
4125 757 4406 823 libenter
4457 756 4613 838 loco,

2670 841 2786 907 sed
2830 842 2990 906 mihi
3035 864 3168 907 non
3211 842 3445 907 debere
3489 843 3624 908 vim
3667 844 3841 921 fieri,
3895 849 3972 906 ut
4023 864 4176 908 eum
4218 842 4615 909 reclamante

2670 928 3063 993 conscientia
3105 927 3533 993 admitterem.
3599 927 3984 1007 Obiiciebat,
4029 929 4231 993 fuisse
4272 929 4344 993 in
4386 928 4615 994 minis-

2670 1014 2850 1077 teri0.
2874 1016 2930 1089 ⁹)
3018 1013 3305 1098 Negavi,
3361 1026 3428 1078 et
3480 1014 3699 1079 addidi
3752 1013 3923 1096 quod
3977 1014 4220 1097 absque
4274 1013 4407 1078 ullo
4460 1033 4615 1079 exa·
4686 1028 4699 1043 ‘

2669 1098 2848 1162 mine
2892 1100 3131 1163 missus
3175 1100 3432 1177 fuisset,
3487 1120 3594 1168 me
3638 1100 3904 1165 absente
3948 1108 4014 1164 et
4055 1100 4287 1178 inscio,
4343 1098 4427 1164 ad
4470 1121 4617 1165 con-

2669 1183 3089 1249 cionandum:
3165 1182 3232 1247 id
3297 1183 3458 1248 mihi
3525 1185 3833 1269 imputari
3912 1205 4189 1268 aequum
4256 1205 4387 1249 non
4452 1205 4611 1250 esse.

2670 1270 2821 1333 Non
2867 1269 3027 1333 satis
3071 1269 3254 1352 potui
3290 1270 3658 1353 intelligere
3712 1291 3797 1335 an
3851 1270 4123 1348 luderet,
4149 1270 4242 1352 ¹⁰)
4336 1290 4498 1334 uum
4541 1271 4615 1335 in

2670 1354 2926 1421 Cantici
2971 1356 3373 1420 mentionem
3419 1355 3783 1422 incidimus.
3873 1353 4009 1421 Sed
4062 1356 4222 1419 mihi
4269 1354 4615 1421 Videbatur

2669 1440 2750 1505 ab
2795 1439 2906 1506 illo
2940 1462 3073 1527 non
3117 1440 3394 1505 multum
3440 1439 3801 1507 dissentire.
3866 1440 3973 1507 De
4008 1440 4259 1506 Christi
4299 1440 4616 1507 descensu

2670 1525 2752 1589 ad
2805 1526 3046 1591 inferos
3110 1527 3239 1592 tria
3302 1525 3626 1590 duntaxat
3687 1525 3887 1591 verba
3941 1525 4353 1591 contulimus.
4442 1525 4614 1591 Nam

2669 1610 3075 1693 quorundam
3117 1611 3495 1677 interventu
3532 1611 3846 1694 abruptus
3890 1613 4018 1676 fuit
4059 1632 4290 1677 sermo.
4379 1611 4653 1678 Nescio.

2667 1696 2824 1779 quid
2868 1695 3032 1760 illud
3076 1697 3199 1762 sibi
3241 1697 3400 1761 velit
3438 1696 3611 1779 quod
3636 1696 4038 1762 Sebastianus
4080 1697 4297 1776 iactat,
4325 1696 4408 1782 ¹¹)
4450 1698 4615 1761 ami-

2668 1803 2779 1848 cos
2822 1802 3002 1847 meos
3045 1782 3273 1846 mirari
3315 1789 3385 1846 et
3425 1781 3639 1847 ridere
3673 1782 3847 1865 quod
3888 1782 4212 1866 psalmum
4256 1781 4616 1866 quadrage·

2669 1868 2910 1932 simum
2953 1867 3255 1949 quintum
3298 1887 3418 1951 pro
3444 1867 3705 1934 Cantici
3749 1868 4123 1934 defensione
4167 1867 4486 1947 obiiciam,
4529 1874 4615 1949 et,

2667 1973 2869 2034 quum
2915 1952 3262 2019 descensus
3306 1953 3558 2019 Christi
3600 1952 3683 2018 ad
3726 1954 3970 2020 inferos
4012 1954 4082 2018 in
4126 1953 4419 2039 symbolo
4462 1951 4615 2019 sub-

2666 2039 2929 2103 iunctus
2972 2039 3060 2104 sit
3101 2039 3493 2121 sepulturae,
3538 2059 3655 2121 pro
3697 2039 4237 2122 interpretatione
4281 2059 4428 2105 mea
4460 2058 4614 2104 oon-

2668 2119 2992 2188 firmanda
3034 2144 3257 2190 vocem
3291 2123 3471 2188 illam
3507 2123 3825 2190 adducam
3869 2146 4065 2208 quam
4105 2125 4177 2189 in
4222 2143 4413 2190 cruce
4456 2145 4616 2207 pen-

2669 2208 2831 2273 dens
2872 2207 3099 2273 edidit:
3147 2209 3331 2274 Deus
3375 2231 3561 2275 meus
3603 2216 3722 2275 etc.
3810 2211 3955 2294 Ego
3997 2209 4174 2275 illius
4225 2210 4616 2275 et‘aliorum

2667 2313 2909 2359 sannas
2954 2314 3156 2377 aequo
3200 2294 3419 2359 animo
3458 2296 3683 2360 feram.
3773 2294 3924 2360 Non
3969 2316 4202 2360 vereor
4253 2304 4476 2360 tamen
4530 2315 4615 2360 ne

2667 2399 2775 2444 me
2817 2378 3064 2445 ratione
3107 2379 3397 2447 vincant.
3485 2379 3632 2445 Hoc
3675 2387 3934 2446 tantum
3977 2402 4017 2444 a
4071 2379 4257 2446 vobis
4300 2382 4615 2464 impetra-

2668 2472 2812 2527 tum
2880 2464 3107 2529 velim:
3175 2464 3257 2530 de
3314 2464 3681 2530 Sebastiano
3746 2485 3834 2530 ne
3896 2465 4063 2529 mihi
4128 2466 4271 2531 sitis
4336 2464 4613 2530 molesti.

2667 2548 2793 2613 Ille
2838 2556 3157 2632 quantum
3210 2571 3294 2615 ex
3348 2550 3489 2616 eius
3543 2571 3842 2616 sermone
3890 2551 4195 2635 colligere
4248 2551 4463 2633 potui,
4518 2551 4616 2616 ita

2668 2634 2749 2699 de
2792 2656 2897 2700 me
2918 2636 3121 2700 sentit
3160 2642 3239 2701 ut
3279 2633 3539 2701 difficile
3582 2635 3671 2702 sit
3712 2656 3904 2721 posse
3946 2637 4121 2701 inter
4164 2657 4281 2701 nos
4324 2656 4617 2719 unquam

2667 2721 3034 2786 convenire.
3123 2720 3280 2785 Tib?
3312 2720 3453 2787 dico
3487 2721 3660 2803 quod
3702 2721 3847 2787 aliis
3889 2721 4035 2787 volo
4078 2720 4350 2786 dictum:
4398 2740 4616 2805 neque

2667 2806 2846 2870 enim
2901 2805 3066 2870 mihi
3130 2805 3447 2872 hactenus
3508 2806 3692 2871 fuisti
3744 2806 4077 2873 molestus.
4185 2806 4399 2872 Paulo
4462 2811 4617 2890 post

2667 2892 2809 2956 eius
2834 2892 2919 2968 ¹²)
2965 2890 3250 2956 reditum
3291 2891 3472 2958 volui
3515 2891 3681 2958 scire
3734 2913 4055 2974 quaenam
4107 2891 4224 2957 illa
4269 2899 4491 2957 essent
4532 2889 4616 2958 de

2666 2976 2900 3058 quibus
2954 2976 3115 3041 utile
3167 2975 3334 3041 mibi
3388 2985 3458 3042 et
3519 2977 3825 3043 ecclesiae
3875 2978 4046 3043 foret
4096 2998 4201 3042 me
4256 2975 4613 3043 admoneri.

2664 3061 2816 3126 Non
2872 3061 2997 3127 nisi
3063 3061 3190 3126 duo
3251 3063 3517 3128 extorsi.
3618 3063 4022 3128 Beruensem
4088 3084 4230 3128 esse
4286 3061 4615 3146 quendam

2665 3148 2776 3229 qui
2820 3146 2900 3212 de
2933 3146 3205 3214 Cantico
3239 3167 3280 3211 a
3314 3169 3419 3213 me
3452 3146 3803 3227 didicisset,
3847 3148 4016 3232 quod
4051 3148 4124 3213 in
4158 3170 4228 3214 se
4270 3155 4614 3233 tantopere

2664 3232 3118 3314 improbarem.
3216 3233 3527 3298 Refutavi
3577 3232 3745 3300 hanc
3797 3233 4213 3300 calumniam.
4301 3233 4615 3300 Alterum

2666 3325 2824 3397 erat,
2869 3317 3032 3383 colle
3079 3339 3151 3383 as
3194 3317 3357 3382 mihi
3399 3316 3700 3384 blandiri.
3787 3319 4126 3403 Respondi
4176 3318 4349 3403 quod
4392 3320 4614 3386 visum

2666 3411 2782 3469 est.
2884 3403 3040 3468 Nih·
3124 3412 3461 3485 praeterea
3516 3403 3813 3470 habebat.
3911 3405 4184 3470 Miseret
4234 3424 4341 3469 me
4404 3405 4608 3470 illius.

2666 3486 2983 3571 Optarem
3036 3488 3131 3552 illi
3186 3487 3353 3554 bene
3403 3487 3641 3555 alicubi
3683 3490 3826 3555 sine
3868 3489 4259 3557 offendiculo
4303 3510 4610 3574 prospec-

2663 3581 2826 3651 tum,
2874 3581 2941 3637 et
2982 3572 3263 3639 libenter
3282 3594 3401 3655 pro
3444 3594 3591 3639 mea
3632 3575 3804 3640 virili
3848 3596 4118 3641 manum
4161 3574 4243 3640 ad
4286 3597 4432 3641 eam
4466 3595 4612 3641 rem

2662 3658 3082 3742 porrigerem.
3170 3659 3394 3723 Faveo
3446 3659 3714 3743 ingenio
3768 3669 3837 3725 et
3877 3660 4228 3726 doctrinae.
4316 3661 4609 3726 Tantum

2666 3744 2900 3809 vellem
2941 3742 3106 3808 illud
3158 3743 3574 3809 coniunctum
3629 3765 3770 3810 esse
3824 3767 3976 3812 cum
4031 3745 4293 3812 meliore
4346 3746 4605 3826 iudicio,

2664 3829 2836 3894 hanc
2901 3828 3249 3912 prudentia
3313 3837 3745 3913 temperatam
3811 3839 3878 3895 et
3938 3830 4117 3896 illam
4186 3831 4607 3898 immodicam

2662 3913 3141 3994 confidentiam,
3185 3935 3382 3997 quam
3416 3936 3498 3979 ex
3540 3915 3704 3981 falsa
3749 3915 4081 3982 doctrinae
4124 3916 4413 3983 modicae
4457 3939 4605 4001 per-

2661 4001 2960 4066 suasione
3002 4001 3317 4083 concepit,
3372 4021 3455 4065 ex
3499 4001 3718 4066 animo
3762 4001 3903 4067 eius
3946 4004 4205 4085 penitus
4246 4000 4599 4068 revulsam.

2662 4084 2849 4166 Vale,
2904 4086 3234 4151 carissime
3276 4086 3478 4150 frater
3512 4094 3580 4150 et
3620 4086 3828 4152 amice
3881 4087 4316 4171 integerrime.
4407 4086 4601 4154 Salu-

2658 4176 2794 4235 tem
2837 4169 3187 4253 plurimam
3239 4171 3567 4252 fratribus,
3621 4171 3809 4237 uxori
3864 4179 3930 4237 et
3971 4182 4379 4239 materterae.
4464 4171 4600 4238 Do·

2657 4257 2874 4321 minus
2917 4276 3034 4322 vos
3077 4276 3303 4322 omnes
3346 4265 3710 4322 conservet.
3797 4257 3984 4324 Uxor
4023 4278 4172 4324 mea
4207 4267 4271 4323 te
4306 4265 4372 4325 et
4413 4258 4600 4323 fami-

2656 4340 2809 4405 liam
2856 4349 3038 4407 tuam
3079 4340 3428 4425 diligenter
3468 4342 3727 4409 salutat.
3817 4341 4144 4409 Genevae.
4174 4345 4253 4422 ¹⁸)

3658 4443 3943 4511 Ioannes
3983 4444 4299 4513 Calvinus
4341 4453 4514 4514 tuus.

2858 4610 2921 4746 ἓξ
2957 4628 3075 4735 Eue.
3089 4617 3712 4738 lfflmotmcwil‘lorffl
3731 4683 3943 4737 nomme
3987 4688 4210 4768 maistre
4256 4685 4353 4739 des
4404 4684 4597 4755 eccles,

2654 4766 2787 4804 avec
2821 4749 3019 4819 charge
3054 4750 3242 4804 d’aller
3275 4751 3344 4805 de
3380 4758 3557 4821 temps
3580 4767 3649 4805 en
3683 4758 3861 4822 temps
3890 4752 4118 4821 precher
4151 4771 4185 4807 a
4214 4752 4594 4820 Vandoeuvre,

2652 4833 2895 4955 {5253
2909 4817 3123 4954 galiis}
3167 4823 3314 4874 cette
3357 4819 3569 4890 opeque
3611 4819 3812 4874 n’avait
3865 4837 3964 4890 pu
4009 4822 4079 4875 de
4124 4826 4347 4892 pasteur
4390 4821 4599 4877 attitrd.

2821 4954 2917 5159 ΞΞΞ
2952 4953 3202 5151 {ff
3152 5108 3297 5149 ...a
3230 5024 4205 5163 aarmamffmw
4188 5026 4470 5094 ”fm-

2649 5176 2771 5217 “r
2820 5166 3284 5296 narr-etam
3327 5227 3569 5286 adGod.
3607 5228 3706 5284 111
3752 5231 4019 5287 nonnam
4065 5232 4353 5288 amotae&

2646 5298 2880 5367 efficeret
2913 5313 2996 5366 ep.
3044 5297 3189 5354 hane
3233 5299 3333 5353 cub
3376 5298 3539 5367 finem
3576 5298 3879 5355 Februarii
3921 5305 4022 5355 aut
4051 5316 4095 5356 c.
4128 5300 4351 5356 mitian
