5050 6167
642 436 766 499 315

643 621 842 698 audit,
887 628 953 684 et
995 620 1104 700 qui
1151 640 1265 683 vos
1311 618 1563 699 spernit
1605 638 1709 680 me
1753 617 2030 698 spernit3
2076 614 2187 695 qui
2225 622 2441 678 autem
2476 634 2584 677 me

643 706 911 789 spernit,
951 704 1202 786 spernit
1251 725 1397 767 cum
1457 703 1567 785 qui
1618 702 1799 765 misit
1854 723 1974 764 me.
2076 700 2257 764 Haec
2316 699 2584 763 Domini

641 793 861 865 verba,
906 788 1180 854 subinde
1225 788 1499 870 repetita
1544 788 1917 851 ministrum
1962 785 2226 862 Christi,
2284 786 2392 866 qui
2428 806 2585 849 vere

642 878 939 942 minister
981 885 1094 952 est,
1140 876 1429 939 efficiunt
1453 883 1715 955 gratum
1738 869 1912 954 apud
1935 870 2187 935 fideles:
2234 878 2364 933 tam
2405 869 2589 934 abest

642 971 719 1028 ut
741 963 819 1026 ab
847 982 973 1024 uno
990 972 1181 1042 atque
1198 960 1400 1023 altero
1420 960 1616 1022 verbo
1639 958 1964 1020 severiore
1981 956 2273 1018 odiosum
2289 955 2582 1019 reddant.

814 1047 1151 1110 Hactenus
1195 1056 1414 1109 autem
1451 1044 1895 1107 intelleximus
1932 1050 2254 1123 pastorem
2294 1055 2584 1104 vestrum

642 1132 739 1196 ita
796 1131 1182 1214 perdurasse
1241 1131 1309 1193 in
1370 1129 1663 1193 doctrina
1729 1150 1889 1192 sana
1948 1148 2139 1208 quam
2202 1148 2314 1190 vos
2380 1128 2584 1205 impo-

644 1219 886 1291 suistis,
934 1230 1011 1281 ut
1055 1239 1136 1281 ne
1179 1217 1386 1280 latum
1430 1214 1687 1297 quidem
1749 1213 2025 1294 digitum
2094 1211 2174 1275 ab
2230 1234 2305 1275 ea
2349 1211 2587 1274 disces-

645 1306 823 1382 serit,
866 1304 993 1367 imo
1038 1313 1113 1366 ut
1152 1303 1259 1365 vel
1304 1301 1413 1382 qui
1462 1308 1779 1383 putantur
1822 1298 2065 1362 inimici
2112 1298 2325 1361 virum
2366 1307 2588 1358 tamen

647 1402 715 1453 et
758 1411 797 1452 a
837 1388 969 1452 vita
1013 1400 1077 1451 et
1119 1409 1159 1451 a
1203 1388 1497 1452 doctrina
1552 1384 2026 1449 commendent.
2128 1383 2308 1465 Ergo
2364 1383 2421 1445 si
2480 1401 2590 1445 vo—

646 1476 815 1540 catio
860 1474 1149 1554 legitima
1190 1482 1304 1550 est,
1351 1482 1418 1536 et
1466 1471 1760 1535 Far-ellus
1791 1471 1928 1551 egit
1949 1468 2265 1532 hactenus
2299 1467 2584 1531 officium

648 1559 819 1642 quod
868 1581 983 1624 vos
1026 1559 1149 1641 ipsi
1194 1557 1624 1632 commisistis,
1671 1556 1823 1637 quid
1871 1576 2028 1631 csse,
2066 1574 2181 1635 per
2203 1552 2586 1627 Dominum,

646 1652 863 1728 potest
920 1643 1090 1725 (111οᾶ
1147 1643 1483 1715 ecclesiam
1544 1644 1732 1704 istam
1791 1639 2173 1722 perturbat?
2285 1637 2591 1702 Severior

650 1743 750 1795 est
802 1730 1077 1795 forsitan
1134 1750 1327 1811 quam
1386 1737 1461 1792 ut
1516 1728 1714 1808 aliqui
1774 1725 2050 1789 libenter
2122 1725 2350 1788 ferant.
2455 1719 2589 1809 Sed

650 1816 776 1881 1100
841 1815 921 1880 (10
985 1814 1254 1878 eeclesia
1318 1824 1539 1877 vestra
1614 1833 1743 1875 non
1812 1810 1970 1875 libet
2048 1810 2328 1875 credere.
2455 1807 2590 1887 Qui

647 1921 928 1984 namque
982 1900 1089 1965 vel
1144 1899 1475 1963 hominem
1534 1898 1703 1980 agit,
1759 1908 1939 1961 taceo
1993 1896 2455 1971 christianum,
2521 1895 2588 1957 in

649 1985 843 2053 corde
886 2006 1004 2051 suo
1046 1987 1230 2051 novit
1271 2005 1412 2049 0880
1448 1996 1745 2064 oportere
1790 1983 1898 2064 qui
1940 1990 2201 2063 peccata
2237 1980 2594 2061 corripiant

649 2070 734 2138 ad
777 2072 1312 2136 emendationem.
1385 2068 1577 2149 Quod
1621 2068 1679 2132 si
1720 2067 1841 2133 1100
1886 2069 2087 2143 novit,
2133 2067 2382 2129 invitus
2424 2066 2589 2129 acci·-

649 2176 805 2241 pere
846 2180 975 2221 non
1019 2165 1230 2239 potest
1274 2155 1430 2219 dum
1474 2154 1635 2218 vitia
1668 2162 1998 2227 taxantur,
2044 2154 2169 2216 nisi
2214 2150 2355 2214 Deo
2406 2158 2594 2215 vacet

651 2263 764 2309 cor
807 2244 963 2306 eius.
1054 2240 1186 2306 Sed
1230 2250 1386 2314 estc,
1432 2239 1718 2303 severior
1761 2241 1865 2316 sit,
1912 2237 2067 2303 dum
2110 2237 2291 2302 videt
2342 2238 2591 2318 flagitia

650 2329 957 2413 graviora
1000 2347 1115 2410 per
1157 2324 1659 2409 impudentiam,
1715 2346 1799 2387 ne
1856 2323 2146 2388 dicamus
2204 2344 2319 2404 per
2361 2322 2590 2404 impie-

650 2420 886 2491 tatem,
952 2412 1202 2494 patrari
1266 2411 1347 2475 ad
1394 2409 1950 2474 dehonestandum
2002 2419 2298 2474 sanctum
2356 2428 2588 2471 nomen

649 2496 800 2574 Dei,
847 2496 930 2563 ad
973 2496 1545 2562 contaminandam
1592 2494 1958 2569 ecclesiam,
2018 2495 2100 2560 ad
2151 2494 2395 2557 malum
2453 2514 2591 2556 om-

652 2585 839 2650 nium
883 2583 1283 2664 exemplum:
1330 2581 1461 2645 iam
1506 2590 1645 2644 tum
1685 2579 1755 2643 in
1801 2581 2011 2645 officio
2070 2580 2364 2662 delegato
2417 2592 2592 2642 recte

653 2676 970 2737 versatur.
1072 2668 1360 2750 Spiritus
1427 2679 1691 2730 sanctus
1750 2665 1926 2729 enim
1991 2666 2210 2749 arguit
2273 2663 2590 2728 mundum

653 2753 736 2821 (10
779 2765 1043 2836 peccato
1097 2764 1163 2817 et
1220 2753 1301 2817 de
1358 2752 1606 2815 iustitia
1663 2758 1731 2815 et
1787 2749 1867 2815 de
1920 2752 2192 2827 iudici0‚
2249 2760 2316 2813 et
2371 2757 2593 2832 pastor

650 2838 864 2907 fidelis
917 2857 1233 2923 organum
1284 2846 1384 2902 est
1437 2858 1553 2918 per
1618 2834 1789 2918 quod
1853 2839 1991 2920 agit
2055 2837 2338 2919 spiritus.
2384 2912 2394 2921 .
2448 2835 2592 2899 Iam

652 2933 798 2991 tum
841 2926 979 3009 agit
1029 2944 1259 2987 verum
1316 2931 1678 3003 pastorem,
1732 2921 1963 3004 lupum
2021 2923 2288 3005 abigens
2330 2942 2447 3004 pro
2490 2921 2592 2985 vi-

652 3011 869 3087 ribus,
927 3029 1013 3073 110
1066 3008 1175 3074 vel
1231 3028 1387 3072 oves
1429 3008 1702 3072 invadat
1743 3007 1845 3071 vel
1881 3008 2014 3072 iam
2058 3008 2435 3073 vulneratas
2479 3026 2593 3088 pe-

652 3096 840 3162 nitus
897 3094 1222 3159 dilaceret.
1317 3092 1461 3157 Iam
1521 3103 1697 3157 certe
1752 3103 2002 3176 patrem
2063 3094 2202 3178 agit
2256 3093 2369 3176 qui
2423 3094 2593 3156 ferre

652 3181 879 3264 nequit
921 3190 996 3245 ut
1037 3179 1223 3244 liberi
1265 3179 1369 3242 sui
1411 3180 1693 3263 peccatis
1734 3187 2245 3263 conspurcentur
2290 3198 2366 3244 ac
2410 3200 2593 3260 pere-

655 3274 800 3334 ant:
879 3265 1012 3329 imo
1090 3267 1221 3329 iam
1286 3265 1357 3328 in
1422 3265 1801 3328 memoriam
1867 3275 2126 3330 revocat
2189 3263 2343 3346 quid
2410 3263 2593 3328 Deus

653 3350 1093 3418 comminatur
1135 3349 1472 3432 prophetis
1516 3350 1651 3414 suis
1694 3370 1810 3431 per
1849 3349 2181 3415 Ezechiel:
2229 3348 2402 3433 quod
2443 3368 2592 3412 san-

653 3436 921 3522 guinem
979 3434 1492 3517 delinquentium
1553 3434 1982 3518 requisiturus
2024 3436 2113 3500 sit
2155 3435 2236 3500 de
2291 3435 2594 3500 manibus

653 3542 912 3597 eorum,
991 3522 1046 3584 si
1111 3531 1412 3603 peccator
1481 3540 1597 3602 per
1660 3519 2238 3585 dissimulationem
2301 3521 2592 3602 ipsorum

652 3606 937 3691 perierit.
1041 3607 1151 3670 An
1214 3625 1355 3670 csse
1426 3612 1667 3686 potest,
1736 3609 2117 3688 praesertim
2186 3607 2257 3671 in
2322 3606 2592 3672 ecelesia

652 3700 905 3767 vestra,
961 3692 1033 3755 in
1087 3711 1219 3772 qua
1276 3689 1579 3756 Christus
1635 3711 1754 3773 per
1812 3692 2082 3757 verbum
2151 3713 2340 3757 suum
2406 3700 2591 3755 tanto

652 3784 946 3860 tempore
990 3774 1343 3851 habitavit,
1402 3778 1511 3858 qui
1549 3776 1631 3841 ad
1675 3777 2143 3860 correptionem
2178 3786 2593 3859 peccatorum

651 3861 762 3929 vel
804 3881 995 3927 aures
1031 3884 1161 3926 non
1208 3861 1423 3940 habet,
1467 3862 1577 3926 vel
1620 3863 1973 3928 teneriores
2029 3862 2224 3927 habet
2280 3884 2475 3945 quam
2519 3870 2595 3927 ut

651 3946 721 4013 id
746 3949 875 4030 pati
911 3945 1217 4012 valeant?
1285 3947 1392 4012 An
1439 3956 1538 4011 cst
1579 3949 1691 4029 qui
1734 3947 1973 4013 oblitus
2015 3947 2356 4030 pastoralis
2399 3969 2593 4013 curae

652 4039 722 4099 et
773 4032 966 4097 officii
1016 4052 1242 4097 vocem
1296 4032 1491 4114 paulo
1549 4034 1941 4098 severiorem
1998 4044 2132 4098 tam
2187 4033 2413 4114 iniquo
2465 4036 2595 4097 fert

652 4118 871 4183 animo
915 4124 992 4182 ut
1034 4124 1375 4201 propterea
1410 4126 1734 4201 pastorem
1778 4117 2019 4183 bonum
2063 4139 2139 4185 ac
2182 4117 2438 4183 fidelem
2481 4141 2592 4183 cu-

650 4202 795 4287 piat
834 4202 1161 4269 eiectum?

825 4287 901 4353 si
944 4288 1111 4353 tales
1154 4295 1326 4365 sunt,
1372 4288 1497 4353 viri
1541 4289 1789 4371 optimi,
1844 4288 2164 4368 dolemus,
2223 4290 2409 4355 nobis
2453 4310 2593 4355 cre·

653 4372 819 4453 dite,
874 4395 1074 4457 supra
1125 4394 1321 4456 quam
1380 4371 1505 4440 dici
1556 4382 1801 4456 potest,
1850 4375 2056 4441 vicem
2106 4383 2414 4453 vestram,
2460 4375 2593 4438 imo

650 4456 917 4524 illorum
981 4470 1049 4523 et
1111 4468 1416 4524 vestram.
1526 4459 1752 4538 Hanc,
1824 4460 1995 4543 quod
2059 4461 2299 4526 scimus
2371 4460 2593 4527 oculos

650 4553 906 4611 vestros
960 4565 1092 4609 non
1147 4565 1334 4627 posse
1388 4545 1882 4628 protervitatem
1936 4547 2285 4630 impiorum
2350 4546 2593 4611 intueri

651 4628 795 4696 sine
838 4649 1075 4714 magno
1118 4629 1353 4709 dolore,
1398 4631 1624 4697 multis
1675 4631 1989 4713 suspiriis,
2046 4632 2454 4698 ferventibus
2496 4631 2592 4695 la-

650 4716 912 4801 crymis.
1012 4714 1316 4794 Illorum,
1388 4714 1562 4800 quod
1631 4717 1886 4800 lapsum
1949 4718 2378 4801 intelligimus
2441 4737 2592 4801 gra-

649 4801 1025 4879 vissimum,
1081 4822 1316 4884 nempe
1372 4822 1411 4866 a
1466 4823 1671 4887 regno
1723 4801 1852 4867 Dei
1911 4803 2079 4886 quod
2132 4815 2233 4869 est
2285 4802 2451 4869 lucis
2508 4801 2593 4866 ad

647 4902 929 4970 regnum
995 4884 1283 4952 Satanae
1346 4887 1517 4970 quod
1580 4888 1996 4954 tenebrarum
2070 4898 2185 4954 est.
2295 4887 2442 4953 Hac
2520 4910 2591 4951 re

648 4972 808 5119 qpid
860 4971 1185 5037 infelicius
1241 4980 1454 5055 potest
1510 4972 1682 5040 dici?
1743 4972 1898 5057 quid
1969 4975 2268 5039 miserius
2328 4972 2589 5037 audiri?

719 5066 932 5124 eteres
981 5055 1061 5122 de
1117 5058 1317 5140 lapsis
1369 5059 1576 5125 multo
1628 5059 1848 5125 labore
1911 5066 1978 5124 et
2030 5079 2270 5143 magna
2324 5067 2590 5124 conten-

649 5144 830 5210 tione
895 5143 1430 5227 disputaverunt,
1495 5165 1579 5210 an
1644 5145 1726 5210 ad
1781 5145 2246 5228 poenitentiam
2309 5143 2593 5210 debeant

651 5227 929 5307 admitti,
974 5237 1043 5295 et
1076 5228 1143 5294 id
1169 5230 1277 5294 vix
1303 5229 1566 5296 tandem
1588 5231 2008 5296 invenerunt:
2057 5229 2217 5295 adeo
2252 5240 2589 5313 peccatum

649 5311 827 5380 istud
908 5315 1156 5400 grande
1234 5322 1301 5380 et
1376 5337 1578 5399 grave
1642 5318 1767 5382 fuit
1834 5316 1904 5380 in
1981 5313 2280 5382 cordibus
2343 5336 2586 5382 eorum.

2181 424 2704 493 EPIS'POLAE
2751 431 3042 493 370—37
3055 432 3078 490 1

4502 428 4621 491 316

2686 614 2940 678 Verum
2983 624 3237 679 tantam
3281 616 3405 680 Dei
3451 614 3959 679 inisericordiam
4013 615 4082 678 in
4140 613 4479 696 scripturis
4525 615 4623 677 vi·

2689 698 2928 763 derunt
3003 700 3470 782 praedicatam.
3549 710 3627 763 ut
3703 702 3843 764 eius
3918 697 4299 783 magnitudo
4367 708 4625 779 peccata

2687 785 2956 866 quaevis
3000 787 3421 862 atrocissima,
3465 787 3622 850 item
3665 796 3732 850 et
3773 786 4122 868 lapsorum,
4179 792 4395 866 posset
4449 785 4625 848 obte-

2690 891 2847 933 rere.
2938 871 3088 935 Huc
3131 886 3196 935 et
3234 872 3538 953 exempla
3577 872 3872 936 fecerunt
3928 872 4288 947 Manassae,
4337 870 4518 934 Petri
4560 879 4628 934 et

2689 956 2991 1032 aliorum,
3054 964 3130 1020 ut
3182 957 3620 1021 concluserint
3673 960 3841 1021 sicut
3895 957 4192 1021 auditum
4237 966 4350 1019 est.
4442 953 4626 1034 Quae

2690 1041 3028 1106 adijcimus
3083 1053 3159 1104 ut
3216 1043 3272 1105 si
3330 1043 3440 1124 qui
3497 1054 3650 1106 sunt
3704 1043 3888 1127 (nam
3945 1052 4264 1124 perpetuo
4318 1062 4465 1122 spes
4507 1050 4627 1121 est,

2690 1126 2860 1207 quod
2915 1138 2980 1191 et
3036 1125 3226 1191 modo
3270 1149 3497 1192 sumus
3554 1130 3805 1204 testati,
3867 1150 4006 1191 rem
4052 1148 4237 1191 secus
4293 1147 4486 1208 quam
4545 1124 4626 1191 ad

2690 1232 2809 1276 nos
2868 1213 3130 1277 devenit
3191 1213 3458 1292 habere)
3513 1235 3672 1294 quos
3729 1216 3908 1278 Deus
3965 1214 4058 1276 ita
4115 1212 4245 1275 labi
4311 1212 4625 1293 permisit,

2691 1297 2772 1360 ad
2828 1319 2897 1361 se
2952 1296 3223 1363 redeant
3280 1308 3349 1362 et
3387 1298 3471 1362 ad
3516 1300 3893 1373 Dominum,
3948 1310 4014 1361 ct
4055 1299 4113 1361 18
4157 1318 4380 1362 eorum
4433 1297 4630 1361 mise-

2690 1383 2954 1447 rebitur.
3045 1384 3189 1448 Hoc
3225 1395 3443 1448 0010111
3480 1385 3538 1449 81
3575 1386 3782 1449 100010
3820 1383 4342 1457 detrectaverint,
4386 1383 4631 1465 magis·

2691 1489 2814 1549 (100
2868 1467 3188 1550 placuerit
3237 1469 3591 1552 perdurare
3647 1471 3713 1533 in
3773 1469 4086 1545 tenebris,
4144 1482 4406 1551 practer
4463 1469 4633 1534 iram

2690 1554 2814 1617 Dei
2853 1575 3049 1635 quam
3088 1557 3456 1637 graviorem
3502 1555 3860 1620 cervicibus
3897 1556 4034 1619 suis
4079 1553 4160 1618 ob
4203 1556 4633 1637 pertinaciam

2691 1639 2900 1722 magis
2944 1660 3018 1704 ac
3063 1640 3270 1722 magis
3305 1643 3657 1722 imponent,
3703 1641 3889 1705 facile
3927 1641 4222 1704 videmus
4259 1660 4423 1721 quae
4460 1639 4637 1704 mala

2694 1726 2826 1788 sint
2869 1738 3363 1808 consequutura.
3435 1726 3766 1808 Principio
3803 1748 3930 1791 non
3981 1726 4279 1790 desinent
4315 1746 4354 1789 a
4389 1726 4636 1789 tumul·

2696 1808 2939 1873 tuando
2984 1811 3189 1875 donec
3232 1823 3556 1891 compotes
3597 1813 3730 1877 voti
3777 1813 4018 1876 fuerint
4067 1812 4297 1886 effecti,
4344 1811 4468 1875 hoc
4514 1819 4636 1888 est,

2695 1893 2896 1960 donec
2922 1894 3244 1960 Farellum
3265 1895 3551 1961 viderint
3589 1899 3862 1962 eiectum
3907 1910 3974 1961 et
4019 1898 4214 1960 alium
4260 1899 4641 1979 quempiam

2695 1980 3131 2063 subrogatum,
3175 1983 3288 2063 qui
3334 1983 3545 2047 dicere
3589 1983 4013 2064 compelletur
4059 1983 4399 2065 placentia.
4493 1983 4639 2047 Imo

2694 2087 2825 2129 non
2859 2065 3299 2149 compelletur,
3345 2066 3460 2131 scd
3493 2081 3724 2150 sponte
3758 2091 3876 2133 sua
3909 2067 4219 2131 mulcebit
4254 2068 4637 2133 auditorum

2694 2171 2899 2216 aures.
2992 2150 3266 2216 Cavebit
3321 2156 3497 2216 enim
3553 2177 3635 2218 nc
3688 2155 3775 2217 sit
3818 2154 4136 2229 FarelluS,
4194 2155 4321 2217 nisi
4378 2167 4452 2218 et
4494 2155 4636 2236 ipse

2693 2237 2855 2300 velit
2906 2236 3163 2318 expelli.
3266 2236 3460 2316 Quod
3515 2240 3572 2303 si
3624 2240 3823 2303 fuerit
3878 2240 3948 2302 in
3994 2242 4229 2317 anime,
4291 2259 4638 2321 nunquam

2695 2343 2763 2386 se
2817 2323 3150 2403 praebebit
3205 2343 3656 2389 successorem.
3757 2324 3981 2406 Neque
4042 2326 4246 2407 igitur
4307 2324 4639 2390 habebitis

2692 2408 3045 2486 meliorem,
3083 2429 3291 2489 neque
3325 2410 3658 2491 aequalem
3684 2412 3736 2474 si
3762 2410 3948 2474 illum
3972 2411 4307 2475 eieceritis.
4379 2410 4642 2491 Quam-

2693 2493 2914 2558 obrem
2959 2502 3025 2557 et
3066 2493 3269 2558 fames
3311 2494 3438 2557 erit
3479 2496 3660 2560 verbi
3705 2496 3773 2559 in
3818 2496 4088 2561 ecclesia
4133 2504 4378 2575 vestra,
4438 2517 4643 2578 quam

2693 2580 2929 2643 famem
2993 2600 3328 2660 nunquam
3395 2580 3670 2644 immisit
3736 2580 3918 2645 Deus
3997 2582 4155 2644 olim
4210 2602 4412 2662 quam
4481 2584 4646 2647 dum

2694 2675 2983 2728 extreme
3025 2664 3149 2727 fuit
3193 2672 3543 2746 peccatum,
3590 2666 3870 2748 dumque
3920 2667 4149 2749 grandi
4206 2667 4426 2748 aliquo
4483 2678 4645 2750 sup·

2696 2749 2884 2830 plicio
2934 2749 3244 2831 populum
3301 2772 3492 2815 suum
3547 2751 3813 2816 visitare
3873 2752 4091 2816 voluit.
4191 2753 4281 2815 Et
4346 2755 4649 2835 profecto

2693 2835 2836 2899 fieri
2879 2834 3116 2918 poterit
3150 2835 3348 2920 ((10οᾶ
3390 2858 3578 2901 omen
3625 2838 3805 2901 Deus
3840 2838 4161 2920 avertatl)
4203 2849 4277 2901 ut
4320 2839 4650 2919 paulatim

2696 2920 2936 2999 Satan,
3001 2929 3076 2985 ut
3139 2932 3239 2985 est
3300 2921 3478 2986 mille
3542 2924 3807 2999 artifex,
3873 2944 4097 2987 semen
4149 2934 4455 3006 spargat,
4516 2944 4650 3007 quo

2694 3005 2959 3070 tandem
3015 3007 3236 3090 gravis
3293 3007 3510 3088 aliqua
3562 3008 3754 3072 factio
3798 3008 4166 3073 suboriatur
4221 3010 4399 3073 inter
4444 3010 4650 3075 cives.

2695 3089 2880 3172 Quae
2922 3112 3028 3156 res
3072 3101 3146 3156 ut
3186 3093 3478 3158 cavenda
3522 3096 3624 3170 sit,
3671 3092 4019 3176 prudentia
4063 3105 4283 3158 vestra
4337 3117 4476 3158 non
4524 3094 4652 3160 dif-

2693 3177 2948 3242 ficulter
3055 3176 3351 3244 rovidere
3414 3190 3643 3261 potest.
3752 3178 3930 3243 Illud
3994 3189 4289 3244 constare
4352 3181 4655 3260 videtur,

2696 3283 2781 3327 ex
2825 3285 3018 3346 paroc
3071 3264 3124 3327 ‘s
3165 3265 3363 3328 totius
3405 3265 3747 3329 comitatus
3792 3267 3988 3329 vestri
4035 3265 4291 3328 nullum
4335 3286 4490 3331 0880
4535 3266 4657 3348 qui

2699 3349 2855 3413 velit
2902 3348 3103 3412 alium
3157 3350 3238 3414 ob
3292 3348 3654 3415 doctrinam
3703 3358 3768 3414 et
3823 3351 4148 3433 pietatem,
4195 3371 4326 3414 non
4374 3350 4464 3416 ob
4511 3353 4658 3417 sin-

2696 3434 2990 3517 gularem
3036 3433 3313 3516 aliquem
3358 3435 3699 3513 adfectum,
3746 3446 4004 3518 praeter
4041 3436 4421 3501 Far-ellum..
4463 3438 4658 3521 Ergo

2696 3519 3034 3584 dissidium
3076 3542 3250 3585 nunc
3293 3529 3410 3599 est,
3457 3521 3830 3603 priusquam
3870 3521 3949 3584 de
3991 3520 4301 3586 eiectione
4348 3523 4448 3587 sit
4493 3544 4660 3589 con-

2695 3605 2981 3682 clusum,
3039 3614 3106 3669 et
3162 3604 3242 3669 de
3296 3626 3662 3672 successore
3720 3605 3960 3687 aliquid
4005 3616 4340 3672 statutum.
4441 3610 4660 3674 Prae·

2696 3701 2927 3756 caveat
3000 3690 3183 3755 Deus
3249 3689 3588 3755 dissidium
3653 3693 3928 3756 fratrum
3996 3692 4063 3755 in
4130 3695 4262 3755 suis
4326 3694 4658 3761 ecclesiis.

2695 3776 2866 3840 Nam
2911 3776 3033 3840 hoc
3075 3773 3419 3840 adfirmare
3464 3777 3795 3853 audemus,
3841 3788 4208 3841 extremum
4251 3777 4508 3844 diaboli
4547 3800 4662 3846 co·

2694 3871 2922 3927 natum
2966 3863 3164 3925 istum
3205 3861 3420 3942 ipsum
3464 3883 3623 3928 0880.

2868 3946 3042 4027 Quid
3089 3966 3243 4011 vcro
3288 3947 3367 4011 de
3416 3947 3721 4012 scandalo
3780 3947 4067 4012 dicemus
4122 3947 4287 4028 quod
4348 3949 4666 4019 ccelesiis

2695 4032 2822 4115 piis
2865 4046 2931 4095 ct
2975 4032 3308 4115 papisticis
3357 4032 3508 4096 inde
3531 4032 3989 4113 praeberetur?
4061 4034 4456 4098 Horrebant
4479 4036 4663 4114 illae,

2697 4118 3139 4182 turbabuntur
3205 4131 3272 4181 et
3332 4118 3569 4181 misere
3636 4128 3829 4182 crunt
3893 4119 4195 4183 adfectae.
4300 4119 4664 4203 Neocomi,

2696 4202 2944 4279 dicent,
3000 4202 3414 4285 evangelium
3463 4203 3701 4267 habere
3748 4203 4004 4282 volunt,
4055 4213 4123 4267 et
4174 4225 4306 4267 non
4358 4216 4669 4287 possunt

2696 4289 2973 4352 tolerare
3027 4286 3351 4352 Farellum
3404 4299 3674 4371 patrem.
3776 4288 3987 4368 Quale
4039 4300 4293 4369 oportet
4347 4312 4670 4376 evange-

2696 4372 2857 4438 lium
2923 4372 3084 4437 illud
3149 4394 3290 4437 esse
3366 4372 3536 4455 quod
3610 4373 3931 4456 placebit?
4052 4374 4390 4439 Nimirum
4478 4377 4670 4461 quod

2696 4456 2900 4535 docet,
2947 4457 3286 4523 Christum
3329 4471 3656 4523 mortuum
3694 4460 3834 4524 sine
3870 4461 4342 4524 resurrectione
4393 4471 4473 4528 et
4511 4464 4671 4532 sino

2696 4544 3068 4626 acceptione
3112 4543 3379 4624 spiritus
3422 4545 3644 4609 sancti.
3735 4546 3937 4626 Atqui
3981 4544 4104 4609 hoc
4149 4545 4275 4609 tale
4325 4560 4439 4613 est
4476 4549 4675 4632 quod
4773 4550 4784 4561 '

2696 4631 2871 4695 ducit
2913 4629 2994 4693 ad
3037 4630 3293 4707 inferos,
3342 4652 3492 4694 nam
3528 4628 3858 4711 praedicat
3891 4643 4164 4694 mortem
4203 4629 4468 4699 Christi
4511 4636 4675 4704 81110

2693 4715 3109 4798 poenitentia.
3175 4715 3485 4797 Papistae
3530 4736 3682 4780 vero
3726 4737 3943 4780 annon
3989 4716 4398 4783 clamabunt:
4454 4720 4526 4785 N
4531 4744 4676 4790 unc

2695 4799 2955 4866 tandem
3013 4806 3191 4882 patet
3246 4821 3412 4884 quac
3468 4801 3557 4865 sit
3618 4800 3910 4867 doctrina
3961 4823 4158 4883 quam
4213 4801 4418 4869 hodie
4468 4808 4677 4892 cupit

2693 4884 2996 4962 mundus,
3042 4905 3278 4967 nempe
3324 4887 3542 4951 vivere
3583 4907 3704 4969 pro
3746 4885 3954 4965 libitu,
4002 4886 4220 4951 vivere
4273 4908 4400 4969 per
4449 4891 4678 4960 licen-

2695 4973 2854 5035 tiam
2897 4970 3146 5048 carnis,
3200 4971 3463 5037 credere
3507 4971 3845 5038 Christum
3889 4973 4277 5037 satisfecisse
4321 4994 4456 5054 pro
4507 4999 4676 5061 peo-

2693 5057 2855 5123 catis
2914 5057 3168 5131 nostris,
3225 5064 3483 5121 tantum
3539 5066 3613 5122 ut
3663 5058 4108 5140 voluptatibus
4155 5055 4676 5142 indulgeamus,

2695 5142 2878 5207 Haec
2920 5162 3081 5206 ansa
3124 5140 3390 5206 daretur
3429 5142 3646 5226 impiis
3690 5153 4170 5209 sacrosanctum
4213 5150 4682 5231 evangelium

2695 5227 2944 5294 Christi
3013 5226 3482 5307 calumniandi,
3563 5229 3934 5309 quatumvis
4000 5227 4502 5311 praedicatores
4571 5236 4682 5321 pii

2692 5335 2917 5381 omnes
2962 5313 3261 5377 nitantur
3292 5313 3362 5377 in
3399 5315 3812 5380 contrarium.
