5050 6167
372 423 496 485 409

373 607 801 690 apparuisset.
888 605 1252 675 Descendit
1308 619 1536 693 postea
1588 611 1672 675 ad
1736 612 2057 675 unitatem
2123 609 2327 677 eccle-

373 694 523 771 siae,
570 713 766 776 quam
808 694 996 758 miris
1038 696 1268 779 elogiis
1312 697 1815 772 commendavit,
1863 703 2146 761 testatus
2179 696 2324 761 nul·

368 778 508 843 lum
552 800 625 844 se
665 779 910 846 habere
965 781 1199 847 melius
1253 803 1376 847 nec
1430 782 1674 849 certius
1720 782 2029 846 solatium
2073 783 2142 845 in
2185 799 2325 846 cer-

369 865 617 929 tamine
660 865 911 944 mortis,
955 888 1154 948 quam
1199 869 1352 950 quia
1387 870 1458 934 in
1501 868 1619 933 illa
1661 869 1915 933 unitate
1955 867 2092 932 iam
2130 867 2326 949 plane

370 950 791 1016 confirmatus
859 964 1052 1018 esset.
1152 951 1459 1037 Collegae
1522 963 1744 1019 autem
1805 965 2065 1018 nostros
2127 953 2323 1035 paulo

369 1043 523 1101 ante
564 1044 931 1114 vocaverat,
978 1059 1055 1104 ac
1095 1038 1384 1105 redierat
1423 1060 1576 1105 cum
1607 1039 1740 1105 illis
1774 1040 1845 1102 in
2010 1039 2190 1116 tiam,
2237 1057 2323 1102 ne

367 1123 421 1188 si
463 1122 538 1186 in
580 1121 695 1187 illo
739 1121 1008 1189 dissidio
1052 1127 1475 1207 perstitisset,
1531 1147 1608 1191 eo
1662 1146 1896 1208 exemp
1923 1146 1961 1188 o
2006 1121 2121 1188 alii
2162 1123 2322 1188 abu-

269 1255 274 1262 ·
368 1216 683 1273 terentur.
769 1207 1055 1275 Dixerat
1096 1221 1320 1276 autem
1361 1213 1579 1278 nobis:
1639 1210 1868 1293 Quum
1911 1205 2176 1292 publica
2217 1230 2322 1277 ec·

367 1293 603 1359 clanim
646 1292 1009 1361 aedificatio
1068 1317 1189 1362 vos
1247 1307 1440 1382 cogat
1491 1297 1577 1362 ad
1631 1297 1778 1362 illos
1832 1317 1950 1379 pro
2006 1295 2322 1361 fratribus

365 1378 771 1457 tolerandos,
827 1400 946 1447 cur
1001 1403 1136 1446 non
1191 1383 1420 1449 eadem
1475 1385 1728 1449 ratione
1781 1401 1903 1467 pro
1946 1380 2320 1463 pastoribus

365 1465 829 1549 agnoscerem?
916 1466 1373 1534 Admonuerat
1414 1479 1638 1535 tamen
1680 1489 1791 1534 eos
1833 1467 2025 1543 seri0‚
2069 1486 2147 1530 ac
2188 1465 2319 1531 illis

364 1548 522 1634 quid
563 1561 943 1633 peccassent
982 1553 1054 1618 in
1099 1556 1481 1620 memoriam
1516 1554 1884 1621 reduxerat.
1953 1550 2090 1618 Sed
2125 1549 2319 1616 redeo

363 1635 449 1702 ad
491 1634 679 1701 illam
735 1645 1136 1720 postremam
1189 1641 1567 1706 orationem.
1656 1640 2039 1707 Conversus
2079 1636 2164 1701 ad
2207 1656 2319 1702 eos

361 1723 480 1806 qui
521 1720 888 1802 adstabant,
933 1724 1234 1791 hortatus
1275 1738 1377 1792 est
1416 1748 1645 1793 omnes
1685 1739 1760 1792 ut
1791 1724 2098 1792 ecclesiae
2141 1742 2317 1788 com-

358 1809 746 1874 munionem
789 1808 1108 1876 haberent
1149 1812 1701 1892 commendatam;
1746 1833 1857 1878 eos
1897 1831 2054 1877 vero
2097 1810 2212 1892 qui
2245 1809 2320 1872 in

360 1895 795 1961 caeremoniis
836 1904 908 1960 et
949 1896 1177 1963 diebus
1195 1901 1250 1974 ²)
1295 1908 1450 1963 sunt
1490 1899 1931 1981 superstitiosi
1975 1894 2318 1978 admonuit

359 1990 438 2046 ut
482 1978 779 2063 deposita
811 1983 1175 2063 pervicacia
1210 1984 1397 2049 nobis
1431 1984 1939 2066 acquiescerent:
1983 2003 2104 2047 nos
2139 1980 2317 2046 enim

356 2066 601 2132 melius
655 2086 730 2132 ac
785 2067 1176 2148 prudentius
1233 2067 1462 2134 videre
1516 2068 1673 2153 quid
1728 2068 2067 2152 expediret
2120 2087 2316 2149 quam

355 2152 543 2219 illos:
601 2172 673 2217 se
725 2172 981 2236 quoque
1039 2153 1110 2218 in
1161 2154 1294 2220 illis
1352 2156 1555 2221 fuisse
1618 2155 1830 2239 magis
1892 2154 2314 2230 obstinatum,

356 2236 480 2305 sed
514 2237 702 2304 datos
736 2237 863 2304 sibi
902 2237 1168 2305 demum
1200 2240 1441 2318 oculos,
1487 2251 1564 2306 ut
1596 2241 1850 2306 videret
1883 2260 2078 2322 quam
2116 2239 2315 2306 noxia

355 2333 537 2391 esset
580 2324 931 2391 contentio.
1006 2324 1247 2391 Postea
1283 2327 1756 2392 confessionem
1799 2325 2004 2390 edidit
2045 2322 2314 2388 brevem

354 2430 433 2474 ac
477 2430 754 2494 gravem
810 2428 886 2474 ac
938 2411 1358 2477 luculentam.
1459 2411 1624 2476 Inde
1677 2434 1797 2477 nos
1852 2410 2150 2475 hortatus
2194 2420 2313 2486 est,

352 2515 567 2578 quum
609 2494 695 2560 ad
738 2494 899 2561 alias
953 2496 1148 2562 officii
1189 2509 1408 2580 partes
1424 2548 1438 2574 ,
1499 2506 1642 2562 tum
1688 2518 1841 2563 vero
1884 2495 1967 2561 ad
2009 2503 2313 2560 constan-

353 2582 554 2647 tiam:
602 2601 726 2647 nec
767 2601 958 2647 secus
999 2602 1075 2647 ac
1119 2593 1305 2649 vates
1347 2584 1587 2667 aliquis
1629 2581 1709 2646 de
1753 2581 1992 2647 futuris
2035 2578 2311 2646 difficul-

351 2667 609 2733 tatibus
686 2685 1058 2732 sermonem
1134 2666 1383 2735 habuit.
1506 2666 1612 2734 De
1674 2666 2011 2751 republica
2073 2666 2314 2730 mirum

352 2773 564 2836 quam
607 2753 939 2835 sapienter
973 2752 1215 2818 dixerit
1256 2754 1426 2839 quod
1470 2754 1553 2819 ad
1596 2774 1736 2819 rem
1778 2752 2164 2836 pertinebat.
2230 2750 2314 2815 In

349 2839 595 2922 primis
629 2846 705 2903 ut
736 2837 1232 2905 reconciliandis
1268 2840 1460 2907 sociis
1495 2839 1768 2905 urbibus
1785 2839 1843 2922 ⁸)
1887 2856 2314 2922 pergeremus

351 2943 633 3009 operam
668 2923 1091 3006 studiumque
1126 2925 1501 3008 impendere
1536 2923 2033 2990 commendavit.
2101 2921 2312 3004 Quid-

347 3009 515 3094 quid
561 3010 1010 3076 vociferentur
1050 3010 1316 3077 clamosi
1360 3012 1445 3077 ali
1493 3012 1578 3084 ui,
1627 3010 1899 3088 dicebat,
1945 3030 2079 3075 non
2121 3027 2311 3090 opor-

348 3103 450 3162 tet
493 3117 620 3163 vos
659 3096 898 3161 animis
938 3095 1174 3180 frangi.
1262 3096 1408 3162 Non
1542 3098 1662 3163 beo
1697 3106 1959 3162 tantum
2001 3094 2313 3176 temporis

344 3190 429 3248 ut
482 3181 717 3248 omnia
785 3201 1156 3264 persequar.
1258 3182 1395 3248 Nos
1451 3183 1562 3249 ubi
1619 3183 1840 3266 aliqua
1897 3180 2310 3258 subiecimus,

344 3267 777 3351 concepimus
846 3268 1227 3333 orationem.
1317 3267 1430 3334 Sic
1485 3267 1918 3334 discessimus.
2007 3264 2313 3332 Secunda

337 3352 826 3439 pomeridiana,
887 3373 1091 3435 quum
1135 3374 1304 3420 uxor
1341 3374 1489 3420 mea
1527 3356 1847 3434 venisset,
1905 3353 2099 3419 iussit
2140 3352 2310 3417 bono

339 3440 579 3507 animo
624 3458 768 3505 esse
810 3438 1123 3522 quidquid
1167 3439 1517 3507 accideret:
1563 3442 1881 3524 cogitaret
1922 3461 1993 3505 se
2036 3459 2170 3504 non
2213 3445 2311 3501 te-

338 3545 568 3606 mere,
629 3520 745 3590 sed
799 3525 1086 3591 mirabili
1130 3526 1256 3591 Dei
1310 3525 1575 3592 consilio
1618 3525 1750 3592 huc
1792 3525 2139 3591 adductam
2155 3573 2172 3602 ,
2236 3531 2313 3587 ut

339 3613 495 3696 ipsa
555 3630 817 3694 quoque
872 3613 1213 3693 evangelio
1268 3612 1562 3678 serviret.
1582 3613 1639 3692 ⁴)
1737 3612 1946 3676 Paulo
1999 3625 2150 3693 post
2202 3606 2310 3673 de-

335 3696 734 3774 nunciavit,
799 3715 1030 3763 vocem
1082 3699 1217 3762 iam
1271 3698 1398 3764 sibi
1445 3698 1626 3781 eripi.
1716 3697 2065 3764 anterum
2113 3694 2310 3761 etiam

335 3785 492 3851 sine
541 3803 708 3849 voce
750 3781 1222 3848 confessionem
1263 3804 1333 3848 se
1377 3784 1665 3848 retinere
1706 3785 1777 3847 in
1821 3783 2056 3862 animo,
2110 3799 2309 3865 quam

382 3870 538 3936 rius
585 3865 909 3945 ediderat,
967 3887 1044 3933 ac
1097 3869 1167 3933 in
1227 3890 1305 3934 ea
1346 3870 1758 3934 moriturum.
1846 3868 1994 3933 Illic
2037 3867 2308 3933 recitato

393 3953 696 4021 imeonis
738 3954 1021 4032 cantion,
1078 3965 1274 4036 atque
1327 3956 1468 4020 eius
1521 3956 2059 4037 interpretatione
2109 3952 2192 4018 ad
2237 3971 2308 4015 se

332 4041 714 4126 applicata:
750 4037 931 4118 Vidi,
965 4039 1196 4123 inquit,
1232 4050 1301 4105 et
1333 4061 1532 4106 manu
1567 4041 1757 4124 tetigi
1791 4039 2075 4106 salutare
2107 4035 2305 4114 istud,

332 4137 549 4211 atque
595 4126 694 4190 ita
725 4145 797 4190 se
833 4124 916 4190 ad
949 4127 1235 4207 quietem
1268 4129 1646 4209 composuit.
1711 4126 1975 4191 Exinde
2009 4142 2308 4189 sermone

332 4215 474 4280 fuit
519 4211 902 4290 destitutus,
946 4212 1217 4278 nutibus
1260 4219 1480 4296 tamen
1513 4211 1863 4290 indicabat,
1907 4230 1980 4276 se
2012 4211 2184 4275 nihil
2226 4208 2308 4272 de

333 4299 561 4367 animi
608 4297 838 4381 vigore
889 4297 1264 4378 perdidisse.
1352 4297 1496 4363 Sub
1538 4297 1770 4362 horam
1810 4306 2112 4380 quartam
2152 4293 2311 4363 veni

333 4385 502 4452 illuc
566 4404 725 4449 cum
780 4383 1084 4466 syndicis.

333 4489 734 4539 sermonem
786 4478 1062 4534 conatus
1119 4479 1319 4545 esset,
1387 4477 1456 4533 et
1506 4468 1807 4535 faucibus
1861 4467 2309 4549 impediretur,

334 4557 512 4624 iussi
575 4574 670 4619 ne
722 4551 846 4619 sibi
901 4553 1213 4620 molestus
1269 4554 1550 4636 amplius
1602 4556 1800 4630 foret,
1859 4552 2116 4618 abunde
2172 4556 2313 4619 eius

333 4640 770 4711 confessione
813 4640 1239 4706 satisfactum.
1304 4639 1510 4724 Coepi
1549 4640 1819 4705 tandem
1861 4640 2037 4721 loqui
2080 4650 2155 4703 ut
2198 4660 2312 4721 po-

333 4731 478 4796 tui:
531 4724 804 4793 audivit
838 4725 1029 4790 vultu
1063 4725 1412 4790 admodum
1448 4728 1806 4809 composito
1842 4736 1910 4790 et
1943 4725 2312 4809 tranquillo.

333 4813 658 4880 Vixdum
721 4832 982 4877 eramus
1057 4813 1301 4895 egressi
1366 4833 1569 4894 quum
1647 4819 1946 4878 sanctam
2024 4813 2314 4876 animam

334 4895 635 4968 christo
679 4894 981 4961 reddidit.
1051 4897 1234 4962 Haec
1278 4897 1571 4962 narratio
1615 4898 1731 4962 vix
1776 4898 1895 4963 tibi
1939 4897 2067 4961 erit
2108 4899 2313 4962 credi-

333 4988 534 5066 bilis,
615 4984 674 5048 si
743 4982 1076 5066 expendas
1128 4982 1412 5048 hominis
1469 4995 1800 5048 naturam:
1870 5003 2098 5047 verum
2155 4983 2315 5047 scito

560 5205 634 5273 2)
669 5202 737 5259 de
770 5203 970 5273 quibas
1002 5204 1131 5259 clim
1165 5203 1370 5260 acriter
1403 5219 1447 5260 c.
1468 5203 1847 5260 nmmum
1881 5201 2314 5273 disceptabatur.

561 5275 633 5411 ἓξ
670 5273 960 5399 {guaz
988 5274 1316 5413 m,
1354 5348 1652 5412 quamtum
1682 5341 2312 5413 paucadceacciam.

2056 426 2215 487 1542
2261 391 2719 491 1UN.-IUL.

1174 4380 1395 4463 Quum
1446 4383 1788 4466 aliquoties
1842 4402 2184 4463 erumpere
2237 4381 2310 4445 in
2439 4436 2443 4439 .

4257 444 4388 505 410

2429 611 2632 676 fuisse
2673 633 2842 679 novo
2885 634 3155 696 prorsus
3189 616 3426 697 spiritu
3465 625 3622 685 tunc
3665 619 3995 687 donatum.
4085 623 4279 693 Nunc
4312 628 4386 692 in

2429 695 2795 780 deligendis
2842 700 3033 764 novis
3076 700 3343 785 collegis
3385 724 3612 769 sumus
3653 706 3848 771 valde
3890 711 4224 792 occupati,
4282 733 4386 778 eo-

2429 803 2555 865 que
2600 785 2811 867 magis
2853 784 3044 868 quod,
3092 785 3249 850 dum
3292 797 3601 870 putamus
3644 791 3830 857 nobis
3873 795 4222 877 contigisse
4264 800 4384 863 ali·

2426 888 2621 950 quem
2677 869 3016 948 idoneum,
3073 880 3300 953 postea
3344 872 3894 956 deprehendimus
3949 891 4215 947 nostrae
4268 904 4383 949 ex-

2427 955 2817 1035 spectationi
2860 977 2994 1020 non
3040 958 3199 1022 satis
3253 960 3667 1042 respondere.
3755 962 3888 1029 Ubi
3939 964 4183 1048 aliquid
4227 988 4380 1033 con-

2427 1039 2837 1105 stituerimus
2870 1042 3218 1126 intelliges.
3285 1044 3516 1128 Neque
3559 1049 3753 1127 enim,
3799 1069 4003 1131 quum
4038 1053 4230 1131 absis,
4277 1057 4379 1120 iu-

2426 1144 2586 1189 vare
2630 1147 2750 1192 nos
2788 1129 3054 1193 consilio
3099 1138 3300 1212 potes.
3390 1131 3577 1197 Vale.
3656 1139 3748 1198 16.
3796 1133 3972 1199 Iunii
4026 1143 4203 1203 1542.

3322 1640 3477 1714 403.

2890 1792 3322 1863 BUOERUS
3365 1798 3896 1868 BLAURERO.

2600 1963 2849 2031 obitum
2928 1965 3305 2051 colleqarum
3318 2015 3335 2044 ,
3424 1968 3663 2036 abitum
3742 1969 3993 2039 Geavim·
4074 1974 4368 2058 deplorat.

2422 2049 2880 2118 Constantiani-§i
2943 2051 3139 2118 alicui
3198 2053 3393 2136 fratri
3436 2062 3739 2139 paratam
3812 2078 3942 2124 esse
3994 2061 4369 2140 parochiam

2417 2138 2489 2201 in
2532 2137 2769 2205 vicinia
2802 2136 3134 2220 significat.

2418 2307 2524 2372 (Ex
2561 2308 2896 2378 autographo
2947 2308 3166 2363 Archiv.
3214 2308 3753 2446 'Il'llionffnigffrgent
3804 2311 3943 2383 Epp.
3993 2314 4189 2367 Buceri
4238 2315 4365 2370 Vol.

2414 2580 2641 2647 Fratri
2696 2584 2941 2667 optimo
2988 2584 3333 2650 Ambrosio
3375 2584 3698 2650 Blaurero
3752 2588 4000 2669 pastori
4058 2589 4368 2656 ecclesiae

2453 2666 2981 2736 Constantiensis
3023 2679 3433 2755 symmystae
3467 2673 3840 2738 venerando
3874 2680 3945 2738 et
3978 2675 4332 2741 carissimo,

2586 2803 2656 2870 S.
2718 2804 2802 2870 D.
2893 2802 3161 2888 Optime
3218 2813 3287 2871 et
3343 2806 3675 2873 carissime
3729 2808 3823 2872 mi
3878 2809 4205 2876 Ambrosi.
4305 2809 4368 2878 O

2413 2910 2610 2973 quam
2667 2890 2881 2956 sentio
2935 2900 3189 2975 ereptos
3232 2889 3607 2978 Capitonem,
3661 2893 4008 2960 Bedrotum
4047 2903 4113 2961 et
4160 2895 4369 2963 Calvi-

2413 2996 2584 3040 num.
2674 2974 2735 3042 Ο
2784 2975 3031 3059 primor
3073 2977 3243 3043 mole
3287 2978 3713 3062 negotiorum.
3803 2979 3978 3046 Boni
4021 3002 4178 3067 ergo
4213 3005 4368 3049 con-

2411 3062 2556 3126 sule
2597 3082 2724 3144 quo
2814 3082 2990 3127 nunc
3029 3083 3164 3128 non
3222 3062 3428 3147 plura.
3519 3064 3786 3150 Rogant
3827 3066 4250 3134 scholarchae
4292 3076 4370 3135 ut

2411 3146 2813 3231 inspectores
2868 3168 2987 3231 pro
3041 3169 3221 3214 more
3275 3150 3544 3214 mittant
3598 3161 3876 3235 quatuor
3944 3153 4141 3220 urbes
4240 3175 4369 3221 uae

2412 3230 2708 3317 gaudent
2750 3232 3074 3317 stipendio
3112 3232 3386 3317 Pufleri.
3418 3237 3469 3321 ¹)
3534 3235 3845 3302 Fratrem
3886 3237 4077 3303 illum
4117 3241 4173 3306 si
4240 3240 4370 3308 'bet

2413 3318 2624 3383 mitte.
2695 3320 3022 3385 Perochia
3066 3318 3326 3386 dabitur
3368 3320 3466 3385 illi
3510 3342 3673 3406 quae
3714 3322 4112 3390 mediocrem
4145 3327 4368 3409 provi-

2414 3403 2665 3469 sionem
2708 3405 2925 3471 habet.
2992 3404 3164 3472 Nam
3210 3406 3266 3472 si
3308 3408 3456 3490 pius
3500 3418 3601 3473 est
3645 3416 3713 3472 et
3739 3408 4082 3475 Christum
4126 3410 4369 3476 intelli-

2415 3491 2544 3574 git,
2603 3492 2847 3574 poterit
2902 3490 3186 3556 multum
3250 3491 3539 3559 fructum
3596 3493 3826 3559 facere.
3930 3492 4066 3561 Sed
4125 3498 4253 3561 erit
4309 3498 4370 3563 ei

2414 3576 2726 3659 parochia
2768 3577 2894 3642 ista
2937 3576 3221 3660 primum
3279 3578 3700 3644 instituenda.
3804 3579 3958 3646 Non
4014 3581 4242 3664 procul
4287 3582 4367 3648 ab

2413 3659 2576 3726 urbe
2620 3669 2737 3727 est.
2828 3660 2903 3728 Si
2962 3663 3190 3728 venire
3234 3663 3470 3743 nollet,
3530 3685 3722 3748 quam
3783 3665 4069 3748 primum
4128 3666 4366 3748 indica,

2411 3768 2497 3811 ne
2542 3746 2695 3812 boni
2739 3746 3042 3813 homines
3100 3747 3278 3833 negli
3414 3757 3537 3813 tur.
3625 3750 3820 3816 Nunc
3864 3751 4041 3817 enim
4086 3752 4240 3837 lupo
4284 3752 4365 3817 li—

2411 3832 2621 3897 berati
2665 3842 2820 3897 sunt
2879 3840 2948 3898 et
3005 3854 3236 3899 vacare
3322 3854 3515 3901 ocum
3558 3835 3672 3900 diu
3717 3856 3851 3901 non
3893 3837 4155 3903 bonum.
4242 3837 4366 3905 Sa-

2410 3917 2553 3983 luta
2598 3916 2946 4003 diligenter
2988 3918 3261 3984 fratrem
3300 3928 3366 3985 et
3389 3919 3655 4002 Ζυίσίοε,
3698 3932 3893 4006 atque
3927 3944 4153 3990 omnes
4188 3946 4220 3990 s
4268 3947 4365 3991 m-

2412 4009 2664 4086 mystas
2709 4013 3020 4088 tuamque
3061 4005 3378 4089 optimam
3422 4028 3711 4072 uxorem.
3779 4007 4183 4091 Argent.10.
4247 4012 4366 4076 ulii

2495 4226 2667 4291 Vale
2699 4226 3089 4304 felicissime,
3134 4227 3547 4294 carissimum
3710 4265 3803 4332 M·
3852 4266 4149 4331 Buoerug
4192 4275 4362 4333 tuus,

2789 4324 2986 4396 caput
3017 4333 3255 4379 meum.

2447 4534 2580 4596 403.
2618 4535 2675 4596 1)
2719 4532 3290 4605 OmnGynmacu’wm
3323 4534 3786 4602 Argentoratum
3818 4536 4141 4593 conderetur
4174 4540 4367 4595 statim

2415 4601 3347 4672 &stipendiicadeutcntandos
3391 4604 3579 4657 mismo
3634 4607 4363 4663 anmatosswdioeosac-

2413 4671 2824 4728 commodandis
2858 4671 3151 4740 capitatum
3185 4676 3284 4739 est,
3332 4673 3568 4727 maxim
3653 4687 3818 4727 acero
3852 4679 4047 4730 anctore
4079 4682 4131 4731 et
4162 4678 4367 4746 cupul-

2415 4756 2555 4796 sore.
2630 4739 2834 4796 Verum
2879 4741 3046 4822 etiam
3067 4740 3393 4820 ‘Elam-ems
3434 4741 3535 4794 hoc
3577 4742 3854 4823 negotium
3898 4742 4009 4798 eibi
4035 4760 4363 4825 promoven-

2415 4809 2628 4933 mmm
2578 4815 2993 4946 &mm-affl,
3009 4824 3335 4959 &mm
3288 4824 3606 4948 Quam
3605 4815 3992 4947 fimum&
3910 4817 4367 4938 Ἣωὲοΐὲ

2417 4963 2519 5001 auo
2565 4947 3115 5015 Aramum-mm
3166 4962 3255 5001 res
3305 4952 3603 5001 auxerim&
3674 4949 3835 5004 Inter
3888 4956 4129 5005 caeteros
4179 4952 4367 5021 opes-ie

2415 5015 2665 5082 fautores
2708 5016 2979 5071 eminebat
3025 5015 3229 5097 Petrus
3277 5013 3572 5097 Rumori-ns·
3621 5023 3890 5074 mercator
3930 5020 4224 5090 Immonis
4264 5022 4367 5102 gui

2417 5083 3171 5154 machelaribasprovsdd
3220 5083 4361 5144 hacoendstwmutetcaetemeeimta-

2416 5160 2497 5211 tes
2530 5153 2739 5210 amaia
2769 5155 3123 5212 instituo-ent
3156 5153 3440 5224 stipendia
3473 5151 3789 5223 (Rodm‘ch.
3812 5156 3904 5212 Π.
3940 5155 4053 5225 53.)
