5050 6167
378 440 495 501 541

374 643 584 704 cruce,
628 622 989 690 doctrinam
1030 623 1113 690 de
1160 624 1297 691 filio
1334 624 1485 705 Dei,
1530 626 1737 710 deque
1785 644 2024 691 arcana
2070 626 2327 710 sapien-

373 709 482 788 tia,
538 730 708 793 quae
750 721 852 777 est
892 710 1202 777 ecclesiae
1244 713 1526 796 propria,
1579 710 1661 777 de
1702 709 2161 796 magnitudine
2203 711 2328 778 hu-

371 814 610 861 manae
662 796 1079 875 infirmitatis,
1135 794 1218 863 de
1259 799 1685 881 poenitentia,
1752 805 1820 864 et
1880 796 2122 863 fiducia
2174 818 2328 881 pro-

371 881 610 947 missae
650 880 1131 949 misericordiae
1183 890 1449 967 propter
1489 884 1732 963 filium,
1790 883 1871 949 de
1925 904 2084 949 vera
2137 883 2326 949 invo-

372 967 627 1033 catione
661 975 729 1033 et
760 968 937 1035 veris
969 967 1278 1035 ecclesiae
1312 969 1685 1047 virtutibus,
1724 969 1806 1034 de
1827 967 2157 1054 mysteriis
2191 990 2324 1035 non

371 1052 755 1136 polluendis,
813 1053 895 1119 de
951 1053 1257 1121 ecclesiae
1311 1055 1556 1138 politia,
1613 1075 1751 1121 non
1800 1055 1916 1120 illa
1956 1076 2157 1139 quam
2199 1056 2324 1120 fin-

372 1148 540 1223 gunt
580 1140 940 1223 pontifices,
986 1139 1103 1205 sed
1145 1141 1356 1224 qualis
1398 1141 1525 1206 fuit
1556 1139 2031 1225 prophetarum
2067 1148 2134 1206 et
2167 1160 2323 1224 apo-

372 1222 707 1304 stolorum,
745 1224 1024 1309 denique
1058 1224 1140 1291 de
1175 1226 1315 1293 vita
1347 1235 1632 1292 aeterna.
1697 1226 1806 1291 Ad
1841 1226 2079 1291 harum
2112 1227 2324 1292 maxi-

367 1329 631 1375 marum
672 1331 895 1376 rerum
930 1310 1292 1377 doctrinam
1335 1312 1696 1378 ornandam
1729 1312 2089 1378 transferas
2126 1311 2321 1377 velim

369 1394 811 1479 eloquentiam
866 1406 1080 1463 tuam:
1140 1418 1307 1481 quae
1360 1407 1430 1463 et
1479 1399 1868 1465 confirmare
1923 1405 2197 1477 nostros,
2257 1404 2324 1463 et

369 1488 618 1547 terrere
683 1482 1124 1561 adversarios,
1207 1492 1273 1549 et
1349 1483 1679 1549 sanabiles
1754 1484 1985 1549 iuvare
2060 1484 2320 1568 poterit.

368 1565 583 1633 Cuius
624 1575 725 1633 est
778 1569 955 1633 enim
1007 1569 1214 1634 oratio
1270 1569 1394 1636 hoc
1449 1578 1740 1653 tempore
1803 1570 1874 1634 in
1928 1566 2323 1654 disputando

367 1652 475 1719 vel
519 1653 874 1733 nervosior,
930 1654 1039 1722 vel
1093 1653 1537 1739 splendidior?
1623 1655 1868 1721 Nostra
1911 1655 2015 1721 vel
2055 1663 2324 1738 propter

368 1739 621 1823 ingenii
663 1740 1134 1820 infirmitatem,
1180 1741 1286 1806 vel
1328 1749 1597 1824 propter
1639 1762 1751 1807 eas
1786 1760 2136 1806 aerumnas
2177 1742 2321 1824 qui-

368 1824 492 1890 bus
556 1837 941 1908 consumpta
1005 1834 1108 1892 est
1169 1836 1445 1893 naturae
1509 1827 1639 1905 vis,
1704 1828 1762 1892 si
1821 1846 1954 1909 qua
2013 1827 2153 1905 fuit,
2222 1835 2324 1892 est

368 1910 742 2060 Zualidior.
846 1912 1250 1996 Magnopere
1303 1913 1511 1997 igitur
1564 1911 1819 1996 gaudeo
1883 1910 2203 1978 divinitus
2254 1921 2323 1978 te

518 1996 842 2082 evangelii
911 1998 1415 2082 explicationem
1480 1999 1840 2064 excitatum
1899 2019 2060 2077 esse,
2129 2009 2322 2081 teque

365 2080 483 2146 illa
525 2082 804 2165 apostoli
861 2102 1018 2149 voce
1071 2082 1385 2150 adhortor
1436 2103 1635 2167 quam
1690 2082 1919 2150 scribit
1971 2084 2054 2150 ad
2099 2084 2322 2150 'Pimo-

367 2167 624 2233 theum:
678 2166 762 2249 μὴ
802 2167 1009 2248 ἀμέλει
1048 2172 1150 2233 τοι·
1188 2171 1249 2234 ἐν
1292 2174 1390 2234 σοὶ
1431 2180 1821 2253 χαρίσματος.
1911 2170 2059 2235 Etsi
2102 2178 2322 2237 autem

368 2252 600 2319 videor
664 2252 922 2339 ὀτρύνειν
977 2253 1309 2319 σπεύδοντα
1323 2301 1339 2329 ,
1404 2264 1627 2322 tamen
1693 2255 1776 2320 ad
1834 2256 2322 2323 confirmandos

367 2340 622 2404 animos
658 2337 784 2407 hae
825 2347 1094 2407 mutuae
1136 2362 1254 2407 seu
1306 2341 1788 2407 cohortationes
1801 2392 1817 2421 ,
1870 2363 1986 2408 seu
2030 2341 2322 2408 consola-

365 2424 597 2503 tiones,
656 2428 1039 2508 praesertim
1097 2427 1167 2492 in
1213 2427 1486 2494 ecclesia
1528 2425 1775 2511 aliquid
1813 2427 2203 2508 conducunt,
2248 2436 2323 2495 ut

363 2509 616 2576 Paulus
658 2532 728 2577 se
763 2514 857 2577 ait
898 2511 1069 2579 velle
1112 2515 1707 2600 συμπαρακληθῆναι
1748 2512 2026 2579 aliorum
2063 2514 2321 2598 piorum

365 2596 599 2662 officiis
620 2616 696 2663 ac
717 2599 1357 2665 commonefactione.
1404 2597 1587 2666 Satis
1624 2598 1861 2683 ubique
1895 2610 1996 2666 est
2030 2599 2320 2666 hostium

365 2682 480 2765 qui
522 2679 809 2749 Domino
851 2683 1101 2751 bellum
1139 2686 1452 2764 inferunt,
1499 2687 1612 2770 qui
1653 2707 1773 2751 nos
1818 2685 2034 2753 delere
2076 2706 2320 2753 conan-

365 2774 506 2833 tur:
570 2788 647 2833 eo
702 2769 791 2835 sit
843 2771 1095 2835 firmior
1135 2791 1490 2837 consensus
1544 2780 1798 2851 noster,
1853 2771 2152 2855 συμφερτὴ
2203 2770 2317 2858 γὰρ

365 2850 541 2939 αἱρετὴ
602 2862 918 2939 κρείσσων.
1017 2855 1352 2924 Fortassis
1413 2864 1639 2923 nostra
1698 2857 2063 2924 Germania
2123 2858 2320 2942 paulo

363 2947 514 3091 {ost
555 2959 597 3003 a
638 2942 872 3008 'furcis
906 2941 1293 3021 vastabitur,
1338 2940 1512 3026 quod
1554 2945 1609 3009 si
1652 2944 1785 3022 fiet,
1830 2964 1908 3009 eo
1951 2944 2160 3029 magis
2203 2965 2320 3010 vo·

406 3025 466 3090 is
524 3025 682 3093 alibi
739 3027 811 3091 in
867 3027 1025 3093 locis
1077 3027 1432 3094 tutioribus
1487 3026 1706 3095 studia
1756 3029 2099 3095 literarum
2144 3031 2320 3096 exci-

361 3108 570 3176 tanda
639 3120 854 3192 erunt,
930 3118 997 3178 et
1071 3114 1503 3199 pugnandum
1560 3114 2037 3194 vehementius,
2108 3123 2184 3181 ut
2247 3115 2322 3181 in

361 3195 618 3280 reliqua
668 3198 937 3282 Europa
989 3199 1319 3285 evangelii
1372 3200 1584 3267 lucem
1640 3200 2042 3280 accendatis,
2095 3209 2163 3267 et
2215 3222 2320 3267 re-

361 3282 648 3350 tineatis.

538 3367 735 3450 Quod
770 3368 853 3435 ad
873 3371 1325 3454 quaestionem
1361 3369 1442 3437 de
1475 3371 2087 3456 praedestinatione,
2120 3371 2322 3439 habe-

360 3452 514 3519 bam
556 3455 841 3521 amicum
862 3455 1075 3522 Tubin
1235 3456 1498 3524 doctum
1531 3457 1867 3524 hominem
1891 3458 2324 3526 Franciscum

366 3536 761 3621 Stadianum,
791 3540 850 3625 ⁸)
907 3543 1017 3627 qui
1110 3543 1277 3610 'cere
1333 3542 1602 3624 solebat,
1656 3565 1726 3610 se
1780 3552 2131 3628 utrumque
2173 3565 2324 3628 pro·

358 3624 548 3705 bare,
603 3627 868 3693 evenire
921 3629 1145 3694 omnia
1192 3636 1271 3694 ut
1312 3627 1539 3696 divina
1580 3629 1993 3713 providentia
2035 3628 2327 3697 decrevit

361 3718 430 3776 et
470 3718 697 3777 tamen
738 3733 882 3779 esse
925 3714 1391 3800 contingentia,
1436 3714 1551 3781 sed
1596 3736 1739 3782 sese
1778 3716 1942 3783 haec
1978 3716 2326 3784 conciliare

359 3818 496 3863 non
560 3816 769 3882 posse.
857 3799 1004 3884 Ego
1069 3821 1273 3884 quum
1343 3800 1744 3887 hypothesin
1806 3801 1981 3870 hanc
2045 3808 2324 3884 teneam,

360 3879 587 3949 Deum
624 3904 758 3950 non
795 3904 938 3950 esse
973 3906 1241 3952 causam
1282 3887 1552 3970 peccati,
1601 3908 1722 3954 nec
1756 3887 1931 3953 velle
1964 3895 2323 3971 peccatum,

449 3976 591 4034 stea
633 3970 1155 4053 contingentiam
1209 3973 1281 4037 in
1337 3971 1464 4037 hac
1514 3980 1740 4039 nostra
1792 3973 2180 4040 infirmitate
2221 3975 2325 4040 iu·

411 4054 518 4121 ‘cii
562 4052 864 4133 admitto,
925 4063 1001 4121 ut
1057 4057 1269 4122 sciant
1310 4058 1507 4124 rudes
1550 4057 1881 4127 Davidem
1922 4080 2046 4124 sua
2088 4060 2325 4125 volun-

363 4146 502 4205 tate
546 4140 724 4206 ultro
778 4160 992 4219 ruere,
1047 4148 1117 4206 et
1170 4141 1449 4208 eundem
1507 4145 1739 4224 sentio,
1795 4166 1997 4229 quum
2053 4145 2325 4211 haberet

365 4226 671 4309 spiritum
713 4234 1039 4306 sanctum,
1103 4227 1393 4309 potuisse
1437 4249 1589 4294 eum
1646 4232 1959 4310 retinere,
2020 4238 2089 4295 et
2129 4231 2201 4295 in
2245 4252 2324 4297 ea

363 4309 544 4378 lucta
587 4311 875 4395 aliquam
910 4333 1054 4377 esse
1088 4311 1446 4379 voluntatis
1481 4316 1822 4382 actionem.
1889 4316 2076 4383 Haec
2120 4317 2322 4383 etiam

365 4397 424 4462 si
474 4396 781 4464 subtilius
837 4396 1159 4482 disputari
1215 4408 1520 4481 possunt,
1582 4410 1805 4468 tamen
1861 4402 1947 4468 ad
2000 4424 2073 4468 re
2121 4402 2323 4468 endas

365 4490 623 4550 mentes
666 4483 794 4551 hoc
837 4483 1031 4549 modo
1086 4485 1417 4568 proposita
1470 4488 1952 4554 accommodata
1992 4488 2062 4556 vi
2109 4496 2318 4553 entur.

364 4569 772 4636 Accusemus
813 4569 939 4654 ipsi
979 4578 1275 4636 nostram
1318 4570 1728 4638 voluntatem
1772 4593 1977 4657 quum
2018 4572 2322 4654 labimur,

366 4675 503 4721 uon
554 4676 952 4739 quaeramus
1006 4657 1078 4721 in
1134 4656 1267 4722 Dei
1321 4656 1590 4722 consilio
1647 4677 1911 4725 causam
1970 4666 2040 4725 et
2093 4670 2325 4725 contra

575 4946 634 5031 3)
670 4948 895 5002 Amicus
945 4946 1082 5001 mihi
1136 4947 1406 5017 quispiam
1469 4953 1556 5001 est
1606 4964 1718 5002 nou
1769 4949 2007 5019 vulgaris
2058 4952 2160 5005 sub
2212 4967 2321 5022 quo

368 5033 504 5087 puer
536 5033 773 5088 primum
807 5021 1163 5087 praeceptore
1196 5017 1254 5070 iu
1291 5016 1484 5071 Sucvis
1500 5017 1780 5087 Tubingac
1814 5019 2112 5074 dialecticis
2145 5020 2320 5074 merui

371 5103 569 5141 annum
601 5103 773 5141 unum
807 5091 904 5140 aut
937 5086 1186 5152 alterum,
1220 5085 1481 5139 hacteuus
1527 5094 1589 5141 ut
1628 5086 1799 5141 fratre
1833 5104 2049 5157 semper
2092 5089 2320 5143 familia·

370 5156 581 5210 tissime
627 5171 757 5208 usus
801 5155 893 5209 Fr.
944 5154 1235 5208 Stadianus
1284 5154 1420 5221 (von
1464 5153 1662 5224 Stude)
1710 5156 2017 5212 eruditione
2064 5174 2128 5211 ac
2173 5159 2321 5212 vitae

370 5240 566 5294 genere
598 5225 700 5279 tali
734 5229 798 5277 ut
833 5241 867 5277 a
899 5224 1059 5277 bonis
1095 5227 1152 5277 et
1185 5223 1362 5277 doctis
1397 5226 1648 5281 omnibus
1666 5225 1916 5280 certatim
1945 5225 2039 5280 dili
2083 5226 2095 5238 “
2116 5243 2320 5281 merea·

370 5298 458 5417 ἓν
504 5291 665 5418 {Mel
720 5290 876 5347 Orat.
925 5291 993 5347 de
1037 5290 1244 5373 studiis
1276 5290 1480 5360 con-⁸⁶9.
1550 5291 1638 5360 Gt.
1676 5291 1988 5350 G'anemn'i
2064 5294 2150 5349 ita
2183 5295 2319 5351 Ma.

732 5380 791 5432 p.
828 5361 916 5430 15,
955 5360 1220 5430 Sehmdt,
1258 5360 1394 5417 Mel.
1422 5375 1487 5430 p.
1525 5361 1634 5431 11).

2181 439 2343 502 1543
2386 436 2584 505 MAI„

4252 442 4375 505 542

2431 647 2586 694 eum
2620 648 2740 693 nos
2774 625 3128 712 erigamus,
3172 623 3455 691 sciamus
3488 623 3711 691 Deum
3744 632 3813 690 et
3844 624 4017 691 velle
4058 626 4384 712 opitulari,

2430 720 2498 778 et
2530 711 2759 780 adesse
2792 710 3228 780 luctantibus:
3273 708 3453 791 μόνον
3494 714 3777 791 θέλησον,
3821 711 4037 794 inquit
4068 710 4380 794 Basilius,

2427 803 2532 863 καὶ
2583 796 2732 874 θεὰς
2789 799 3157 884 προαπαντόἱ.
3244 797 3593 863 Excitetur
3646 817 3802 881 ergo
3844 817 4005 863 cura
4060 798 4133 861 in
4175 799 4381 880 nobis,

2428 894 2497 951 et
2539 882 2845 950 laudetur
2878 882 3010 948 Dei
3051 883 3375 949 immensa
3406 880 3685 962 bonitas,
3728 903 3931 965 quum
3974 890 4040 948 et
4080 884 4385 966 promisit

2428 971 2751 1036 auxilium
2813 978 2881 1036 et
2943 975 3249 1053 praestat.
3361 966 3499 1034 Sed
3561 967 3953 1052 petentibus,
4026 975 4104 1033 ut
4164 970 4383 1053 inquit

2426 1056 2775 1135 Dominus,
2836 1056 2959 1121 hoc
3016 1062 3117 1121 est
3169 1054 3252 1120 iis
3304 1054 3415 1137 qui
3468 1054 3962 1136 promissionem
4018 1054 4379 1122 intuentur.

2425 1142 2603 1208 Nam
2646 1163 2687 1208 a
2719 1141 2923 1207 verbo
2957 1141 3088 1206 Dei
3121 1138 3510 1206 ordiendum
3552 1147 3671 1218 est,
3717 1160 3839 1205 nec
3876 1138 4380 1224 repugnandum

2426 1228 2861 1311 promissioni,
2904 1224 3020 1294 sed
3067 1227 3126 1292 ei
3163 1226 3617 1306 assentiamur,
3661 1246 3783 1292 nec
3818 1224 4226 1309 disputemus
4263 1248 4381 1292 an-

2426 1323 2551 1395 tea,
2608 1323 2766 1380 tuno
2817 1332 2937 1379 nos
2990 1311 3382 1378 adsensurus
3435 1331 3598 1391 esse,
3661 1331 3866 1396 quum
3908 1331 4221 1376 arcanum
4269 1310 4384 1377 de-

2425 1408 2680 1467 cretum
2722 1398 2853 1465 Dei
2896 1398 3083 1465 nobis
3123 1403 3563 1463 monstratum
3620 1397 3849 1463 fuerit:
3905 1395 4384 1464 adsentientem

2425 1494 2649 1551 autem
2703 1486 2891 1551 Deus
2948 1483 3248 1565 adiuvat,
3303 1482 3417 1566 qui
3471 1503 3590 1565 per
3641 1482 3921 1549 verbum
3968 1488 4073 1548 est
4129 1482 4381 1550 efficax.

2424 1571 2611 1637 Haec
2654 1591 2789 1637 non
2832 1569 3043 1636 scribo
3085 1578 3163 1634 ut
3215 1569 3337 1636 tibi
3390 1568 3646 1633 tradam
3701 1569 3885 1652 quasi
3941 1567 4202 1647 dictata,
4261 1569 4382 1635 ho·

2423 1657 2589 1722 mini
2624 1664 2693 1722 et
2725 1654 3168 1722 eruditissimo
3205 1674 3281 1720 ao
3313 1654 3708 1738 peritissimo
3744 1654 4209 1719 exercitiorum
4244 1656 4383 1739 pie-

2426 1745 2598 1809 tatis.
2686 1743 2779 1808 Et
2841 1741 3108 1824 quidem
3173 1741 3304 1807 scio
3368 1740 3533 1806 haec
3586 1761 3737 1807 cum
3803 1740 3936 1805 tuis
4000 1760 4383 1825 congruere,

2426 1828 2545 1895 sed
2587 1836 2745 1895 sunt
2786 1826 3110 1909 παχύτερα,
3154 1834 3222 1891 et
3263 1823 3346 1890 ad
3388 1846 3584 1891 usum
3628 1825 4133 1891 accommodata.

2597 1914 2783 1980 Haec
2825 1914 3102 1979 Bonnac
3157 1912 3391 1995 scripsi
3433 1911 3609 1996 apud
3650 1910 3737 1976 D.
3782 1910 4119 1991 Buce-rum,
4176 1931 4383 1994 quum

2424 2021 2501 2067 eo
2546 2000 2902 2067 accersitus
2944 2006 3045 2064 est
3086 2005 3162 2063 ut
3205 1997 3509 2064 ecelesias
3551 1998 3626 2062 in
3670 1997 3951 2063 dioecesi
3987 1996 4380 2076 Coloniensi,

2426 2085 2824 2153 emendaret.
2914 2083 3099 2149 Haec
3141 2083 3416 2151 consilia
3455 2084 3602 2149 Deo
3655 2083 3783 2167 piis
3838 2082 4010 2148 votis
4054 2102 4381 2149 commen-

2426 2171 2561 2239 des.
2650 2172 2843 2256 Rogc
2885 2178 3127 2249 autem,
3171 2176 3251 2234 ut
3292 2167 3456 2233 mihi
3496 2168 3841 2253 significes,
3900 2187 3988 2233 an
4029 2167 4203 2235 hanc
4241 2167 4380 2253 epi-

2425 2257 2662 2325 stolam
2721 2257 3064 2340 acceperis.
3150 2254 3326 2321 Nam
3382 2255 3441 2321 si
3493 2254 3885 2320 intellexero
3941 2261 4118 2321 certo
4174 2251 4260 2318 ad
4315 2262 4383 2319 te

2425 2344 2701 2428 perferri
2764 2362 2949 2409 meas
3013 2341 3268 2421 literas,
3331 2340 3614 2407 scribam
3680 2340 3957 2424 saepius.
4043 2337 4383 2424 Ἀντίδωρον

2424 2431 2547 2497 tibi
2570 2430 2791 2509 debeo,
2829 2448 3030 2512 quare
3074 2435 3144 2493 et
3163 2427 3337 2512 grati
3361 2427 3565 2492 animi
3600 2425 4141 2512 significationem
4162 2431 4381 2492 osten-

2425 2517 2596 2583 dam.
2683 2515 2869 2582 Bene
2912 2514 3077 2579 vale.
3172 2517 3268 2578 11.
3310 2513 3492 2578 Maii.

3316 2649 3668 2734 Philippus
3708 2647 4208 2716 Melanchthon.

3324 3198 3482 3269 468.

2872 3351 3466 3422 PELLIOANUS
3511 3350 3949 3421 OALVINO.

2607 3527 2783 3608 Quae
2832 3547 3034 3611 nuper
3085 3526 3162 3593 de
3202 3526 3435 3594 Bullia
3475 3545 3576 3592 ero
3630 3524 3972 3608 scripserat
4023 3545 4067 3589 a
4123 3520 4383 3589 Calvino

2427 3612 2592 3679 male
2632 3612 2934 3680 intellecta
2977 3612 3290 3696 ειῳῖαηαί.
3445 3611 3633 3678 arelli
3673 3610 4087 3677 innocentiam
4126 3609 4386 3676 minime

2428 3703 2713 3852 medulam.
2713 3719 2776 3765 m
2809 3701 2941 3767 iam
2962 3700 3168 3767 asseri
3182 3697 3427 3784 qaudet.
3498 3696 3750 3764 Calvini
3769 3697 3949 3764 novts‘
3957 3696 4125 3762 sima
4144 3695 4384 3779 scrvpta‘

2753 3956 2866 4023 (Ex
2901 3953 3239 4026 autographo
3274 3953 3407 4010 ood.
3443 3952 3646 4010 Genev.
3683 3950 3803 4024 110,
3837 3952 3929 4007 sol.
3965 3950 4080 4020 14.)

2427 4144 2738 4212 Piissimo
2808 4144 3314 4229 doctissimoque
3379 4140 3683 4226 theologo
3747 4140 3833 4206 D.
3890 4140 4034 4206 Ich.
4107 4138 4386 4207 Calvino

2526 4229 2838 4297 ecclesiae
2882 4230 3296 4299 Genevensis
3338 4228 3584 4312 pastori
3626 4224 4007 4294 fidelissimo
4050 4224 4277 4292 amico.

2601 4366 2673 4433 S.
2721 4365 2936 4447 Soleo,
2980 4366 3354 4435 doctissime
3374 4365 3794 4452 piissimeque
3823 4362 4096 4442 Calvino,
4138 4362 4386 4429 tumul-

2427 4453 2642 4519 tuarie
2693 4462 2764 4518 et
2818 4451 3244 4539 indiligenter
3298 4453 3602 4532 scribere,
3659 4449 3807 4516 ideo
3848 4470 3955 4515 me
3996 4469 4132 4514 non
4187 4449 4387 4516 intel-

2427 4538 2650 4606 lexisti
2685 4538 3095 4620 scribentem,
3126 4539 3175 4625 ¹)
3210 4539 3293 4606 de
3327 4538 3693 4623 Bullinyeri
3727 4536 3935 4602 nostri
3970 4533 4182 4601 officio
4213 4533 4387 4618 quod

2428 4624 2627 4692 habet
2678 4624 3006 4691 scribendi
3061 4624 3143 4692 de
3197 4626 3395 4693 rebus
3450 4623 3761 4710 gravibus
3804 4629 3872 4687 et
3922 4620 4220 4711 publicis,
4277 4641 4388 4688 me

2427 4720 2651 4777 autem
2691 4709 2772 4777 de
2814 4710 3124 4779 minutis:
3169 4709 3441 4796 ideoque
3483 4731 3634 4776 raro
3677 4707 3960 4776 scribere
4001 4728 4128 4786 me,
4172 4705 4387 4774 scien-

2426 4804 2563 4862 tem
2627 4795 2797 4862 nihil
2860 4797 3107 4882 negligi
3167 4819 3292 4883 per
3357 4796 3817 4881 Bodlinqerum.
3910 4792 4098 4859 Nihil
4162 4798 4386 4859 autem

2426 4903 2696 4966 prorsus
2742 4880 2939 4948 habet
2979 4890 3209 4950 contra
3248 4891 3336 4964 te,
3391 4904 3513 4949 nec
3557 4881 3902 4946 minimum
3944 4876 4224 4964 quidem,
4269 4876 4388 4943 sed

2426 4974 2605 5034 totus
2660 4974 2872 5034 totum
2926 4976 2992 5034 te
3051 4966 3166 5035 dili
3219 4971 3298 5050 't,
3358 4968 3696 5048 observat,
3751 4966 3933 5045 colit,
3986 4965 4270 5030 miratur
4318 4969 4387 5028 et

2423 5052 2730 5120 laudibus
2772 5053 3016 5135 evehit,
3073 5075 3145 5122 se
3234 5055 3444 5141 magis
3485 5055 3560 5119 in
3602 5060 3668 5120 te
3709 5053 3948 5120 Deum.
4033 5049 4187 5115 Non
4228 5068 4388 5133 ergo

2426 5287 4383 5432 „ffssgdw-Nssbbubcmmwaeaioeemtumai·
