5050 6167
406 427 481 489 13
2079 425 2245 486 1540
2285 418 2753 487 FEBRUAR„
4331 429 4412 494 14

398 632 584 689 mm,
631 611 966 689 Ouum
1025 621 1094 678 et
1138 611 1496 678 Nicolaum.
1596 611 1824 677 Nostri
1878 618 1947 675 te
2004 608 2357 694 diligenter

397 699 731 764 iusserunt
762 699 1055 764 salutari.
1143 696 1289 763 Has
1328 697 1557 763 literas
1590 698 1804 763 scribo
1844 717 1965 780 per
2005 695 2354 776 Britonem,

396 804 591 868 quem
636 784 743 850 hic
783 795 1110 867 optassem
1154 803 1329 849 anno
1379 803 1512 848 uno
1565 782 1813 848 diutius
1865 781 2170 860 retinere,
2225 781 2355 848 nisi

395 890 663 954 cogerer
672 872 961 936 rationes
973 871 1115 935 eius
1126 869 1566 952 comprobare.
1612 869 2055 953 Argentorati,
2082 870 2140 933 6.
2156 866 2350 933 Febr.

1637 1003 1960 1071 Calvinus
2006 1013 2174 1070 tuus.

1296 1450 1447 1519 W.

871 1589 1372 1657 FARELLUS
1416 1586 1854 1656 CALVINO.

564 1759 1001 1828 cardicenses
1021 1761 1262 1827 dudum
1296 1765 1357 1826 et
1388 1762 1562 1826 toties
1593 1760 1905 1842 fatiyatus
1937 1758 2349 1826 nihilominus

386 1847 649 1913 eandm
700 1846 899 1913 denuo
952 1848 1240 1928 recoquit,
1295 1851 1351 1910 et
1404 1845 1640 1911 multus
1695 1849 1786 1911 est
1840 1845 1913 1911 in
1974 1846 2345 1924 excusando,

384 1933 698 2015 carpendo
740 1939 798 1999 et
836 1932 1249 2014 praedando,
1305 1933 1494 2014 quasi
1546 1931 1693 1996 bone
1742 1930 1867 1997 sibi
1920 1933 2223 2012 conscius,
2279 1952 2347 1998 se

382 2017 595 2169 ῗίιιῖζιηυο
636 2019 731 2083 rei
771 2039 897 2085 non
939 2018 1333 2099 satisfecisse.
1422 2016 1648 2083 Etiam
1699 2017 1775 2081 de
1817 2015 2148 2083 Fromento
2201 2037 2347 2100 que-

383 2276 501 2344 (Ex
557 2276 895 2346 autographo
940 2276 1085 2329 Bibl.
1120 2279 1415 2396 ffiigmff
1449 2273 1918 2410 l§egcfmensium
1965 2275 2104 2344 Epp.
2153 2274 2353 2328 Farelli

380 2551 605 2634 Quam
650 2549 987 2618 carissimo
1020 2549 1211 2615 fiatri
1242 2548 1341 2615 Io.
1380 2548 1662 2616 Calvino
1697 2548 2042 2616 Gallorum
2076 2550 2340 2632 pastori.

1140 2636 1584 2720 Argentorati.

557 2772 632 2842 S.
676 2774 956 2859 gratiam
1001 2781 1068 2839 et
1108 2792 1341 2856 pacem
1384 2794 1425 2837 a
1466 2774 1627 2838 Deo,
1705 2771 1800 2836 Et
1831 2791 2059 2837 omnes
2101 2771 2343 2836 stati-es

376 2869 445 2927 et
496 2880 619 2945 ego
665 2861 769 2925 vel
814 2858 1103 2925 maxime
1146 2857 1304 2924 lassi
1359 2878 1587 2923 sumus
1644 2857 1840 2923 toties
1884 2877 2082 2923 causa
2128 2856 2343 2923 Caroli

374 2946 671 3031 fatigati:
750 2946 1161 3012 tractabatur
1237 2943 1311 3008 in
1375 2952 1561 3009 coetu
1620 2953 1844 3008 nostro
1908 2944 1989 3008 ob
2062 2942 2343 3026 Grynaei

376 3034 628 3098 amicas
680 3031 907 3097 literas
932 3032 984 3115 ¹)
1039 3028 1125 3094 ad
1177 3048 1408 3095 omnes
1461 3029 1758 3113 scriptas,
1811 3049 1888 3095 ac
1943 3037 2210 3113 propter
2265 3050 2343 3094 ea

416 3139 552 3184 uae
622 3125 699 3183 tu
764 3117 994 3183 scribis
1059 3113 1142 3180 de
1207 3113 1561 3199 aperienda
1624 3115 1919 3180 omnium
1980 3124 2203 3180 mente
2267 3115 2341 3180 in

478 3212 620 3269 tres
665 3223 825 3287 quos
878 3203 953 3267 in
993 3201 1284 3267 Domino
1340 3201 1649 3280 colamus,
1748 3222 1868 3267 uos
1920 3209 1988 3266 et
2039 3211 2342 3285 optamus

375 3311 643 3375 semper
683 3290 897 3372 magis
941 3308 1018 3354 ac
1049 3288 1265 3372 magis
1301 3287 1375 3351 in
1409 3287 1681 3353 ecclesia
1779 3287 1970 3352 bristi
2004 3287 2341 3371 proficere,

373 3399 519 3443 non
554 3376 768 3443 solum
803 3375 929 3440 sibi
964 3394 1196 3439 verum
1235 3374 1431 3438 etiam
1469 3374 1630 3438 aliis.
1702 3371 1906 3440 Dolet
1937 3394 2070 3437 non
2105 3392 2342 3455 parum

376 3469 522 3529 tam
565 3461 806 3527 multos
857 3460 1048 3527 bonis
1095 3458 1412 3526 fratribus
1467 3459 1667 3526 abuti.
1753 3457 1889 3526 Sed
1943 3458 2092 3542 plus
2150 3459 2345 3522 affert

376 3547 845 3615 consolationis
901 3546 1241 3632 magisque
1294 3559 1577 3625 recreat,
1643 3545 1814 3629 quod
1881 3545 2037 3609 boni
2088 3564 2342 3627 quoque

378 3655 517 3700 non
541 3633 849 3699 inutilem
872 3633 1304 3717 experiuntur
1326 3642 1459 3697 tam
1483 3631 1741 3714 piorum
1757 3631 2035 3696 fratrum
2052 3649 2339 3714 operam.

379 3718 611 3802 Quare
652 3718 1092 3803 discupientes
1135 3729 1210 3784 ιιι
1253 3739 1459 3783 unum
1501 3718 1636 3783 sint
1677 3726 1747 3781 et
1784 3738 1939 3782 vere
1972 3716 2345 3782 habeantur

380 3827 533 3873 cum
580 3807 884 3871 omnibus
928 3805 1043 3889 qui
1085 3805 1238 3871 istic
1275 3803 1541 3870 Christo
1584 3803 1891 3882 militant,
1935 3813 2013 3867 ut
2046 3802 2342 3866 omnium

378 3894 651 3958 nomine
685 3892 1060 3970 scriberem,
1108 3892 1410 3974 quamvis
1442 3887 1609 3953 mihi
1642 3889 1944 3954 conscius
1977 3908 2172 3971 quam
2216 3887 2343 3952 sim

379 3979 494 4044 ine
542 3988 653 4044 tus
696 3977 780 4041 ad
824 3977 948 4042 hoc
989 3975 1475 4059 praestandum,
1532 3996 1607 4039 ac
1650 3995 1849 4057 quam
1901 3982 2121 4057 posset
2172 3993 2344 4040 com-

379 4000 644 4130 mogins
706 4064 788 4128 ab
854 4061 983 4128 alio
1041 4062 1217 4141 fieri,
1271 4061 1380 4127 cui
1436 4060 1605 4126 nihil
1656 4060 2136 4126 intercessisset
2191 4078 2342 4123 cum

385 4149 631 4229 Corde,
694 4149 934 4232 quique
1001 4153 1070 4212 et
1135 4146 1307 4212 bona
1367 4145 1748 4212 valetudine
1812 4168 1888 4213 ac
1952 4146 2020 4212 vi
2085 4145 2343 4211 dicendi

382 4236 720 4320 potentior
762 4242 955 4312 esset,
1013 4255 1215 4317 quum
1258 4234 1550 4317 utrisque
1604 4232 2009 4310 destituerer,
2070 4251 2344 4296 conarer

384 4343 426 4387 a
479 4342 591 4386 me
647 4340 814 4385 onus
869 4319 1163 4385 reiicere:
1220 4338 1457 4383 verum
1513 4319 1955 4403 pergentibus,
2015 4338 2216 4400 quum
2271 4318 2342 4381 in

384 4406 513 4473 hoc
555 4407 681 4473 sim
724 4415 802 4471 ut
842 4405 1155 4471 fratribus
1213 4405 1383 4470 bona
1427 4404 1852 4470 suadentibus
1894 4422 2089 4468 nemo
2133 4401 2343 4467 reluc-

386 4502 588 4570 tetur,
632 4493 759 4558 fuit
794 4514 934 4558 mos
970 4490 1313 4576 gerendus.
1400 4489 1550 4556 Hoc
1585 4490 1935 4574 impetravi
1970 4498 2048 4554 ιιι
2084 4496 2343 4553 tantum

386 4600 509 4662 per
550 4588 617 4645 te
656 4578 1015 4645 indicarem
1059 4578 1224 4658 aliis,
1282 4577 1375 4643 sic
1415 4584 1639 4641 tamen
1682 4583 1760 4640 ιιι
1802 4574 1969 4640 nihil
2020 4594 2345 4657 proponas

390 4665 520 4730 nisi
562 4664 736 4748 quod
777 4663 863 4728 ad
905 4663 1261 4747 perfectam
1305 4661 1649 4729 caritatem
1703 4659 2222 4726 conservandam
2280 4669 2348 4723 et

390 4750 700 4817 ecclcsiae
738 4747 1078 4816 commoda
1118 4747 1361 4815 fecerit.
1463 4747 1637 4812 Nam
1682 4767 1757 4812 co
1801 4746 2013 4811 tendit
2052 4747 2345 4811 omnium

391 4836 683 4902 affectus.
782 4835 1087 4901 Primum
1142 4835 1347 4918 igitur
1399 4833 1524 4899 hoc
1575 4841 1898 4917 exoptant
1948 4833 2203 4910 fratres,
2269 4838 2348 4896 ut

392 4921 567 4988 dona
587 4921 715 4989 Dei
738 4930 876 4987 tam
912 4921 1199 5005 insignia
1232 4929 1567 4985 tantorum
1589 4918 1840 4985 Christi
1874 4919 2343 4997 ministrorum,

394 5009 563 5074 sicut
602 5008 1030 5092 integerrime
1070 5007 1230 5089 ipsis
1286 5017 1567 5071 utuntur
1617 5005 1830 5071 multa
1880 5003 2008 5070 fide
2064 5024 2139 5069 ac
2194 5003 2344 5069 dili-

440 5095 619 5160 entia
673 5093 830 5159 boni
881 5094 1043 5171 viri,
1094 5093 1190 5157 ita
1241 5101 1431 5158 caute
1486 5091 1695 5157 multa
1747 5090 2343 5173 circumspectione,

395 5178 591 5263 idque
630 5179 745 5246 ubi
789 5178 1102 5246 ecclesiae
1145 5197 1342 5244 causa
1390 5177 1627 5262 agitur.
1716 5177 1889 5242 Nam
1942 5177 2013 5241 in
2064 5175 2346 5260 propriis

402 5305 566 5411 365]
602 5305 803 5420 {scis
826 5351 902 5406 N.
942 5349 1057 5404 195.

2457 615 2534 673 ut
2574 610 2882 692 suspicax
2925 631 3062 675 non
3117 619 3221 678 est
3261 614 3518 691 caritas,
3572 616 3667 681 sic
3721 616 3792 679 in
3845 615 3926 680 iis
3978 636 4145 699 quae
4198 626 4410 684 totum

2456 695 2819 777 respiciunt
2858 715 3098 780 corpus
3133 697 3384 763 Christi
3427 699 3595 765 nihil
3637 700 4058 766 deferendum
4103 702 4260 769 huic
4293 711 4411 769 aut

2456 778 2586 858 illi,
2651 780 2769 845 sed
2829 780 2935 846 vel
2994 803 3143 849 cum
3199 785 3451 851 iactura
3504 786 3811 864 membri,
3877 787 3935 853 si
3997 809 4104 854 res
4167 798 4407 871 poscat,

2455 867 2709 948 corpori
2771 878 2872 931 est
2933 869 3428 935 consulendum.
3536 870 3731 952 Quod
3788 874 4046 955 experti
4097 875 4166 938 in
4221 874 4409 941 nobis

2456 950 2772 1033 dolemus,
2818 953 2978 1018 dum
3020 954 3374 1038 aliquando
3415 958 3750 1039 cupientes
3791 956 4016 1023 adesse
4059 958 4258 1025 alicui
4300 960 4408 1026 vel

2456 1037 2539 1101 ab
2602 1037 2748 1103 aliis
2813 1040 3149 1122 persuasi,
3212 1051 3536 1124 quantum
3598 1043 3932 1110 nonnullis
3993 1043 4410 1126 indulsimus,

2454 1131 2716 1187 tantum
2769 1125 3079 1190 ecclesiae
3132 1147 3370 1209 parum
3424 1130 3897 1213 prospeximus.
3985 1130 4119 1195 Hic
4172 1138 4238 1196 te
4291 1153 4410 1216 ap·

2454 1208 2626 1290 pello
2670 1210 2724 1275 si
2768 1231 2903 1275 non
2948 1222 3016 1276 et
3048 1214 3401 1298 contigerit
3435 1213 3592 1280 dum
3630 1214 4033 1280 admiramur
4065 1217 4292 1281 titulos
4331 1237 4412 1284 ac

2452 1293 2755 1361 audimus
2772 1296 3112 1363 affectibus
3134 1299 3413 1381 propriis
3434 1300 3894 1380 inflammatos,
3915 1303 4025 1384 qui
4043 1302 4410 1369 etiamnum

2453 1382 2549 1444 sic
2584 1380 2823 1445 ardent
2856 1391 2935 1446 ut
2968 1382 3090 1447 sibi
3125 1384 3449 1451 excidant.
3519 1385 3859 1470 Siquidem
3895 1388 3988 1452 ita
4018 1388 4178 1453 ferri
4212 1409 4414 1471 quos—

2454 1464 2604 1530 dam
2628 1466 2821 1533 video
2854 1473 2933 1532 ut
2952 1468 3267 1553 quidquid
3291 1472 3568 1553 probent
3590 1472 3789 1556 aliqui
3812 1473 3945 1538 illis
3966 1473 4408 1557 improbetur:

2450 1551 2780 1617 sufficiens
2822 1563 2924 1618 est
2961 1573 3157 1620 causa
3199 1565 3277 1620 ut
3319 1567 3662 1641 respuant:
3709 1579 3842 1623 non
3877 1559 4215 1643 ingratum
4258 1560 4408 1627 aliis

2448 1658 2593 1702 esse
2634 1657 2800 1721 quae
2841 1644 3299 1723 amplexentur
3341 1646 3423 1707 ab
3481 1644 3630 1709 aliis
3687 1664 3817 1709 non
3877 1648 4157 1728 probari,
4215 1666 4292 1712 ac
4349 1646 4407 1712 si

2451 1722 2708 1789 Marius
2770 1745 2999 1790 omnes
3062 1736 3397 1810 reputaret
3471 1730 3711 1795 amicos
3788 1732 3899 1813 qui
3963 1729 4194 1816 Syllae
4271 1753 4406 1798 non

2445 1809 2727 1891 placent.
2817 1810 2948 1877 Hic
3000 1812 3303 1895 flagitant
3354 1812 3731 1897 diligentem
3787 1837 4010 1881 rerum
4066 1818 4406 1885 examina-

2450 1894 2716 1974 tionem,
2760 1916 2893 1960 non
2936 1918 3366 1980 personarum
3407 1900 3732 1966 affectum.
3803 1899 3981 1966 Sane
4021 1903 4137 1985 qui
4179 1902 4288 1969 vel
4331 1911 4409 1970 ut

2448 1982 2702 2046 viscera
2740 1982 2808 2045 in
2854 1980 3141 2048 Domino
3183 1984 3349 2049 mihi
3392 1985 3528 2051 cari
3567 1995 3636 2050 et
3678 1987 3893 2051 intimi
3937 1988 4236 2066 fuerunt,
4281 1989 4407 2054 hac

2447 2066 2703 2132 ratione
2759 2075 2898 2132 tam
2964 2071 3256 2152 graviter
3317 2091 3423 2135 me
3502 2070 3919 2138 offenderunt
3993 2081 4071 2139 ut
4145 2081 4406 2140 tantum

2447 2152 2765 2216 memoria
2797 2174 2906 2219 me
2939 2156 3222 2232 cruciet„
3290 2154 3369 2221 Si
3403 2157 3716 2223 factiones
3749 2158 3819 2223 in
3858 2160 4039 2224 omni
4074 2160 4407 2243 republica

2448 2247 2604 2302 sunt
2657 2241 3085 2321 perniciosae,
3153 2242 3227 2305 in
3296 2242 3570 2308 ecclesia
3624 2245 3787 2309 mihi
3845 2254 4002 2311 sunt
4056 2246 4201 2329 ipsa
4253 2267 4404 2329 per-

2447 2324 2672 2389 nicies.
2788 2325 2935 2409 Ego
2998 2346 3152 2392 cum
3216 2325 3529 2393 &atribus
3591 2349 3852 2395 causam
3917 2330 4187 2396 Domini
4251 2333 4405 2398 volo

2446 2416 2708 2473 tantum
2752 2412 2967 2475 curari
3023 2422 3089 2476 et
3132 2432 3265 2476 non
3319 2413 3614 2479 alicuius.
3704 2413 3955 2482 Omnes
4015 2415 4406 2483 deiiciantur

2447 2503 2516 2560 et
2573 2494 2740 2559 nihil
2794 2497 2928 2562 sint
2984 2497 3054 2561 in
3105 2517 3177 2562 se
3230 2499 3410 2582 ipsis,
3471 2505 3549 2564 ιιι
3603 2499 3912 2567 Christus
3968 2503 4294 2568 exaltetur
4336 2515 4406 2569 et

2445 2582 2668 2646 omnia
2706 2582 2811 2656 sit,
2866 2583 2975 2648 cui
3028 2603 3224 2665 quam
3281 2585 3648 2650 miserrime
3702 2588 3991 2652 servitur
4044 2590 4208 2655 iam:
4261 2597 4403 2655 tam

2445 2676 2606 2732 sunt
2648 2667 2942 2749 plerique
2983 2689 3210 2735 omnes
3251 2670 3608 2748 ambitiosi,
3655 2691 3851 2755 seque
3895 2681 4283 2755 quaerentes
4326 2694 4403 2741 ao

2444 2773 2582 2832 sua,
2626 2762 2703 2817 ut
2747 2751 2997 2818 Christi
3041 2754 3293 2820 nullam
3354 2755 3642 2821 habeant
3694 2757 4038 2823 rationem.
4127 2760 4219 2825 Et
4273 2780 4402 2844 quo

2445 2836 2593 2920 plus
2636 2859 2854 2922 pei-gc,
2899 2839 3048 2923 plus
3083 2841 3385 2924 experior
3428 2843 3496 2906 in
3540 2842 3621 2908 iis
3665 2863 3828 2925 quos
3872 2844 4102 2909 ardere
4145 2853 4405 2929 oportet

2445 2945 2563 3006 pro
2600 2923 2848 2989 Christi
2928 2923 3110 2990 loria.
3198 2925 3348 3004 Hic,
3398 2927 3620 3006 frater,
3665 2928 3891 2994 laboro
3934 2951 4019 2995 ne
4062 2929 4404 3012 quibusvis

2444 3009 2611 3074 fucis
2670 3010 2789 3076 sub
2841 3010 2898 3076 C
2991 3011 3098 3076 ’sti
3155 3012 3421 3078 nomine
3484 3012 3645 3078 fides
3703 3013 4054 3096 habeatur,
4108 3035 4183 3082 ac
4233 3017 4402 3083 tanti

2445 3095 2681 3161 fratres
2714 3096 2976 3161 illorum
3012 3116 3148 3162 non
3169 3099 3466 3164 serviant
3486 3098 3844 3167 affectibus.
3917 3099 4140 3182 Quam
4163 3103 4404 3169 vellem

2445 3181 2555 3247 hic
2609 3202 2865 3266 possem
2917 3182 3230 3249 fratribus
3287 3184 3691 3266 satisfacere,
3744 3204 3821 3253 ac
3875 3187 4048 3269 quod
4090 3199 4402 3273 expertus

2445 3289 2597 3333 sum
2632 3268 2876 3352 eloqui:
2922 3267 3037 3335 sed
3080 3277 3145 3333 te
3187 3277 3352 3352 puto
3395 3289 3628 3354 capere
3672 3271 3826 3355 quid
3872 3272 4089 3338 velim.

2617 3355 2922 3420 Alterum
2981 3363 3080 3421 est
3141 3355 3317 3438 quod
3372 3364 3715 3422 currentes
3765 3365 3845 3422 ut
3895 3359 4057 3426 alios
4112 3359 4401 3427 Domino

2442 3439 2886 3519 lucrifaciant,
2953 3460 3028 3505 ac
3089 3449 3464 3525 satagentes
3517 3451 3596 3506 ut
3653 3442 4003 3509 concilient
4059 3466 4289 3511 omnes
4345 3448 4402 3513 si

2444 3534 2659 3608 potest
2714 3526 2892 3607 fleri,
2954 3527 3048 3592 sic
3096 3536 3297 3612 agant
3353 3537 3427 3592 ut
3478 3527 3689 3593 multo
3743 3539 3934 3612 parta
3985 3530 4211 3597 labore
4266 3553 4402 3598 non

2444 3621 2717 3695 pereant
2781 3633 2857 3677 ac
2920 3612 3266 3679 coniuncta
3318 3634 3452 3678 non
3508 3613 3844 3693 desiliant,
3912 3637 4082 3682 neve
4143 3618 4264 3682 fiat
4325 3627 4403 3683 ut

2445 3717 2610 3780 quae
2654 3698 2920 3763 stabant
2962 3697 3215 3777 cadant,
3262 3720 3428 3782 quae
3472 3699 3831 3784 surgebant
3868 3702 4290 3784 suffocentur,
4336 3710 4403 3768 et

2443 3804 2611 3866 quae
2653 3781 2915 3866 prodire
2957 3793 3265 3867 poterant
3307 3784 3751 3869 impediantur
3792 3793 3860 3850 et
3902 3786 4246 3871 desperata
4288 3791 4402 3854 fir-

2445 3876 2729 3934 mentur.
2814 3869 2985 3934 Nam
3026 3891 3192 3954 quae
3227 3890 3267 3935 a
3304 3872 3544 3936 nostris
3578 3870 3924 3955 prodeunt,
3962 3874 4020 3939 si
4053 3893 4190 3939 non
4224 3885 4401 3941 recte

2445 3956 2625 4029 fiant,
2669 3963 2983 4038 quantam
3027 3965 3217 4038 putas
3252 3957 3513 4022 ruinam
3549 3956 3765 4023 cient?
3839 3958 3943 4024 Ab
3978 3959 4400 4045 Altontontffl)

2445 4041 2634 4107 nobis
2677 4051 2779 4106 est
2818 4042 3005 4107 testis
3046 4041 3298 4122 infelix,
3343 4043 3516 4109 sicut
3557 4053 3627 4109 et
3667 4063 3705 4107 o
3753 4064 3866 4109 era
3907 4043 4144 4127 quibus
4187 4055 4402 4128 potest

2445 4127 2783 4209 papismus
2826 4127 2933 4192 vel
2978 4128 3051 4191 in
3092 4137 3277 4210 parte
3320 4129 3590 4194 firmari.
3764 4148 3840 4195 oc
3888 4128 4162 4195 iubebar
4204 4131 4403 4195 attin-

2446 4232 2623 4296 gere,
2668 4212 2784 4277 sed
2826 4213 3242 4296 peculiariter
3284 4213 3368 4280 de
3422 4213 3702 4279 fovenda
3757 4214 3863 4280 vel
3917 4216 4135 4298 potius
4189 4236 4402 4282 resar-

2446 4298 2679 4364 cienda
2722 4297 3066 4365 concordia
3108 4321 3257 4365 cum
3301 4300 3662 4383 Tigurinis,
3683 4301 3739 4380 ⁸)
3800 4321 4075 4383 quorum
4133 4301 4404 4368 ecclesia

2447 4404 2586 4449 non
2628 4392 2843 4467 potest
2884 4386 3233 4463 contemni,
3278 4385 3601 4468 siquidem
3647 4406 3687 4450 a
3728 4386 4065 4453 nonnullis
4107 4387 4402 4456 subindi-

2446 4469 2727 4536 cabatur
2783 4490 3016 4553 parum
3066 4472 3432 4537 convenire.
3520 4471 3706 4536 Bene
3758 4481 3836 4536 ut
3888 4473 4241 4538 conveniat
4295 4474 4402 4541 hic

2447 4554 2641 4621 valde
2680 4554 3125 4621 laborandum.
3208 4556 3461 4622 Vereor
3493 4578 3577 4621 ne
3610 4577 3731 4640 per
3764 4577 3905 4636 eos,
3943 4559 4052 4643 qui
4088 4558 4400 4626 fratribus

2448 4661 2520 4707 se
2573 4642 2839 4726 fingunt
2891 4643 3006 4726 qui
3061 4642 3210 4707 istic
3266 4651 3422 4708 sunt
3474 4643 3748 4722 amicos,
3816 4650 3884 4708 et
3947 4644 4092 4710 aliis
4146 4665 4400 4728 quoque

2447 4729 2701 4793 semina
2742 4726 2872 4793 odii
2916 4729 3047 4792 imo
3091 4728 3469 4794 incendium
3514 4728 3748 4808 alatur,
3795 4730 3978 4795 utin
4013 4730 4159 4796 aliis
4202 4732 4400 4796 etiam

2449 4823 2551 4878 est
2593 4812 2832 4879 videre.
2921 4812 3102 4879 Dum
3145 4814 3476 4880 interdum
3515 4813 3786 4881 liberius
3838 4817 4080 4900 scripta
4139 4837 4270 4881 non
4324 4825 4400 4881 ut

2448 4899 2842 4980 scribuntur,
2897 4909 3012 4964 aut
3065 4920 3199 4964 non
3258 4921 3296 4966 a
3350 4901 3585 4984 quibus
3638 4909 3915 4985 oportet,
3970 4902 4398 4985 accipiuntur,

2447 5006 2801 5069 suppressa
2834 4986 3173 5070 expediret
3207 4987 3419 5072 magis
3455 4986 3693 5070 aliqua,
3739 4995 3808 5052 et
3852 4989 4102 5052 nescire
4137 4985 4397 5053 multos.

2653 5207 2717 5270 2)
2755 5208 2847 5263 De
2882 5209 3219 5276 Hammone,
3237 5227 3430 5265 nomen
3452 5209 3729 5264 Ludovici
3744 5208 3844 5262 Da
3872 5207 4026 5263 Tala
4043 5209 4396 5264 adscititium.

2656 5275 2719 5342 3)
2759 5277 2914 5332 Inter
2987 5293 3083 5333 uos
3103 5286 3154 5334 et
3170 5280 3656 5348 Arymtoratenses
3688 5284 3879 5332 exorta
3910 5279 4095 5343 fuerat
4129 5278 4400 5333 dissensio

2446 5353 2674 5414 propter
2709 5343 2817 5415 Ep.
2855 5296 3164 5417 Bag-‘naevi
3195 5346 3368 5403 libello
3408 5346 3653 5402 Vadimu‘
3676 5349 4055 5415 praemissam.
