5050 6167
409 379 524 440 681

403 571 567 628 rant.
627 561 966 663 Quantum
1003 563 1301 630 deffldero
1326 584 1420 665 ne
1453 564 1574 630 fiat
1604 562 1777 648 quod
1810 585 2129 649 arrogans
2161 565 2274 631 ille
2290 568 2349 650 ²)

400 655 629 800 aa&
653 647 1440 819 &mamma
1466 647 2350 818 zemamai&

400 818 469 883 in
511 840 642 903 qua
681 820 935 885 tamdiu
978 819 1363 887 laborarunt
1404 821 1511 904 pii.
1601 818 1708 886 De
1759 842 1889 904 qua
1939 822 2109 886 nihil
2164 824 2348 904 potui

399 905 767 990 intelligere
810 906 990 972 certi.
1081 904 1216 987 Qui
1258 907 1482 972 fratris
1523 906 1752 972 literas
1795 907 2182 972 Paterniaco
2217 907 2348 973 hnc

400 990 623 1056 attulit
665 989 920 1058 dicebat
960 990 1210 1076 legatos
1247 991 1674 1059 Genevenses
1716 1000 1903 1056 tanta
1934 994 2350 1059 festinatione

399 1074 666 1141 domum
707 1076 951 1155 redire,
1008 1079 1197 1160 quasi
1237 1098 1576 1161 nunquam
1630 1085 1764 1142 tem
1811 1079 2018 1143 estive
2071 1080 2230 1145 satis
2272 1099 2349 1144 eo

396 1164 778 1244 perventuri
822 1170 1059 1228 essent.
1149 1162 1345 1244 Quod
1389 1183 1494 1227 me
1543 1163 1740 1246 aliqui
1830 1165 2145 1247 suspicari
2190 1164 2350 1228 mali

396 1246 700 1331 cogebat,
758 1248 885 1312 nisi
929 1248 1263 1331 impendio
1307 1246 1617 1314 ducalis*
1654 1249 1902 1314 fuisset.
1991 1250 2218 1332 Aliqui
2262 1271 2348 1314 ex

393 1331 704 1398 fratribus
747 1331 1056 1398 dixerunt
1113 1355 1253 1398 rem
1306 1343 1640 1416 peractam
1680 1355 1824 1400 esse
1864 1334 2139 1400 feliciter
2156 1386 2173 1414 ,
2231 1335 2346 1400 sed

393 1437 591 1483 nemo
633 1417 796 1482 certi
839 1418 1086 1501 aliquid
1130 1419 1337 1484 affert.
1424 1419 1700 1486 Utinam
1743 1420 1848 1485 vel
1892 1441 2037 1486 sero
2079 1418 2345 1485 tandem

396 1503 890 1587 exoptatissima
923 1505 1052 1568 ista
1085 1525 1216 1587 pax
1251 1506 1568 1570 firmetur.
1603 1552 1608 1561 ·
1640 1505 1746 1570 De
1785 1507 2064 1571 comitiis
2082 1509 2140 1589 ⁴)
2175 1505 2346 1571 nihil

547 1610 658 1654 um
704 1590 1093 1674 intelligere,
1137 1611 1259 1655 nec
1286 1592 1868 1675 Argentoratensis
1912 1592 2148 1675 aliquis
2184 1592 2344 1657 scri-

437 1676 492 1739 it
534 1696 737 1758 quum
779 1674 1033 1740 interea
1076 1674 1433 1758 discupiam
1487 1677 1727 1742 rescire
1782 1677 2065 1742 fructum
2106 1676 2206 1741 tui
2248 1676 2344 1741 la-

393 1759 591 1839 boris,
611 1763 668 1838 ⁵)
726 1781 919 1843 quem
963 1781 1190 1843 precor
1232 1759 1595 1826 Dominum
1638 1771 1712 1826 nt
1754 1762 2156 1827 uberrimum
2202 1782 2344 1827 esse

390 1845 608 1924 faciat,
651 1854 848 1927 prout
888 1867 1076 1929 spero
1119 1847 1434 1924 futurum,
1478 1868 1601 1913 nec
1642 1848 2009 1913 frustrabor
2047 1847 2173 1913 hac
2208 1868 2340 1931 spe.

389 1931 587 1997 Nosti
629 1938 710 1996 ut
752 1931 1040 1996 habeant
1093 1930 1201 1997 hic
1248 1934 1500 2011 omnia,
1555 1934 1702 2016 quis
1759 1933 1844 1997 sit
1897 1933 2343 2017 magistratuS,

388 2018 542 2100 quis
583 2024 921 2100 pastorum
966 2024 1195 2095 status,
1240 2037 1360 2082 nec
1394 2027 1458 2083 te
1494 2019 1665 2102 fugit
1706 2017 1862 2102 quid
1897 2020 2100 2085 miser
2132 2018 2264 2097 ille,
2286 2020 2341 2099 ὅ)

388 2103 506 2186 qui
551 2111 619 2167 et
660 2101 832 2185 apud
874 2102 1421 2180 Mediomatricos,
1468 2113 1536 2168 et
1578 2103 1686 2168 hic
1721 2112 1787 2168 et
1819 2104 1982 2181 istic,
2027 2106 2161 2168 imo
2195 2125 2343 2186 pas-

390 2189 522 2254 sim
567 2194 878 2254 coenatus
920 2196 1038 2267 est,
1083 2189 1304 2252 omnia
1348 2200 1645 2254 evertere
1669 2194 1704 2228 ¹*
1744 2189 1816 2253 in
1853 2188 2076 2255 odium
2117 2191 2341 2268 nostri,

389 2280 456 2338 et
501 2282 583 2337 ut
623 2280 846 2355 posset
884 2274 1096 2359 magis
1153 2275 1377 2340 obesse
1434 2295 1554 2357 per
1602 2275 1887 2357 leprosos
1941 2274 2153 2340 voluit
2207 2285 2345 2338 tra-

387 2357 696 2442 goediam
739 2379 950 2443 agere.
1038 2358 1419 2425 Vocabatur
1460 2381 1544 2424 ex
1596 2359 1728 2425 illis
1771 2381 1958 2438 unus,
2012 2361 2122 2442 qui
2164 2370 2344 2443 pete-

385 2444 502 2510 bat
540 2445 758 2509 nescio
793 2465 955 2526 quas
990 2444 1116 2510 sibi
1151 2443 1444 2510 inducias
1487 2444 1650 2524 dari,
1694 2443 2014 2529 collegam
2056 2465 2343 2529 arguens

387 2528 573 2612 quod
607 2528 801 2593 aliter
833 2529 1209 2613 loqueretur
1242 2550 1436 2612 quam
1481 2532 1784 2595 sentiret:
1821 2531 2137 2595 nimirum
2171 2529 2344 2613 quod

387 2635 653 2681 mecum
694 2615 914 2681 verbis
969 2615 1213 2681 faciens
1258 2636 1409 2681 cum
1453 2615 1846 2681 adversariis
1890 2617 2110 2681 animo
2152 2624 2342 2682 esset.

565 2700 853 2765 Demum
896 2700 1142 2783 prodiit
1184 2701 1351 2766 liber
1385 2722 1508 2783 que
1542 2722 1607 2765 m
1648 2699 1762 2789 ad]
1808 2708 1874 2766 te
1917 2703 2124 2780 mitto,
2145 2702 2202 2785 ⁷)
2233 2701 2346 2785 qui

385 2784 838 2870 apparabatur
878 2807 1008 2851 non
1049 2785 1393 2869 ignorante
1437 2808 1512 2854 co
1563 2808 1701 2871 ega.
1771 2786 1945 2851 Nam
1988 2808 2213 2853 versor
2247 2794 2348 2853 est

386 2872 550 2938 huic
593 2870 869 2937 intimus
912 2882 979 2935 et
1020 2872 1320 2954 quamvis
1363 2871 1623 2938 libellus
1667 2871 1827 2938 adeo
1870 2870 2190 2959 inep[tas]
2238 2873 2344 2950 sit,

386 2978 530 3023 non
574 2955 784 3022 solum
843 2957 1221 3040 interpretis
1279 2957 1469 3037 vitio,
1527 2979 1760 3023 verum
1815 2958 2015 3023 etiam
2072 2958 2143 3022 in
2198 2958 2345 3040 ipsa

385 3063 523 3127 qua
587 3042 711 3107 fuit
774 3045 1176 3126 conscriptus
1238 3041 1471 3128 lingua
1535 3043 1943 3127 germanica,
2019 3050 2098 3107 ut
2158 3049 2347 3109 notat

604 3295 665 3365 2)
700 3297 815 3353 Hic
829 3297 913 3352 vel
928 3299 1112 3366 ipsum
1130 3297 1384 3353 Comitem
1400 3299 1482 3353 vel
1498 3298 1615 3352 eius
1626 3298 1922 3368 theclae-tm
1935 3297 2346 3367 Amelandram

384 3368 626 3422 &mucre
715 3367 728 3380 '
893 3366 1867 3433 ,mumoeuamadrooeani
1916 3368 2102 3423 literas
2146 3367 2350 3434 referri

387 3437 665 3584 doben-53)
700 3476 846 3557 inter
879 3501 1148 3583 Ber-nates
1183 3507 1236 3558 et
1271 3501 1622 3568 Genevemm,
1669 3501 1721 3556 d.
1756 3502 1841 3557 19.
1877 3502 2042 3586 Febr.
2078 3520 2114 3558 a
2143 3503 2348 3572 populo

385 3572 608 3627 aalma
639 3574 905 3627 conventu
938 3578 1223 3638 moutam,
1259 3571 1326 3626 de
1360 3587 1473 3640 qua
1493 3571 1561 3627 F.
1578 3571 1822 3626 amdan
1853 3586 2051 3627 rotare
2079 3578 2347 3640 potuerat.

389 3640 593 3711 Ipsum
758 3641 770 3652 ”
835 3641 1251 3720 insto-amentum
1294 3639 1553 3696 Basileae
1596 3641 1986 3710 ωηοονίριιω,
2034 3641 2181 3696 unde
2232 3642 2347 3697 iam

388 3710 566 3780 leuati
598 3655 818 3764 m
848 3707 1077 3763 redisses
1109 3707 1383 3789 dicuntur.
1581 3777 1592 3790 ι

604 3775 664 3915 33
779 3775 1855 3928 pfflmss·0²2⁰12052}’50„23⁰221⁰“02wm

603 3914 666 3982 6)
703 3930 877 3983 supra
922 3915 1070 3969 lmea
1126 3920 1390 3982 serapiam
1443 3914 1639 3982 lemm-
1705 3914 1913 3969 Cortes.
2012 3911 2181 3966 Hunc
2222 3925 2348 3965 vero

712 3984 751 4038 d
786 3982 1055 4037 Mamaea
1094 3982 1270 4050 fuisse
1313 3983 1539 4036 aliunde
1570 3987 1894 4052 conpertum
1936 3996 2049 4034 aon
2081 3980 2351 4046 habemus,

704 4052 933 4119 leprosis
966 4052 1079 4105 allis
1187 4050 1428 4118 idquam.

608 4120 664 4188 7)
706 4121 926 4175 Ruchat
953 4120 1012 4175 V.
1036 4068 1184 4172 233?
1201 4119 1290 4172 Un
1308 4118 1597 4188 bourgeois
1632 4117 1699 4171 de
1733 4119 1787 4169 la
1805 4114 2119 4195 Bonnev-ille
2137 4114 2351 4195 nomme

390 4192 446 4246 le
482 4190 696 4245 Pelonx
731 4191 795 4242 fit
826 4187 1109 4257 imprimer
1155 4203 1223 4240 en
1269 4187 1590 4256 Allemagne
1635 4203 1705 4239 nn
1749 4185 1888 4238 livre
1971 4200 2028 4236 m
2073 4187 2353 4237 contenuit

390 4262 448 4315 la
481 4261 735 4314 doctrine
772 4259 868 4311 des
918 4256 1313 4324 Anabaptistes
1348 4261 1406 4309 et
1442 4272 1510 4309 en
1543 4255 1607 4307 fit
1651 4255 1789 4306 tirer
1837 4255 1859 4303 1

388 4330 588 4384 de'bita
637 4345 711 4381 nn
765 4328 873 4380 bon
926 4325 1153 4378 nombre
1204 4323 1339 4377 dans
1389 4324 1442 4376 16
1493 4323 1669 4376 comte
1721 4321 1790 4375 de
1843 4320 2160 4375 Ncucbatel.
2243 4320 2350 4373 Les

391 4396 911 4520 ξὲῗᾈῗὲῑιῖἷωζ.
928 4392 1338 4515 Ἧίἵῖὦῗὶὲξ
1371 4389 1785 4512 ὲθέξὲαὲξὲη.
1807 4406 1880 4511 2¹2
1919 4390 2125 4510 332¹?ss
2158 4389 2352 4526 ἒῖῃὲῗ

392 4535 610 4604 primer
657 4549 745 4586 ces
773 4480 971 4585 psijum-cs.
1055 4529 1152 4584 Eo
1200 4530 1288 4583 his
1331 4527 1589 4595 intelligas
1629 4542 1729 4581 car
1764 4525 2223 4581 :Neoeomensibus
2252 4540 2350 4593 po·

393 4604 673 4657 tissimum
705 4602 904 4654 labrum
936 4613 1096 4652 auam
1128 4603 1320 4653 contra
1352 4596 1751 4663 Anabaptistas
1775 4595 2038 4663 scriptam
2072 4592 2350 4648 dicaverit.

400 4671 730 4727 constituebat
792 4669 896 4722 iste
953 4666 1161 4722 libellus
1221 4671 1413 4734 septem
1480 4665 1745 4719 articulos
1798 4668 1990 4718 contra
2047 4677 2183 4732 quos
2238 4664 2353 4715 iam

394 4739 708 4808 Zooinqlius
743 4754 792 4789 a.
816 4733 954 4790 1527
989 4750 1148 4789 suam
1165 4734 1462 4789 Elenchum
1496 4733 1554 4786 in
1573 4732 2066 4801 Catabaptistarum
2099 4730 2352 4800 strophas

394 4807 601 4873 edidit,
658 4820 809 4875 quem
855 4802 976 4860 vide
1025 4804 1088 4857 in
1133 4803 1201 4871 ej.
1245 4802 1383 4871 Opp.
1430 4800 1512 4856 ed.
1570 4799 1878 4855 Schulthess
1917 4799 2040 4855 111.
2072 4797 2173 4852 357
2209 4814 2267 4852 se
2339 4839 2352 4853 .

401 4876 715 4944 Exemplar
782 4873 1113 4928 manicam
1143 4878 1365 4953 praeter
1404 4870 1528 4925 illos
1571 4869 1829 4924 articulos
1874 4868 2035 4923 etiam
2068 4816 2353 4950 ‘diambqen

395 4945 702 5015 lonyiorem
738 4890 806 4996 ge
831 4940 1276 5011 paedobapttsmo
1309 4937 1793 5008 comprehenderat„
1878 4936 1959 5004 Of.
2004 4942 2169 4991 etnam
2204 4936 2261 4988 E·
2338 4975 2351 4989 .

404 5010 824 5081 Oeoozanpada·
853 5015 907 5065 et
937 5008 1197 5078 vainqlii
1225 5007 1267 5074 Γ.
1300 5007 1369 5062 81
1404 5015 1455 5064 et
1491 5006 1710 5063 Caluini
1748 5005 1884 5074 Opp.
1930 5005 1987 5059 T.
2037 5004 2174 5085 Vn.
2262 5019 2352 5085 aga

395 5083 995 5150 habeoquommope
1049 5077 1281 5146 explices
1336 5078 1447 5132 imo
1637 5073 2354 5145 ‘aquaead-mmmm

404 5150 657 5219 Prolem.
717 5147 855 5203 VII.
900 5163 955 5215 p.
1003 5144 1087 5213 19,
1132 5146 1229 5201 abi
1274 5146 1345 5201 ab
1387 5147 1510 5214 ipso
1560 5092 1787 5201 officina
1831 5157 1933 5199 nos
1975 5141 2157 5223 decipi
2196 5141 2359 5222 passi

400 5234 612 5286 umas,
656 5218 767 5287 qui,
811 5223 873 5271 at
915 5233 954 5271 a
987 5214 1211 5270 Fareuo
1244 5215 1605 5283 suspicionem
1639 5217 1918 5280 ava-teret,
1951 5211 2058 5266 siba
2085 5215 2252 5279 ,um
2289 5211 2353 5264 1·-

399 5289 600 5347 bellu-0
635 5286 860 5342 miceam
890 5283 1130 5341 dicebat.-
1162 5283 1233 5337 de
1264 5283 1392 5337 bien
1422 5283 1553 5337 loin.

390 3988 565 4041 etiam

388 4068 570 4126 W

2072 381 2236 443 1544
2279 374 2747 445 FEBRUAR.

2006 4268 2127 4305 cxx.
2198 4252 2246 4305 11
2281 4250 2366 4304 en'

4277 387 4401 451 682

2452 566 2918 652 Zuynglius‚⁸)
2962 574 3187 632 tamen
3227 570 3521 652 gestiunt
3560 570 3655 635 ita
3699 569 3952 649 miseri,
4018 571 4128 654 qui
4182 571 4405 637 omnia

2452 654 2725 735 cupiunt
2766 672 2995 718 eversa
3037 673 3203 735 quae
3246 663 3403 724 sunt
3436 655 3583 733 Dei,
3627 653 3708 719 de
3741 655 3858 720 illo
3900 675 4218 722 consensu
4252 677 4404 741 per-

2451 735 2923 803 ditissimorum
2965 737 3305 803 hominum
3363 748 3433 804 et
3476 740 3557 806 de
3598 748 3732 805 tam
3778 741 4105 807 obstinata
4145 749 4215 806 et
4252 764 4401 826 per-

2454 825 2668 889 tinace
2702 824 3192 906 perseverantia
3225 824 3297 889 in
3378 826 3617 891 essima
3650 828 3989 906 sententia,
4036 849 4165 910 qua
4198 830 4403 903 miser

2454 908 2718 991 quidam
2759 908 2839 973 ad
2876 917 3153 973 mortem
3187 930 3307 993 per
3353 913 3585 991 uravit,
3628 920 3702 976 ut
3736 922 3967 995 putent
4000 917 4220 977 omnia
4255 930 4400 979 tan-

2453 1014 2650 1076 quam
2691 995 3038 1060 verissima
3079 994 3342 1061 oracula
3398 995 3626 1063 haberi
3673 996 3923 1062 debere.
4011 997 4403 1065 Pervadunt

2453 1079 2645 1145 aedes
2679 1080 2918 1163 leprosi
2953 1080 3151 1163 aliqui
3184 1102 3469 1164 corpore,
3517 1090 3585 1147 et
3619 1082 3732 1147 alii
3767 1104 3895 1147 non
3933 1082 4151 1147 minus
4196 1085 4399 1150 animi

2452 1164 2637 1249 lepra
2680 1166 3122 1245 contaminati,
3169 1181 3235 1232 et
3277 1169 3500 1231 omnia
3543 1167 3745 1233 libelli
3788 1167 4123 1234 inculcant
4164 1178 4233 1233 et
4265 1190 4399 1235 non

2451 1272 2693 1334 paucos
2737 1250 3073 1328 seducunt,
3118 1252 3272 1334 quia
3312 1252 3383 1317 in
3420 1253 3758 1317 nonnullis
3801 1264 3904 1317 est
3940 1254 4123 1319 verbi
4164 1254 4401 1338 aliquis

2449 1338 2656 1401 fucus.
2747 1335 2969 1418 Quare
3010 1336 3277 1415 fratres,
3335 1359 3540 1420 quum
3581 1338 3852 1403 videant
3890 1359 4051 1422 opus
4094 1361 4236 1405 esse
4280 1341 4400 1405 ali-

2451 1442 2580 1505 qua
2639 1423 3091 1505 responsione,
3158 1444 3288 1487 non
3356 1422 3529 1504 quod
3582 1423 3749 1489 liber
3800 1423 4037 1508 dignus
4101 1425 4217 1501 sit,
4283 1424 4401 1491 sed

2449 1514 2715 1591 propter
2771 1507 3099 1590 simplices
3152 1508 3226 1572 in
3279 1509 3516 1590 quibus
3573 1509 3807 1591 aliquis
3860 1522 3961 1574 est
4012 1510 4208 1576 timor
4250 1511 4398 1591 Dei,

2447 1600 2512 1657 te
2556 1599 2792 1676 rogant
2835 1602 3102 1675 propter
3143 1594 3505 1659 Dominum
3560 1601 3637 1658 ut
3675 1593 3849 1659 hanc
3891 1597 4205 1678 suscipias
4246 1616 4398 1678 pro-

2447 1677 2736 1743 vinciam
2754 1729 2769 1755 ,
2844 1699 2965 1743 nec
3035 1676 3407 1762 dedigneris
3470 1690 3737 1762 propter
3798 1680 4071 1746 miseros
4135 1691 4399 1748 autores

2447 1783 2611 1846 opus
2656 1763 2946 1847 aggredi.
3035 1761 3297 1829 Scimus
3352 1786 3580 1830 omnes
3626 1774 3691 1830 te
3734 1786 3934 1848 supra
3983 1765 4251 1831 modum
4292 1788 4400 1833 oc-

2448 1860 2790 1931 cupatum,
2852 1858 2919 1914 et
2977 1848 3106 1913 alia
3157 1848 3400 1915 habere
3457 1850 3803 1916 tractanda
3857 1852 3925 1915 in
3968 1852 4205 1933 quibus
4250 1852 4399 1934 plus

2447 1933 2755 1999 videatur
2793 1955 2936 1999 esse
2978 1934 3334 2014 commodi,
3389 1958 3523 2000 non
3569 1945 3821 2000 tantum
3871 1935 3979 2002 hic
4019 1937 4154 2001 iam
4197 1958 4399 2021 agen-

2447 2019 2625 2085 tibus
2642 2070 2656 2095 ,
2716 2019 2829 2084 sed
2874 2019 3151 2103 posteris
3195 2041 3468 2104 quoque,
3527 2020 3875 2104 prwcipue
3918 2021 3989 2086 in
4037 2022 4401 2105 scripturae

2448 2106 2878 2170 enarratione.
2947 2104 3081 2170 Sed
3115 2126 3250 2169 non
3294 2107 3557 2189 ignoras
3600 2127 3797 2188 quam
3839 2126 4155 2189 praesens
4197 2129 4399 2173 vene-

2447 2210 2608 2255 num
2671 2189 2979 2256 ecclesiae
3043 2191 3132 2255 sit
3197 2190 3321 2254 hoc
3379 2190 3722 2255 hominum

2447 2282 2745 2358 oporteat
2787 2296 3127 2341 occurrere
3161 2276 3717 2359 pestilentissimis

2447 2380 2690 2427 corum.
2780 2359 3242 2445 Deligeremus
3285 2361 3504 2440 alium,
3550 2361 3665 2427 sed
3709 2360 3814 2429 dic
3830 2413 3847 2441 ,
3946 2382 4160 2441 uaeso,
4204 2384 4399 2446 quem

2444 2446 2877 2525 inveniemus,
2923 2445 3038 2528 qui
3079 2446 3288 2510 multo
3331 2446 3583 2525 labore,
3638 2469 3818 2514 nunc
3861 2385 4174 2526 addendo,
4220 2469 4400 2516 nunc

2446 2530 2895 2609 subducendo,
2954 2550 3133 2595 nunc
3189 2531 3538 2609 vertendo,
3592 2540 3660 2597 et
3715 2532 3870 2616 quid
3927 2532 4139 2598 dicam
4179 2533 4402 2601 omnia

2445 2617 2717 2703 agend0,
2762 2616 2832 2682 id
2873 2625 3011 2681 tam
3054 2616 3243 2681 facile
3276 2624 3586 2700 praestet,
3631 2639 3829 2702 quam
3864 2626 3937 2682 tu
3971 2618 4080 2684 vel
4113 2616 4400 2684 ludendo

2444 2703 2672 2786 possis.
2762 2700 2988 2784 Quum
3029 2701 3236 2787 igitur
3276 2701 3407 2767 levi
3451 2702 3673 2767 labore
3714 2723 3964 2769 morem
4008 2723 4235 2787 gerere
4268 2704 4400 2768 fra-

2444 2788 2659 2855 tribus
2701 2789 2929 2872 possis,
2974 2794 3042 2852 et
3086 2809 3229 2852 rem
3273 2796 3410 2853 tam
3454 2789 3887 2854 necessariam
3931 2787 4287 2867 absolvere,
4332 2795 4402 2853 et

2447 2875 2750 2940 omnibus
2791 2871 2986 2941 valde
3027 2873 3277 2952 utilem,
3323 2881 3388 2938 te
3432 2894 3660 2938 omnes
3693 2881 3887 2939 orant
3919 2881 3997 2939 ut
4030 2884 4099 2938 te
4142 2873 4405 2939 exorari

2446 2960 2742 3043 patiaris,
2786 2968 2853 3024 et
2895 2958 3021 3023 hoc
3056 2958 3317 3037 efficias,
3365 2977 3486 3023 nec
3605 2957 3921 3043 gradiaris
3963 2957 4142 3024 aliud
4183 2959 4409 3043 prius--⁸

2491 3064 2646 3110 uam
2689 3043 3070 3110 absolveris.
3160 3041 3238 3108 Si
3282 3045 3462 3126 operi
3517 3064 3558 3108 a
3600 3043 3900 3109 iunxeris
3951 3043 4123 3126 quod
4170 3050 4404 3110 contra

2449 3066 2905 3193 dormitionem
2949 3129 3171 3193 fictam
3225 3147 3452 3192 somno
3508 3128 3747 3193 erroris
3790 3127 4196 3211 sepultorum
4239 3130 4405 3194 emi-

3825 2212 4016 2268 enus,
4082 2200 4151 2257 et
4202 2213 4400 2275 quam

3804 2277 4071 2343 octrinis
4114 2277 4399 2344 haereti-

2449 3214 2612 3293 sisti,
2656 3234 2919 3279 versum
2960 3212 3147 3296 prius
3190 3212 3442 3297 gallice,
3458 3215 3516 3296 ⁹)
3570 3221 3647 3277 ut
3698 3215 4051 3297 praecipua
4100 3214 4409 3297 perditis<

2449 3300 2653 3364 simae
2696 3307 2910 3365 sectae
2966 3298 3179 3381 capita
3233 3303 3684 3378 conterantur,
3743 3297 4085 3365 adiuvabis
4140 3298 4397 3365 multos.

2450 3382 2648 3466 Quod
2703 3404 2942 3468 quaeso
2994 3390 3061 3447 te
3113 3382 3282 3448 nolis
3336 3383 3688 3467 negligere.
3778 3382 3858 3449 Si
3898 3405 4036 3449 non
4078 3406 4228 3451 cum
4270 3385 4403 3450 fra-

2448 3470 2681 3550 tribus,
2726 3470 2839 3553 qui
2881 3476 3058 3534 arcte
3096 3467 3423 3533 iusserant
3467 3476 3541 3532 ut
3584 3468 3669 3533 ad
3703 3475 3767 3534 te
3811 3468 4180 3550 scriberem,
4225 3490 4409 3547 com-‚

2450 3555 2837 3640 prehender‚
2858 3559 2893 3593 ¹*
2946 3560 3014 3619 et
3065 3573 3294 3619 eorum
3349 3553 3732 3637 petitionem
3779 3574 3918 3619 non
3985 3554 4196 3638 pluris
4261 3575 4405 3621 esse

2451 3640 2628 3725 apud
2672 3649 2738 3706 te
2781 3638 3115 3706 crederem
3160 3658 3358 3721 quam
3398 3659 3611 3704 meam
3657 3640 3881 3718 unius,
3933 3661 4054 3724 ego
4097 3640 4209 3722 qui
4252 3661 4405 3707 cum

2450 3727 2756 3793 omnibus
2798 3726 3024 3810 flagito
3067 3730 3134 3788 et
3176 3731 3244 3790 te
3288 3724 3613 3790 obstestor
3667 3732 3745 3789 ut
3786 3724 3913 3791 hoc
3953 3725 4254 3807 perficias
4296 3725 4409 3805 ob—‚

2452 3811 2752 3877 secrandi
2792 3812 2994 3876 finem
3036 3828 3174 3873 non
3216 3808 3518 3888 facerem,
3559 3830 3680 3875 nec
3729 3830 3992 3876 vererer
4033 3809 4195 3892 quin
4239 3808 4405 3875 obti-

2453 3916 2699 3961 nerem.
2765 3894 2955 3977 Quod
3003 3894 3062 3961 si
3095 3915 3202 3959 me
3236 3915 3386 3960 cum
3430 3895 3546 3960 tali
3589 3900 3777 3960 coetu
3817 3914 3954 3958 non
3996 3894 4201 3973 audis,
4248 3892 4411 3977 quid

2455 4000 2720 4064 sperare
2759 4001 3024 4062 possum
3075 3979 3249 4062 quod
3290 3979 3467 4046 solus
3526 4001 3566 4045 a
3607 3987 3673 4043 te
3725 3978 3970 4062 aliquid
4010 3979 4417 4063 impetrem?

2630 4064 2848 4131 Causa
2887 4064 3131 4148 captivi
3158 4067 3243 4143 ¹⁰)
3286 4066 3528 4130 rectius
3572 4064 3800 4129 fuisset
3840 4072 4087 4139 curata,
4130 4065 4189 4128 si
4232 4087 4405 4129 nun-

2456 4151 2594 4215 cius
2638 4147 2721 4215 ad
2763 4171 2959 4232 quem
2999 4171 3120 4216 nos
3163 4151 3441 4213 remittit
3481 4149 3687 4214 frater
3726 4148 3859 4215 huc
3901 4149 4226 4228 venisset,
4287 4158 4409 4214 aut

2455 4236 2677 4300 omnia
2747 4235 3299 4301 intellexissemus
3353 4242 3432 4299 ut
3497 4242 3645 4300 acta
3706 4235 3988 4299 fuerunt.
4099 4233 4273 4299 Nam
4335 4232 4415 4309 id¹

2455 4320 2623 4385 scire
2664 4318 3014 4402 cupiebant
3076 4319 3306 4386 consul
3359 4328 3427 4386 et
3468 4329 3751 4385 senatus.
3841 4319 4063 4384 Aliam
4108 4340 4245 4383 non
4288 4339 4417 4402 po-‚

2454 4405 2701 4470 tuimus
2743 4424 3102 4488 proponere
3158 4406 3285 4470 nisi
3341 4427 3539 4488 quam
3592 4405 3817 4471 scribit
3868 4405 4087 4470 frater.
4177 4402 4257 4469 Si
4298 4424 4415 4485 νει-ς

2454 4496 2583 4569 cat,
2619 4489 2796 4574 leges
2831 4490 3170 4556 literarum
3207 4491 3543 4575 exemplar
3577 4499 3647 4556 et
3678 4490 3919 4556 nuncio
3956 4488 4221 4554 demum
4256 4487 4417 4569 red-‚

2660 4794 2722 4930 33
2758 4793 3211 4918 &dicpdegg'deno
3246 4879 3359 4918 non
3390 4862 3731 4931 respondisse
3754 4862 3969 4918 videtur
3994 4863 4212 4929 Noster,
4250 4861 4408 4917 cuiun

2458 4932 2985 5054 Psya-{Pannychio
3021 4948 3071 4986 a.
3107 4931 3318 4987 demum
3356 4930 3489 4986 1558
3519 4932 3711 5013 pallies
3743 4947 3903 4986 versa
3940 4931 4169 5000 prodiit.
4240 4930 4406 5011 (Ro-

2454 5002 2585 5070 1099.
2677 5040 2692 5055 .
2742 5002 2802 5056 V.
2834 5018 2890 5069 p.
2924 4999 3034 5068 38.)
3106 5000 3287 5056 Habet
3322 5008 3499 5055 tamen
3534 5000 3744 5055 labellus
3776 5006 3969 5056 contra
4003 4999 4408 5066 Anabaptutas

2454 5071 2573 5138 ipse
2616 5085 2757 5139 quae
2802 5070 2906 5126 huc
2950 5071 3224 5138 pertinent
3271 5069 3444 5134 (VII.
3507 5067 3603 5122 111
3658 5070 3844 5139 seqq),
3890 5068 4032 5134 conf.
4078 5066 4415 5137 Zwinylim

2450 5138 2486 5193 ι’
2525 5138 2561 5193 ι’
2598 5135 2911 5275 pioffiam
2944 5207 3180 5261 alienum
3226 5210 3376 5273 puta.
3446 5204 3536 5259 De
3589 5205 4106 5274 Gratianopolitano
4140 5204 4408 5275 meam

2455 5276 2656 5331 habent
2690 5276 2831 5331 Acta
2884 5284 3091 5327 *mulas
3138 5274 3313 5325 Gener
3366 5272 3450 5327 21.
3489 5275 3660 5328 Μανύ.
4408 5322 4417 5331 ,
