<?xml version="1.0" encoding="UTF-8"?>
<!DOCTYPE html PUBLIC "-//W3C//DTD XHTML 1.0 Transitional//EN"
    "http://www.w3.org/TR/xhtml1/DTD/xhtml1-transitional.dtd">
<html xmlns="http://www.w3.org/1999/xhtml" xml:lang="en" lang="en">
 <head>
  <title>
</title>
<meta http-equiv="Content-Type" content="text/html;charset=utf-8" />
  <meta name='ocr-system' content='tesseract 3.04.00' />
  <meta name='ocr-capabilities' content='ocr_page ocr_carea ocr_par ocr_line ocrx_word'/>
</head>
<body>
  <div class='ocr_page' id='page_1' title='image "./ioanniscalvinio13unkngoog_0028.png"; bbox 0 0 5050 6167; ppageno 0'>
   <div class='ocr_carea' id='block_1_1' title="bbox 656 456 4669 527">
    <p class='ocr_par' dir='ltr' id='par_1_1' title="bbox 656 456 4669 527">
     <span class='ocr_line' id='line_1_1' title="bbox 656 456 4669 527; baseline 0 -1"><span class='ocrx_word' id='word_1_1' title='bbox 656 466 731 527; x_wconf 78' lang='lat'><strong>31</strong></span> <span class='ocrx_word' id='word_1_2' title='bbox 2132 509 2141 518; x_wconf 93' lang='lat'><strong>.</strong></span> <span class='ocrx_word' id='word_1_3' title='bbox 2207 456 2735 526; x_wconf 77' lang='lat' dir='ltr'>EPIS&#39;POLAE</span> <span class='ocrx_word' id='word_1_4' title='bbox 2782 461 3120 525; x_wconf 80' lang='lat'>214—216</span> <span class='ocrx_word' id='word_1_5' title='bbox 4587 463 4669 527; x_wconf 79' lang='lat'><strong>32</strong></span> 
     </span>
    </p>
   </div>
   <div class='ocr_carea' id='block_1_2' title="bbox 632 645 2609 5108">
    <p class='ocr_par' dir='ltr' id='par_1_2' title="bbox 647 645 2609 2019">
     <span class='ocr_line' id='line_1_2' title="bbox 653 645 2609 735; baseline -0.003 -18"><span class='ocrx_word' id='word_1_6' title='bbox 653 659 937 735; x_wconf 91' lang='lat' dir='ltr'><strong>quatuor</strong></span> <span class='ocrx_word' id='word_1_7' title='bbox 976 659 1092 715; x_wconf 88' lang='lat' dir='ltr'><strong>aut</strong></span> <span class='ocrx_word' id='word_1_8' title='bbox 1132 648 1418 732; x_wconf 85' lang='lat' dir='ltr'><strong>quinque</strong></span> <span class='ocrx_word' id='word_1_9' title='bbox 1462 657 1667 714; x_wconf 89' lang='lat' dir='ltr'><strong>totam</strong></span> <span class='ocrx_word' id='word_1_10' title='bbox 1724 646 1805 713; x_wconf 91' lang='lat' dir='ltr'><strong>de</strong></span> <span class='ocrx_word' id='word_1_11' title='bbox 1863 668 1942 713; x_wconf 89' lang='lat' dir='ltr'><strong>ea</strong></span> <span class='ocrx_word' id='word_1_12' title='bbox 1983 669 2056 713; x_wconf 87' lang='lat' dir='ltr'><strong>re</strong></span> <span class='ocrx_word' id='word_1_13' title='bbox 2100 645 2609 713; x_wconf 90' lang='lat' dir='ltr'><strong>sollicitudinem</strong></span> 
     </span>
     <span class='ocr_line' id='line_1_3' title="bbox 650 731 2608 817; baseline -0.003 -15"><span class='ocrx_word' id='word_1_14' title='bbox 650 736 899 802; x_wconf 81' lang='lat' dir='ltr'><strong>adimet</strong></span> <span class='ocrx_word' id='word_1_15' title='bbox 942 734 1108 801; x_wconf 87' lang='lat' dir='ltr'><strong>mihi</strong></span> <span class='ocrx_word' id='word_1_16' title='bbox 1149 734 1279 801; x_wconf 89' lang='lat' dir='ltr'><strong>alia</strong></span> <span class='ocrx_word' id='word_1_17' title='bbox 1321 734 1660 817; x_wconf 90' lang='lat' dir='ltr'><strong>occupatio</strong></span> <span class='ocrx_word' id='word_1_18' title='bbox 1675 784 1691 811; x_wconf 89' lang='lat'><strong>,</strong></span> <span class='ocrx_word' id='word_1_19' title='bbox 1752 753 1919 817; x_wconf 89' lang='lat' dir='ltr'><strong>quae</strong></span> <span class='ocrx_word' id='word_1_20' title='bbox 1975 753 2080 798; x_wconf 94' lang='lat' dir='ltr'><strong>me</strong></span> <span class='ocrx_word' id='word_1_21' title='bbox 2123 731 2608 815; x_wconf 80' lang='lat' dir='ltr'><strong>aliquantulum</strong></span> 
     </span>
     <span class='ocr_line' id='line_1_4' title="bbox 651 817 2609 902; baseline -0.004 -13"><span class='ocrx_word' id='word_1_22' title='bbox 651 821 997 889; x_wconf 75' lang='lat' dir='ltr'><strong>exercebit.</strong></span> <span class='ocrx_word' id='word_1_23' title='bbox 1064 818 1399 901; x_wconf 75' lang='lat' dir='ltr'><strong>Quoniam</strong></span> <span class='ocrx_word' id='word_1_24' title='bbox 1431 827 1679 885; x_wconf 89' lang='lat' dir='ltr'><strong>temere</strong></span> <span class='ocrx_word' id='word_1_25' title='bbox 1724 817 1806 884; x_wconf 85' lang='lat' dir='ltr'><strong>ad</strong></span> <span class='ocrx_word' id='word_1_26' title='bbox 1852 838 2122 884; x_wconf 84' lang='lat' dir='ltr'><strong>coenam</strong></span> <span class='ocrx_word' id='word_1_27' title='bbox 2155 818 2609 902; x_wconf 76' lang='lat' dir='ltr'><strong>irrumpebant</strong></span> 
     </span>
     <span class='ocr_line' id='line_1_5' title="bbox 650 903 2608 991; baseline -0.002 -19"><span class='ocrx_word' id='word_1_28' title='bbox 650 908 877 973; x_wconf 92' lang='lat' dir='ltr'><strong>multi:</strong></span> <span class='ocrx_word' id='word_1_29' title='bbox 933 927 1135 991; x_wconf 90' lang='lat' dir='ltr'><strong>quum</strong></span> <span class='ocrx_word' id='word_1_30' title='bbox 1190 905 1295 971; x_wconf 91' lang='lat' dir='ltr'><strong>die</strong></span> <span class='ocrx_word' id='word_1_31' title='bbox 1399 905 1686 971; x_wconf 88' lang='lat' dir='ltr'><strong>aschatis</strong></span> <span class='ocrx_word' id='word_1_32' title='bbox 1726 903 2045 971; x_wconf 90' lang='lat' dir='ltr'><strong>edicerem</strong></span> <span class='ocrx_word' id='word_1_33' title='bbox 2084 905 2373 970; x_wconf 84' lang='lat' dir='ltr'><strong>futuram</strong></span> <span class='ocrx_word' id='word_1_34' title='bbox 2418 903 2608 970; x_wconf 90' lang='lat' dir='ltr'><strong>nobis</strong></span> 
     </span>
     <span class='ocr_line' id='line_1_6' title="bbox 651 989 2604 1076; baseline -0.003 -16"><span class='ocrx_word' id='word_1_35' title='bbox 651 1014 923 1061; x_wconf 90' lang='lat' dir='ltr'><strong>coenam</strong></span> <span class='ocrx_word' id='word_1_36' title='bbox 989 993 1289 1076; x_wconf 83' lang='lat' dir='ltr'><strong>proximo</strong></span> <span class='ocrx_word' id='word_1_37' title='bbox 1401 991 1458 1056; x_wconf 84' lang='lat' dir='ltr'><strong>&#39;e</strong></span> <span class='ocrx_word' id='word_1_38' title='bbox 1513 989 1868 1070; x_wconf 80' lang='lat' dir='ltr'><strong>dominicO,</strong></span> <span class='ocrx_word' id='word_1_39' title='bbox 1937 989 2133 1056; x_wconf 90' lang='lat' dir='ltr'><strong>simul</strong></span> <span class='ocrx_word' id='word_1_40' title='bbox 2194 989 2604 1066; x_wconf 87' lang='lat' dir='ltr'><strong>denunciavi‚</strong></span> 
     </span>
     <span class='ocr_line' id='line_1_7' title="bbox 653 1074 2606 1160; baseline -0.003 -15"><span class='ocrx_word' id='word_1_41' title='bbox 653 1081 983 1146; x_wconf 90' lang='lat' dir='ltr'><strong>neminem</strong></span> <span class='ocrx_word' id='word_1_42' title='bbox 1028 1076 1387 1143; x_wconf 89' lang='lat' dir='ltr'><strong>admissum</strong></span> <span class='ocrx_word' id='word_1_43' title='bbox 1430 1076 1516 1141; x_wconf 91' lang='lat' dir='ltr'><strong>iri</strong></span> <span class='ocrx_word' id='word_1_44' title='bbox 1560 1098 1600 1142; x_wconf 89' lang='lat' dir='ltr'><strong>a</strong></span> <span class='ocrx_word' id='word_1_45' title='bbox 1641 1098 1780 1157; x_wconf 88' lang='lat' dir='ltr'><strong>me,</strong></span> <span class='ocrx_word' id='word_1_46' title='bbox 1836 1077 1948 1160; x_wconf 90' lang='lat' dir='ltr'><strong>qui</strong></span> <span class='ocrx_word' id='word_1_47' title='bbox 1990 1098 2124 1141; x_wconf 93' lang='lat' dir='ltr'><strong>non</strong></span> <span class='ocrx_word' id='word_1_48' title='bbox 2174 1075 2360 1159; x_wconf 88' lang='lat' dir='ltr'><strong>prius</strong></span> <span class='ocrx_word' id='word_1_49' title='bbox 2405 1097 2476 1140; x_wconf 91' lang='lat' dir='ltr'><strong>se</strong></span> <span class='ocrx_word' id='word_1_50' title='bbox 2521 1074 2606 1140; x_wconf 90' lang='lat' dir='ltr'><strong>ad</strong></span> 
     </span>
     <span class='ocr_line' id='line_1_8' title="bbox 647 1159 2605 1250; baseline -0.003 -19"><span class='ocrx_word' id='word_1_51' title='bbox 647 1164 1102 1250; x_wconf 80' lang='lat' dir='ltr'><strong>probationem</strong></span> <span class='ocrx_word' id='word_1_52' title='bbox 1144 1161 1503 1229; x_wconf 88' lang='lat' dir='ltr'><strong>obtulisset.</strong></span> <span class='ocrx_word' id='word_1_53' title='bbox 1592 1162 1821 1228; x_wconf 91' lang='lat' dir='ltr'><strong>Praeci</strong></span> <span class='ocrx_word' id='word_1_54' title='bbox 1873 1182 1957 1227; x_wconf 89' lang='lat' dir='ltr'><strong>ua</strong></span> <span class='ocrx_word' id='word_1_55' title='bbox 1998 1170 2220 1228; x_wconf 90' lang='lat' dir='ltr'><strong>autem</strong></span> <span class='ocrx_word' id='word_1_56' title='bbox 2253 1159 2605 1226; x_wconf 85' lang='lat' dir='ltr'><strong>difficultas</strong></span> 
     </span>
     <span class='ocr_line' id='line_1_9' title="bbox 650 1245 2605 1333; baseline -0.004 -15"><span class='ocrx_word' id='word_1_57' title='bbox 650 1252 776 1318; x_wconf 90' lang='lat' dir='ltr'><strong>erit</strong></span> <span class='ocrx_word' id='word_1_58' title='bbox 827 1252 899 1316; x_wconf 91' lang='lat' dir='ltr'><strong>in</strong></span> <span class='ocrx_word' id='word_1_59' title='bbox 953 1246 1343 1333; x_wconf 90' lang='lat' dir='ltr'><strong>corrigenda</strong></span> <span class='ocrx_word' id='word_1_60' title='bbox 1399 1246 1639 1315; x_wconf 89' lang='lat' dir='ltr'><strong>stolida</strong></span> <span class='ocrx_word' id='word_1_61' title='bbox 1693 1246 2079 1330; x_wconf 76' lang='lat' dir='ltr'><strong>cupiditate,</strong></span> <span class='ocrx_word' id='word_1_62' title='bbox 2145 1268 2311 1331; x_wconf 88' lang='lat' dir='ltr'><strong>quae</strong></span> <span class='ocrx_word' id='word_1_63' title='bbox 2370 1245 2605 1313; x_wconf 78' lang='lat' dir='ltr'>Gallos</span> 
     </span>
     <span class='ocr_line' id='line_1_10' title="bbox 651 1332 2603 1422; baseline -0.004 -19"><span class='ocrx_word' id='word_1_64' title='bbox 651 1336 968 1422; x_wconf 90' lang='lat' dir='ltr'><strong>quosdam</strong></span> <span class='ocrx_word' id='word_1_65' title='bbox 1033 1334 1129 1401; x_wconf 89' lang='lat' dir='ltr'><strong>sic</strong></span> <span class='ocrx_word' id='word_1_66' title='bbox 1191 1334 1567 1416; x_wconf 87' lang='lat' dir='ltr'><strong>occupavit,</strong></span> <span class='ocrx_word' id='word_1_67' title='bbox 1633 1341 1709 1398; x_wconf 91' lang='lat' dir='ltr'><strong>ut</strong></span> <span class='ocrx_word' id='word_1_68' title='bbox 1772 1333 1888 1400; x_wconf 81' lang='lat' dir='ltr'><strong>vix</strong></span> <span class='ocrx_word' id='word_1_69' title='bbox 1946 1332 2179 1399; x_wconf 86' lang='lat' dir='ltr'><strong>revelli</strong></span> <span class='ocrx_word' id='word_1_70' title='bbox 2237 1353 2320 1397; x_wconf 83' lang='lat' dir='ltr'><strong>ex</strong></span> <span class='ocrx_word' id='word_1_71' title='bbox 2374 1352 2603 1397; x_wconf 88' lang='lat' dir='ltr'><strong>eorum</strong></span> 
     </span>
     <span class='ocr_line' id='line_1_11' title="bbox 651 1417 2600 1505; baseline -0.004 -15"><span class='ocrx_word' id='word_1_72' title='bbox 651 1422 892 1490; x_wconf 87' lang='lat' dir='ltr'><strong>animis</strong></span> <span class='ocrx_word' id='word_1_73' title='bbox 925 1435 1138 1505; x_wconf 86' lang='lat' dir='ltr'><strong>queat.</strong></span> <span class='ocrx_word' id='word_1_74' title='bbox 1213 1417 1361 1486; x_wconf 84' lang='lat' dir='ltr'><strong>Scis</strong></span> <span class='ocrx_word' id='word_1_75' title='bbox 1395 1419 1573 1503; x_wconf 81' lang='lat' dir='ltr'><strong>leges</strong></span> <span class='ocrx_word' id='word_1_76' title='bbox 1606 1418 1755 1485; x_wconf 87' lang='lat' dir='ltr'><strong>illas</strong></span> <span class='ocrx_word' id='word_1_77' title='bbox 1788 1441 1932 1486; x_wconf 91' lang='lat' dir='ltr'><strong>esse</strong></span> <span class='ocrx_word' id='word_1_78' title='bbox 1974 1420 2158 1498; x_wconf 90' lang='lat' dir='ltr'><strong>latas,</strong></span> <span class='ocrx_word' id='word_1_79' title='bbox 2203 1427 2279 1484; x_wconf 90' lang='lat' dir='ltr'><strong>ut</strong></span> <span class='ocrx_word' id='word_1_80' title='bbox 2312 1417 2600 1484; x_wconf 89' lang='lat' dir='ltr'><strong>scholas-</strong></span> 
     </span>
     <span class='ocr_line' id='line_1_12' title="bbox 652 1504 2603 1590; baseline -0.003 -16"><span class='ocrx_word' id='word_1_81' title='bbox 652 1510 779 1576; x_wconf 90' lang='lat' dir='ltr'><strong>tico</strong></span> <span class='ocrx_word' id='word_1_82' title='bbox 838 1506 1066 1573; x_wconf 89' lang='lat' dir='ltr'><strong>habitu</strong></span> <span class='ocrx_word' id='word_1_83' title='bbox 1126 1504 1415 1572; x_wconf 90' lang='lat' dir='ltr'><strong>contenti</strong></span> <span class='ocrx_word' id='word_1_84' title='bbox 1486 1504 1738 1588; x_wconf 79' lang='lat' dir='ltr'>gladios</span> <span class='ocrx_word' id='word_1_85' title='bbox 1803 1504 2155 1590; x_wconf 82' lang='lat' dir='ltr'><strong>deponant,</strong></span> <span class='ocrx_word' id='word_1_86' title='bbox 2213 1513 2291 1569; x_wconf 90' lang='lat' dir='ltr'><strong>ut</strong></span> <span class='ocrx_word' id='word_1_87' title='bbox 2332 1504 2603 1569; x_wconf 89' lang='lat' dir='ltr'><strong>nomina</strong></span> 
     </span>
     <span class='ocr_line' id='line_1_13' title="bbox 650 1589 2600 1676; baseline -0.004 -15"><span class='ocrx_word' id='word_1_88' title='bbox 650 1593 852 1661; x_wconf 82' lang='lat' dir='ltr'><strong>edant</strong></span> <span class='ocrx_word' id='word_1_89' title='bbox 895 1592 1070 1676; x_wconf 93' lang='lat' dir='ltr'><strong>apud</strong></span> <span class='ocrx_word' id='word_1_90' title='bbox 1114 1599 1462 1669; x_wconf 88' lang='lat' dir='ltr'><strong>rectorem,</strong></span> <span class='ocrx_word' id='word_1_91' title='bbox 1519 1598 1587 1655; x_wconf 90' lang='lat' dir='ltr'><strong>et</strong></span> <span class='ocrx_word' id='word_1_92' title='bbox 1643 1591 1907 1659; x_wconf 88' lang='lat' dir='ltr'><strong>similes.</strong></span> <span class='ocrx_word' id='word_1_93' title='bbox 2005 1592 2141 1657; x_wconf 86' lang='lat' dir='ltr'><strong>Eas</strong></span> <span class='ocrx_word' id='word_1_94' title='bbox 2196 1597 2271 1655; x_wconf 98' lang='grc' dir='ltr'><strong>ιιι</strong></span> <span class='ocrx_word' id='word_1_95' title='bbox 2310 1589 2600 1668; x_wconf 89' lang='lat' dir='ltr'><strong>eludant,</strong></span> 
     </span>
     <span class='ocr_line' id='line_1_14' title="bbox 650 1675 2605 1762; baseline -0.004 -15"><span class='ocrx_word' id='word_1_96' title='bbox 650 1681 911 1747; x_wconf 90' lang='lat' dir='ltr'><strong>eiurant</strong></span> <span class='ocrx_word' id='word_1_97' title='bbox 953 1677 1423 1762; x_wconf 79' lang='lat' dir='ltr'><strong>professionem</strong></span> <span class='ocrx_word' id='word_1_98' title='bbox 1464 1676 1824 1742; x_wconf 89' lang='lat' dir='ltr'><strong>literarum.</strong></span> <span class='ocrx_word' id='word_1_99' title='bbox 1929 1675 2063 1743; x_wconf 82' lang='lat' dir='ltr'><strong>Sed</strong></span> <span class='ocrx_word' id='word_1_100' title='bbox 2119 1677 2273 1760; x_wconf 89' lang='lat' dir='ltr'><strong>quia</strong></span> <span class='ocrx_word' id='word_1_101' title='bbox 2329 1682 2605 1759; x_wconf 89' lang='lat' dir='ltr'><strong>apparet</strong></span> 
     </span>
     <span class='ocr_line' id='line_1_15' title="bbox 650 1760 2600 1840; baseline -0.003 -9"><span class='ocrx_word' id='word_1_102' title='bbox 650 1766 999 1831; x_wconf 83' lang='lat' dir='ltr'><strong>manifesta</strong></span> <span class='ocrx_word' id='word_1_103' title='bbox 1040 1761 1475 1840; x_wconf 86' lang='lat' dir='ltr'><strong>contumacia,</strong></span> <span class='ocrx_word' id='word_1_104' title='bbox 1518 1783 1666 1827; x_wconf 88' lang='lat' dir='ltr'><strong>eam</strong></span> <span class='ocrx_word' id='word_1_105' title='bbox 1709 1763 1914 1828; x_wconf 85' lang='lat' dir='ltr'><strong>statui</strong></span> <span class='ocrx_word' id='word_1_106' title='bbox 1958 1761 2141 1828; x_wconf 91' lang='lat' dir='ltr'><strong>nullo</strong></span> <span class='ocrx_word' id='word_1_107' title='bbox 2182 1760 2375 1827; x_wconf 92' lang='lat' dir='ltr'><strong>modo</strong></span> <span class='ocrx_word' id='word_1_108' title='bbox 2408 1762 2600 1826; x_wconf 89' lang='lat' dir='ltr'><strong>ferre.</strong></span> 
     </span>
     <span class='ocr_line' id='line_1_16' title="bbox 649 1847 2606 1932; baseline -0.006 -10"><span class='ocrx_word' id='word_1_109' title='bbox 649 1851 831 1922; x_wconf 79' lang='lat' dir='ltr'><strong>Malo</strong></span> <span class='ocrx_word' id='word_1_110' title='bbox 897 1849 1077 1917; x_wconf 91' lang='lat' dir='ltr'><strong>enim</strong></span> <span class='ocrx_word' id='word_1_111' title='bbox 1141 1847 1378 1914; x_wconf 90' lang='lat' dir='ltr'><strong>abeant</strong></span> <span class='ocrx_word' id='word_1_112' title='bbox 1438 1869 1693 1926; x_wconf 91' lang='lat' dir='ltr'><strong>omnes,</strong></span> <span class='ocrx_word' id='word_1_113' title='bbox 1752 1869 1949 1932; x_wconf 92' lang='lat' dir='ltr'><strong>quam</strong></span> <span class='ocrx_word' id='word_1_114' title='bbox 1998 1857 2076 1913; x_wconf 91' lang='lat' dir='ltr'><strong>ut</strong></span> <span class='ocrx_word' id='word_1_115' title='bbox 2131 1847 2237 1913; x_wconf 89' lang='lat' dir='ltr'><strong>hic</strong></span> <span class='ocrx_word' id='word_1_116' title='bbox 2293 1854 2606 1913; x_wconf 89' lang='lat' dir='ltr'><strong>maneant</strong></span> 
     </span>
     <span class='ocr_line' id='line_1_17' title="bbox 648 1933 1538 2019; baseline -0.007 -14"><span class='ocrx_word' id='word_1_117' title='bbox 648 1960 801 2005; x_wconf 90' lang='lat' dir='ltr'><strong>cum</strong></span> <span class='ocrx_word' id='word_1_118' title='bbox 847 1934 1227 2019; x_wconf 85' lang='lat' dir='ltr'><strong>disciplinae</strong></span> <span class='ocrx_word' id='word_1_119' title='bbox 1267 1933 1538 1999; x_wconf 90' lang='lat' dir='ltr'><strong>iactura.</strong></span> 
     </span>
    </p>

    <p class='ocr_par' dir='ltr' id='par_1_3' title="bbox 647 2018 2607 2788">
     <span class='ocr_line' id='line_1_18' title="bbox 824 2018 2603 2107; baseline -0.003 -19"><span class='ocrx_word' id='word_1_120' title='bbox 824 2022 1111 2107; x_wconf 81' lang='lat' dir='ltr'><strong>Rogavit</strong></span> <span class='ocrx_word' id='word_1_121' title='bbox 1148 2040 1254 2085; x_wconf 91' lang='lat' dir='ltr'><strong>me</strong></span> <span class='ocrx_word' id='word_1_122' title='bbox 1299 2039 1509 2101; x_wconf 86' lang='lat' dir='ltr'><strong>nuper</strong></span> <span class='ocrx_word' id='word_1_123' title='bbox 1550 2019 1691 2085; x_wconf 85' lang='lat' dir='ltr'><strong>Leo</strong></span> <span class='ocrx_word' id='word_1_124' title='bbox 1727 2019 1950 2098; x_wconf 73' lang='lat' dir='ltr'><strong>Iuda-9,</strong></span> <span class='ocrx_word' id='word_1_125' title='bbox 1993 2029 2069 2084; x_wconf 90' lang='lat' dir='ltr'><strong>ut</strong></span> <span class='ocrx_word' id='word_1_126' title='bbox 2101 2018 2227 2085; x_wconf 89' lang='lat' dir='ltr'><strong>sibi</strong></span> <span class='ocrx_word' id='word_1_127' title='bbox 2262 2018 2603 2101; x_wconf 89' lang='lat' dir='ltr'><strong>epistolam</strong></span> 
     </span>
     <span class='ocr_line' id='line_1_19' title="bbox 651 2103 2607 2188; baseline -0.004 -11"><span class='ocrx_word' id='word_1_128' title='bbox 651 2131 905 2188; x_wconf 83' lang='lat' dir='ltr'><strong>meam,</strong></span> <span class='ocrx_word' id='word_1_129' title='bbox 968 2129 1055 2173; x_wconf 81' lang='lat' dir='ltr'><strong>ex</strong></span> <span class='ocrx_word' id='word_1_130' title='bbox 1113 2104 1366 2171; x_wconf 88' lang='lat' dir='ltr'><strong>duabus</strong></span> <span class='ocrx_word' id='word_1_131' title='bbox 1420 2103 1584 2184; x_wconf 87' lang='lat' dir='ltr'><strong>illis,</strong></span> <span class='ocrx_word' id='word_1_132' title='bbox 1639 2126 1801 2188; x_wconf 89' lang='lat' dir='ltr'><strong>quas</strong></span> <span class='ocrx_word' id='word_1_133' title='bbox 1860 2113 2015 2169; x_wconf 89' lang='lat' dir='ltr'><strong>ante</strong></span> <span class='ocrx_word' id='word_1_134' title='bbox 2068 2125 2274 2170; x_wconf 88' lang='lat' dir='ltr'><strong>annos</strong></span> <span class='ocrx_word' id='word_1_135' title='bbox 2326 2111 2607 2188; x_wconf 87' lang='lat' dir='ltr'><strong>quatuor</strong></span> 
     </span>
     <span class='ocr_line' id='line_1_20' title="bbox 651 2188 2605 2278; baseline -0.004 -17"><span class='ocrx_word' id='word_1_136' title='bbox 651 2194 912 2278; x_wconf 75' lang='lat' dir='ltr'><strong>scripsi,</strong></span> <span class='ocrx_word' id='word_1_137' title='bbox 976 2191 1290 2276; x_wconf 86' lang='lat' dir='ltr'><strong>priorem,</strong></span> <span class='ocrx_word' id='word_1_138' title='bbox 1357 2189 1550 2256; x_wconf 90' lang='lat' dir='ltr'><strong>edere</strong></span> <span class='ocrx_word' id='word_1_139' title='bbox 1613 2190 1987 2274; x_wconf 88' lang='lat' dir='ltr'><strong>germanice</strong></span> <span class='ocrx_word' id='word_1_140' title='bbox 2077 2190 2304 2256; x_wconf 89' lang='lat' dir='ltr'><strong>liceret</strong></span> <span class='ocrx_word' id='word_1_141' title='bbox 2380 2188 2605 2255; x_wconf 89' lang='lat' dir='ltr'><strong>addito</strong></span> 
     </span>
     <span class='ocr_line' id='line_1_21' title="bbox 649 2274 2605 2347; baseline -0.004 1"><span class='ocrx_word' id='word_1_142' title='bbox 649 2282 935 2347; x_wconf 88' lang='lat' dir='ltr'><strong>nomine.</strong></span> <span class='ocrx_word' id='word_1_143' title='bbox 1041 2277 1340 2343; x_wconf 86' lang='lat' dir='ltr'><strong>Alteram</strong></span> <span class='ocrx_word' id='word_1_144' title='bbox 1394 2277 1572 2341; x_wconf 91' lang='lat' dir='ltr'><strong>enim</strong></span> <span class='ocrx_word' id='word_1_145' title='bbox 1627 2278 1769 2342; x_wconf 91' lang='lat' dir='ltr'><strong>sine</strong></span> <span class='ocrx_word' id='word_1_146' title='bbox 1819 2276 2084 2341; x_wconf 90' lang='lat' dir='ltr'><strong>nomine</strong></span> <span class='ocrx_word' id='word_1_147' title='bbox 2141 2275 2247 2343; x_wconf 87' lang='lat' dir='ltr'><strong>his</strong></span> <span class='ocrx_word' id='word_1_148' title='bbox 2290 2274 2605 2341; x_wconf 86' lang='lat' dir='ltr'><strong>nundinis</strong></span> 
     </span>
     <span class='ocr_line' id='line_1_22' title="bbox 653 2360 2605 2451; baseline -0.004 -19"><span class='ocrx_word' id='word_1_149' title='bbox 653 2365 1031 2451; x_wconf 86' lang='lat' dir='ltr'><strong>publicavit,</strong></span> <span class='ocrx_word' id='word_1_150' title='bbox 1109 2384 1197 2428; x_wconf 89' lang='lat' dir='ltr'><strong>ua</strong></span> <span class='ocrx_word' id='word_1_151' title='bbox 1231 2360 1475 2428; x_wconf 89' lang='lat' dir='ltr'><strong>scilicet</strong></span> <span class='ocrx_word' id='word_1_152' title='bbox 1511 2361 1859 2446; x_wconf 86' lang='lat' dir='ltr'><strong>papisticos</strong></span> <span class='ocrx_word' id='word_1_153' title='bbox 1895 2361 2231 2445; x_wconf 89' lang='lat' dir='ltr'><strong>episcopos</strong></span> <span class='ocrx_word' id='word_1_154' title='bbox 2266 2360 2605 2426; x_wconf 90' lang='lat' dir='ltr'><strong>demulceo</strong></span> 
     </span>
     <span class='ocr_line' id='line_1_23' title="bbox 651 2446 2601 2532; baseline -0.003 -14"><span class='ocrx_word' id='word_1_155' title='bbox 651 2462 718 2518; x_wconf 91' lang='lat' dir='ltr'><strong>et</strong></span> <span class='ocrx_word' id='word_1_156' title='bbox 753 2450 999 2518; x_wconf 85' lang='lat' dir='ltr'><strong>adulor.</strong></span> <span class='ocrx_word' id='word_1_157' title='bbox 1131 2448 1431 2532; x_wconf 88' lang='lat' dir='ltr'><strong>esponsio</strong></span> <span class='ocrx_word' id='word_1_158' title='bbox 1467 2469 1664 2532; x_wconf 90' lang='lat' dir='ltr'><strong>quam</strong></span> <span class='ocrx_word' id='word_1_159' title='bbox 1698 2446 1866 2526; x_wconf 88' lang='lat' dir='ltr'><strong>dedi,</strong></span> <span class='ocrx_word' id='word_1_160' title='bbox 1911 2448 2038 2512; x_wconf 88' lang='lat' dir='ltr'><strong>fuit</strong></span> <span class='ocrx_word' id='word_1_161' title='bbox 2078 2447 2432 2530; x_wconf 88' lang='lat' dir='ltr'><strong>peramica:</strong></span> <span class='ocrx_word' id='word_1_162' title='bbox 2480 2446 2601 2512; x_wconf 89' lang='lat' dir='ltr'><strong>sed</strong></span> 
     </span>
     <span class='ocr_line' id='line_1_24' title="bbox 648 2532 2603 2604; baseline -0.004 0"><span class='ocrx_word' id='word_1_163' title='bbox 648 2548 874 2604; x_wconf 85' lang='lat' dir='ltr'><strong>tamen</strong></span> <span class='ocrx_word' id='word_1_164' title='bbox 927 2533 1123 2601; x_wconf 90' lang='lat' dir='ltr'><strong>simul</strong></span> <span class='ocrx_word' id='word_1_165' title='bbox 1188 2554 1371 2599; x_wconf 87' lang='lat' dir='ltr'><strong>acres</strong></span> <span class='ocrx_word' id='word_1_166' title='bbox 1435 2533 1825 2599; x_wconf 89' lang='lat' dir='ltr'><strong>monitiones</strong></span> <span class='ocrx_word' id='word_1_167' title='bbox 1887 2533 2284 2600; x_wconf 89' lang='lat' dir='ltr'><strong>continebat.</strong></span> <span class='ocrx_word' id='word_1_168' title='bbox 2390 2532 2603 2598; x_wconf 88' lang='lat' dir='ltr'><strong>Paulo</strong></span> 
     </span>
     <span class='ocr_line' id='line_1_25' title="bbox 650 2617 2601 2704; baseline -0.005 -13"><span class='ocrx_word' id='word_1_169' title='bbox 650 2631 805 2691; x_wconf 85' lang='lat' dir='ltr'><strong>ante</strong></span> <span class='ocrx_word' id='word_1_170' title='bbox 849 2620 1049 2690; x_wconf 88' lang='lat' dir='ltr'><strong>simili</strong></span> <span class='ocrx_word' id='word_1_171' title='bbox 1089 2619 1226 2685; x_wconf 81' lang='lat' dir='ltr'><strong>fere</strong></span> <span class='ocrx_word' id='word_1_172' title='bbox 1269 2626 1659 2704; x_wconf 87' lang='lat' dir='ltr'><strong>argumento</strong></span> <span class='ocrx_word' id='word_1_173' title='bbox 1704 2619 2096 2704; x_wconf 76' lang='lat' dir='ltr'><strong>scripseram</strong></span> <span class='ocrx_word' id='word_1_174' title='bbox 2139 2618 2223 2684; x_wconf 91' lang='lat' dir='ltr'><strong>ad</strong></span> <span class='ocrx_word' id='word_1_175' title='bbox 2268 2617 2601 2702; x_wconf 75' lang='lat' dir='ltr'><strong>Bullinqe-</strong></span> 
     </span>
     <span class='ocr_line' id='line_1_26' title="bbox 647 2703 2597 2788; baseline -0.004 -13"><span class='ocrx_word' id='word_1_176' title='bbox 647 2730 809 2776; x_wconf 78' lang='lat' dir='ltr'><strong>rum.</strong></span> <span class='ocrx_word' id='word_1_177' title='bbox 899 2705 978 2774; x_wconf 82' lang='lat' dir='ltr'><strong>Si</strong></span> <span class='ocrx_word' id='word_1_178' title='bbox 1020 2707 1188 2773; x_wconf 86' lang='lat' dir='ltr'><strong>bene</strong></span> <span class='ocrx_word' id='word_1_179' title='bbox 1231 2703 1565 2782; x_wconf 88' lang='lat' dir='ltr'><strong>succedet,</strong></span> <span class='ocrx_word' id='word_1_180' title='bbox 1622 2704 1786 2770; x_wconf 91' lang='lat' dir='ltr'><strong>scies</strong></span> <span class='ocrx_word' id='word_1_181' title='bbox 1830 2703 1985 2788; x_wconf 90' lang='lat' dir='ltr'><strong>quid</strong></span> <span class='ocrx_word' id='word_1_182' title='bbox 2027 2704 2283 2771; x_wconf 89' lang='lat' dir='ltr'><strong>consilii</strong></span> <span class='ocrx_word' id='word_1_183' title='bbox 2324 2703 2597 2787; x_wconf 86' lang='lat' dir='ltr'><strong>capiam.</strong></span> 
     </span>
    </p>

    <p class='ocr_par' dir='ltr' id='par_1_4' title="bbox 636 2788 2601 4165">
     <span class='ocr_line' id='line_1_27' title="bbox 819 2788 2600 2859; baseline -0.003 0"><span class='ocrx_word' id='word_1_184' title='bbox 819 2792 1049 2859; x_wconf 85' lang='lat' dir='ltr'><strong>Nostri</strong></span> <span class='ocrx_word' id='word_1_185' title='bbox 1093 2791 1308 2857; x_wconf 89' lang='lat' dir='ltr'><strong>adhuc</strong></span> <span class='ocrx_word' id='word_1_186' title='bbox 1348 2790 1420 2855; x_wconf 91' lang='lat' dir='ltr'><strong>in</strong></span> <span class='ocrx_word' id='word_1_187' title='bbox 1476 2789 1951 2857; x_wconf 87' lang='lat' dir='ltr'><strong>consultatione</strong></span> <span class='ocrx_word' id='word_1_188' title='bbox 1995 2788 2314 2857; x_wconf 84' lang='lat' dir='ltr'><strong>desident.</strong></span> <span class='ocrx_word' id='word_1_189' title='bbox 2403 2790 2600 2855; x_wconf 77' lang='lat' dir='ltr'><strong>Tem-</strong></span> 
     </span>
     <span class='ocr_line' id='line_1_28' title="bbox 646 2874 2599 2967; baseline -0.004 -19"><span class='ocrx_word' id='word_1_190' title='bbox 646 2903 774 2967; x_wconf 88' lang='lat' dir='ltr'><strong>pus</strong></span> <span class='ocrx_word' id='word_1_191' title='bbox 813 2888 1036 2946; x_wconf 88' lang='lat' dir='ltr'><strong>autem</strong></span> <span class='ocrx_word' id='word_1_192' title='bbox 1080 2876 1228 2942; x_wconf 88' lang='lat' dir='ltr'><strong>ideo</strong></span> <span class='ocrx_word' id='word_1_193' title='bbox 1270 2876 1365 2941; x_wconf 92' lang='lat' dir='ltr'><strong>sic</strong></span> <span class='ocrx_word' id='word_1_194' title='bbox 1405 2876 1764 2959; x_wconf 85' lang='lat' dir='ltr'><strong>proferunt,</strong></span> <span class='ocrx_word' id='word_1_195' title='bbox 1806 2877 1962 2960; x_wconf 90' lang='lat' dir='ltr'><strong>quia</strong></span> <span class='ocrx_word' id='word_1_196' title='bbox 2003 2874 2298 2942; x_wconf 88' lang='lat' dir='ltr'><strong>nondum</strong></span> <span class='ocrx_word' id='word_1_197' title='bbox 2342 2885 2599 2942; x_wconf 90' lang='lat' dir='ltr'><strong>certum</strong></span> 
     </span>
     <span class='ocr_line' id='line_1_29' title="bbox 647 2960 2597 3051; baseline -0.004 -18"><span class='ocrx_word' id='word_1_198' title='bbox 647 2982 1042 3051; x_wconf 89' lang='lat' dir='ltr'><strong>responsum</strong></span> <span class='ocrx_word' id='word_1_199' title='bbox 1085 2960 1333 3028; x_wconf 89' lang='lat' dir='ltr'><strong>habent</strong></span> <span class='ocrx_word' id='word_1_200' title='bbox 1375 2983 1415 3027; x_wconf 90' lang='lat' dir='ltr'><strong>a</strong></span> <span class='ocrx_word' id='word_1_201' title='bbox 1454 2960 1757 3028; x_wconf 72' lang='lat' dir='ltr'><strong>Caesare.-</strong></span> <span class='ocrx_word' id='word_1_202' title='bbox 1798 2961 1912 3046; x_wconf 89' lang='lat' dir='ltr'><strong>qui</strong></span> <span class='ocrx_word' id='word_1_203' title='bbox 1955 2970 2179 3028; x_wconf 89' lang='lat' dir='ltr'><strong>tamen</strong></span> <span class='ocrx_word' id='word_1_204' title='bbox 2220 2961 2430 3027; x_wconf 91' lang='lat' dir='ltr'><strong>multo</strong></span> <span class='ocrx_word' id='word_1_205' title='bbox 2475 2961 2597 3026; x_wconf 91' lang='lat' dir='ltr'><strong>mi-</strong></span> 
     </span>
     <span class='ocr_line' id='line_1_30' title="bbox 645 3045 2601 3131; baseline -0.004 -12"><span class='ocrx_word' id='word_1_206' title='bbox 645 3053 885 3119; x_wconf 88' lang='lat' dir='ltr'><strong>tiorem</strong></span> <span class='ocrx_word' id='word_1_207' title='bbox 927 3071 998 3115; x_wconf 88' lang='lat' dir='ltr'><strong>se</strong></span> <span class='ocrx_word' id='word_1_208' title='bbox 1041 3045 1384 3115; x_wconf 85' lang='lat' dir='ltr'><strong>ostendere</strong></span> <span class='ocrx_word' id='word_1_209' title='bbox 1425 3046 1674 3131; x_wconf 81' lang='lat' dir='ltr'><strong>incipit.</strong></span> <span class='ocrx_word' id='word_1_210' title='bbox 1739 3048 2086 3114; x_wconf 85' lang='lat' dir='ltr'><strong>Ferociam</strong></span> <span class='ocrx_word' id='word_1_211' title='bbox 2119 3047 2260 3114; x_wconf 89' lang='lat' dir='ltr'><strong>eius</strong></span> <span class='ocrx_word' id='word_1_212' title='bbox 2294 3045 2601 3114; x_wconf 90' lang='lat' dir='ltr'><strong>nonnihil</strong></span> 
     </span>
     <span class='ocr_line' id='line_1_31' title="bbox 647 3132 2599 3219; baseline -0.004 -15"><span class='ocrx_word' id='word_1_213' title='bbox 647 3137 907 3204; x_wconf 85' lang='lat' dir='ltr'><strong>domuit</strong></span> <span class='ocrx_word' id='word_1_214' title='bbox 947 3154 1338 3218; x_wconf 83' lang='lat' dir='ltr'><strong>congressus</strong></span> <span class='ocrx_word' id='word_1_215' title='bbox 1358 3132 1562 3217; x_wconf 66' lang='lat' dir='ltr'><strong>Angli</strong></span> <span class='ocrx_word' id='word_1_216' title='bbox 1603 3153 1755 3199; x_wconf 94' lang='lat' dir='ltr'><strong>cum</strong></span> <span class='ocrx_word' id='word_1_217' title='bbox 1780 3133 1947 3219; x_wconf 68' lang='lat' dir='ltr'><strong>Repe</strong></span> <span class='ocrx_word' id='word_1_218' title='bbox 1980 3141 2230 3200; x_wconf 88' lang='lat' dir='ltr'><strong>nostro:</strong></span> <span class='ocrx_word' id='word_1_219' title='bbox 2278 3134 2392 3216; x_wconf 88' lang='lat' dir='ltr'><strong>qui</strong></span> <span class='ocrx_word' id='word_1_220' title='bbox 2423 3132 2599 3197; x_wconf 91' lang='lat' dir='ltr'><strong>mul-</strong></span> 
     </span>
     <span class='ocr_line' id='line_1_32' title="bbox 646 3217 2597 3302; baseline -0.003 -12"><span class='ocrx_word' id='word_1_221' title='bbox 646 3233 789 3289; x_wconf 90' lang='lat' dir='ltr'><strong>tum</strong></span> <span class='ocrx_word' id='word_1_222' title='bbox 832 3220 1146 3286; x_wconf 86' lang='lat' dir='ltr'><strong>momenti</strong></span> <span class='ocrx_word' id='word_1_223' title='bbox 1189 3217 1435 3285; x_wconf 89' lang='lat' dir='ltr'><strong>habere</strong></span> <span class='ocrx_word' id='word_1_224' title='bbox 1486 3220 1729 3302; x_wconf 90' lang='lat' dir='ltr'><strong>poterit</strong></span> <span class='ocrx_word' id='word_1_225' title='bbox 1782 3217 1867 3285; x_wconf 88' lang='lat' dir='ltr'><strong>ad</strong></span> <span class='ocrx_word' id='word_1_226' title='bbox 1920 3219 2414 3287; x_wconf 90' lang='lat' dir='ltr'><strong>commutandas</strong></span> <span class='ocrx_word' id='word_1_227' title='bbox 2456 3240 2597 3285; x_wconf 92' lang='lat' dir='ltr'><strong>om-</strong></span> 
     </span>
     <span class='ocr_line' id='line_1_33' title="bbox 645 3304 2599 3388; baseline -0.003 -13"><span class='ocrx_word' id='word_1_228' title='bbox 645 3329 768 3375; x_wconf 91' lang='lat' dir='ltr'><strong>nes</strong></span> <span class='ocrx_word' id='word_1_229' title='bbox 811 3307 951 3373; x_wconf 88' lang='lat' dir='ltr'><strong>eius</strong></span> <span class='ocrx_word' id='word_1_230' title='bbox 995 3305 1298 3373; x_wconf 86' lang='lat' dir='ltr'><strong>rationes.</strong></span> <span class='ocrx_word' id='word_1_231' title='bbox 1384 3304 1535 3370; x_wconf 90' lang='lat' dir='ltr'><strong>Hoc</strong></span> <span class='ocrx_word' id='word_1_232' title='bbox 1576 3305 1978 3388; x_wconf 88' lang='lat' dir='ltr'><strong>sophismate</strong></span> <span class='ocrx_word' id='word_1_233' title='bbox 2021 3327 2181 3371; x_wconf 89' lang='lat' dir='ltr'><strong>usus</strong></span> <span class='ocrx_word' id='word_1_234' title='bbox 2223 3304 2466 3384; x_wconf 81' lang='lat' dir='ltr'><strong>fuerat,</strong></span> <span class='ocrx_word' id='word_1_235' title='bbox 2521 3310 2599 3370; x_wconf 90' lang='lat' dir='ltr'><strong>ut</strong></span> 
     </span>
     <span class='ocr_line' id='line_1_34' title="bbox 645 3389 2598 3479; baseline -0.003 -18"><span class='ocrx_word' id='word_1_236' title='bbox 645 3394 790 3479; x_wconf 90' lang='lat' dir='ltr'><strong>regi</strong></span> <span class='ocrx_word' id='word_1_237' title='bbox 842 3391 1027 3457; x_wconf 90' lang='lat' dir='ltr'><strong>nulla</strong></span> <span class='ocrx_word' id='word_1_238' title='bbox 1077 3392 1150 3455; x_wconf 93' lang='lat' dir='ltr'><strong>in</strong></span> <span class='ocrx_word' id='word_1_239' title='bbox 1204 3412 1276 3458; x_wconf 91' lang='lat' dir='ltr'><strong>re</strong></span> <span class='ocrx_word' id='word_1_240' title='bbox 1342 3389 1542 3457; x_wconf 87' lang='lat' dir='ltr'><strong>fidem</strong></span> <span class='ocrx_word' id='word_1_241' title='bbox 1593 3412 1778 3457; x_wconf 88' lang='lat' dir='ltr'><strong>suam</strong></span> <span class='ocrx_word' id='word_1_242' title='bbox 1834 3391 2298 3476; x_wconf 84' lang='lat' dir='ltr'><strong>obstringeret:</strong></span> <span class='ocrx_word' id='word_1_243' title='bbox 2367 3390 2598 3456; x_wconf 88' lang='lat' dir='ltr'><strong>multis</strong></span> 
     </span>
     <span class='ocr_line' id='line_1_35' title="bbox 645 3475 2598 3578; baseline -0.003 -32"><span class='ocrx_word' id='word_1_244' title='bbox 645 3492 864 3547; x_wconf 90' lang='lat' dir='ltr'><strong>autem</strong></span> <span class='ocrx_word' id='word_1_245' title='bbox 910 3496 988 3544; x_wconf 91' lang='lat' dir='ltr'><strong>ac</strong></span> <span class='ocrx_word' id='word_1_246' title='bbox 1030 3476 1503 3544; x_wconf 86' lang='lat' dir='ltr'><strong>liberalissimis</strong></span> <span class='ocrx_word' id='word_1_247' title='bbox 1538 3477 1776 3578; x_wconf 82' lang='lat' dir='ltr'><strong>spebus</strong></span> <span class='ocrx_word' id='word_1_248' title='bbox 1817 3477 2037 3561; x_wconf 85' lang='lat' dir='ltr'><strong>ipsum</strong></span> <span class='ocrx_word' id='word_1_249' title='bbox 2078 3478 2361 3543; x_wconf 88' lang='lat' dir='ltr'><strong>inflaret.</strong></span> <span class='ocrx_word' id='word_1_250' title='bbox 2448 3475 2598 3541; x_wconf 91' lang='lat' dir='ltr'><strong>Iam</strong></span> 
     </span>
     <span class='ocr_line' id='line_1_36' title="bbox 643 3561 2598 3649; baseline -0.004 -16"><span class='ocrx_word' id='word_1_251' title='bbox 643 3584 802 3649; x_wconf 90' lang='lat' dir='ltr'><strong>ergo</strong></span> <span class='ocrx_word' id='word_1_252' title='bbox 848 3562 991 3629; x_wconf 74' lang='lat' dir='ltr'><strong>Rex</strong></span> <span class='ocrx_word' id='word_1_253' title='bbox 1047 3563 1172 3630; x_wconf 90' lang='lat' dir='ltr'><strong>sibi</strong></span> <span class='ocrx_word' id='word_1_254' title='bbox 1226 3561 1588 3629; x_wconf 70' lang='lat' dir='ltr'><strong>Mediolani</strong></span> <span class='ocrx_word' id='word_1_255' title='bbox 1642 3585 1785 3630; x_wconf 86' lang='lat' dir='ltr'><strong>esse</strong></span> <span class='ocrx_word' id='word_1_256' title='bbox 1835 3562 2199 3630; x_wconf 87' lang='lat' dir='ltr'><strong>videbatur.</strong></span> <span class='ocrx_word' id='word_1_257' title='bbox 2219 3566 2278 3640; x_wconf 79' lang='lat'><strong>⁸)</strong></span> <span class='ocrx_word' id='word_1_258' title='bbox 2364 3562 2598 3644; x_wconf 88' lang='lat' dir='ltr'><strong>Nuper</strong></span> 
     </span>
     <span class='ocr_line' id='line_1_37' title="bbox 641 3648 2594 3733; baseline -0.003 -15"><span class='ocrx_word' id='word_1_259' title='bbox 641 3660 865 3718; x_wconf 85' lang='lat' dir='ltr'><strong>autem</strong></span> <span class='ocrx_word' id='word_1_260' title='bbox 928 3670 1133 3733; x_wconf 91' lang='lat' dir='ltr'><strong>quum</strong></span> <span class='ocrx_word' id='word_1_261' title='bbox 1200 3649 1497 3714; x_wconf 90' lang='lat' dir='ltr'><strong>animum</strong></span> <span class='ocrx_word' id='word_1_262' title='bbox 1558 3649 1701 3716; x_wconf 90' lang='lat' dir='ltr'><strong>eius</strong></span> <span class='ocrx_word' id='word_1_263' title='bbox 1766 3657 2053 3715; x_wconf 86' lang='lat' dir='ltr'><strong>tentaret</strong></span> <span class='ocrx_word' id='word_1_264' title='bbox 2140 3657 2145 3660; x_wconf 84' lang='grc'><em>“</em></span> <span class='ocrx_word' id='word_1_265' title='bbox 2190 3670 2228 3713; x_wconf 92' lang='lat' dir='ltr'><strong>r</strong></span> <span class='ocrx_word' id='word_1_266' title='bbox 2281 3648 2594 3733; x_wconf 89' lang='lat' dir='ltr'><strong>legatum,</strong></span> 
     </span>
     <span class='ocr_line' id='line_1_38' title="bbox 640 3732 2596 3821; baseline -0.004 -16"><span class='ocrx_word' id='word_1_267' title='bbox 640 3736 961 3821; x_wconf 89' lang='lat' dir='ltr'><strong>comperit</strong></span> <span class='ocrx_word' id='word_1_268' title='bbox 1005 3755 1140 3800; x_wconf 88' lang='lat' dir='ltr'><strong>non</strong></span> <span class='ocrx_word' id='word_1_269' title='bbox 1181 3734 1370 3800; x_wconf 84' lang='lat' dir='ltr'><strong>facile</strong></span> <span class='ocrx_word' id='word_1_270' title='bbox 1411 3756 1488 3800; x_wconf 92' lang='lat' dir='ltr'><strong>eo</strong></span> <span class='ocrx_word' id='word_1_271' title='bbox 1531 3733 1769 3802; x_wconf 88' lang='lat' dir='ltr'><strong>adduci</strong></span> <span class='ocrx_word' id='word_1_272' title='bbox 1894 3757 2018 3801; x_wconf 90' lang='lat' dir='ltr'><strong>sse.</strong></span> <span class='ocrx_word' id='word_1_273' title='bbox 2174 3734 2372 3801; x_wconf 89' lang='lat' dir='ltr'><strong>icitur</strong></span> <span class='ocrx_word' id='word_1_274' title='bbox 2414 3732 2596 3799; x_wconf 88' lang='lat' dir='ltr'><strong>enim</strong></span> 
     </span>
     <span class='ocr_line' id='line_1_39' title="bbox 641 3756 2594 3905; baseline -0.002 -17"><span class='ocrx_word' id='word_1_275' title='bbox 641 3844 865 3889; x_wconf 87' lang='lat' dir='ltr'><strong>rerum</strong></span> <span class='ocrx_word' id='word_1_276' title='bbox 908 3820 1204 3887; x_wconf 90' lang='lat' dir='ltr'><strong>omnium</strong></span> <span class='ocrx_word' id='word_1_277' title='bbox 1261 3820 1595 3904; x_wconf 86' lang='lat' dir='ltr'><strong>optionem</strong></span> <span class='ocrx_word' id='word_1_278' title='bbox 1652 3756 1961 3887; x_wconf 66' lang='lat' dir='ltr'><strong>det-uiiosse</strong></span> <span class='ocrx_word' id='word_1_279' title='bbox 2006 3820 2204 3905; x_wconf 82' lang='lat' dir='ltr'><strong>Regi:</strong></span> <span class='ocrx_word' id='word_1_280' title='bbox 2272 3819 2464 3886; x_wconf 92' lang='lat' dir='ltr'><strong>modo</strong></span> <span class='ocrx_word' id='word_1_281' title='bbox 2507 3839 2594 3885; x_wconf 90' lang='lat' dir='ltr'><strong>ne</strong></span> 
     </span>
     <span class='ocr_line' id='line_1_40' title="bbox 639 3905 2593 3991; baseline -0.003 -16"><span class='ocrx_word' id='word_1_282' title='bbox 639 3907 1093 3975; x_wconf 82' lang='lat' dir='ltr'><strong>Mediolanum</strong></span> <span class='ocrx_word' id='word_1_283' title='bbox 1136 3914 1405 3991; x_wconf 89' lang='lat' dir='ltr'><strong>peteret.</strong></span> <span class='ocrx_word' id='word_1_284' title='bbox 1493 3906 1599 3972; x_wconf 83' lang='lat' dir='ltr'><strong>Ea</strong></span> <span class='ocrx_word' id='word_1_285' title='bbox 1641 3906 1847 3990; x_wconf 92' lang='lat' dir='ltr'><strong>igitur</strong></span> <span class='ocrx_word' id='word_1_286' title='bbox 1891 3905 1973 3971; x_wconf 89' lang='lat' dir='ltr'><strong>de</strong></span> <span class='ocrx_word' id='word_1_287' title='bbox 2022 3925 2220 3973; x_wconf 88' lang='lat' dir='ltr'><strong>causa</strong></span> <span class='ocrx_word' id='word_1_288' title='bbox 2260 3905 2593 3988; x_wconf 82' lang='lat' dir='ltr'><strong>profectus</strong></span> 
     </span>
     <span class='ocr_line' id='line_1_41' title="bbox 641 3989 2591 4076; baseline -0.002 -16"><span class='ocrx_word' id='word_1_289' title='bbox 641 4005 746 4061; x_wconf 87' lang='lat' dir='ltr'><strong>est</strong></span> <span class='ocrx_word' id='word_1_290' title='bbox 788 3993 873 4059; x_wconf 90' lang='lat' dir='ltr'><strong>ad</strong></span> <span class='ocrx_word' id='word_1_291' title='bbox 915 3993 1105 4057; x_wconf 92' lang='lat' dir='ltr'><strong>illum</strong></span> <span class='ocrx_word' id='word_1_292' title='bbox 1155 3989 1642 4058; x_wconf 76' lang='lat' dir='ltr'><strong>Connestabilis:</strong></span> <span class='ocrx_word' id='word_1_293' title='bbox 1682 3992 1795 4076; x_wconf 88' lang='lat' dir='ltr'><strong>qui</strong></span> <span class='ocrx_word' id='word_1_294' title='bbox 1837 3992 1895 4057; x_wconf 90' lang='lat' dir='ltr'><strong>si</strong></span> <span class='ocrx_word' id='word_1_295' title='bbox 1938 4013 2075 4057; x_wconf 89' lang='lat' dir='ltr'><strong>non</strong></span> <span class='ocrx_word' id='word_1_296' title='bbox 2118 3991 2591 4076; x_wconf 79' lang='lat' dir='ltr'><strong>impetraverit,</strong></span> 
     </span>
     <span class='ocr_line' id='line_1_42' title="bbox 636 4077 2592 4165; baseline -0.002 -20"><span class='ocrx_word' id='word_1_297' title='bbox 636 4079 998 4165; x_wconf 86' lang='lat' dir='ltr'><strong>paratiores</strong></span> <span class='ocrx_word' id='word_1_298' title='bbox 1034 4079 1172 4144; x_wconf 85' lang='lat' dir='ltr'><strong>fore</strong></span> <span class='ocrx_word' id='word_1_299' title='bbox 1208 4077 1292 4143; x_wconf 91' lang='lat' dir='ltr'><strong>ad</strong></span> <span class='ocrx_word' id='word_1_300' title='bbox 1326 4077 1573 4143; x_wconf 89' lang='lat' dir='ltr'><strong>bellum</strong></span> <span class='ocrx_word' id='word_1_301' title='bbox 1607 4098 1806 4162; x_wconf 90' lang='lat' dir='ltr'><strong>quam</strong></span> <span class='ocrx_word' id='word_1_302' title='bbox 1840 4080 2132 4162; x_wconf 88' lang='lat' dir='ltr'><strong>uuquam</strong></span> <span class='ocrx_word' id='word_1_303' title='bbox 2166 4077 2415 4143; x_wconf 88' lang='lat' dir='ltr'><strong>fuerint</strong></span> <span class='ocrx_word' id='word_1_304' title='bbox 2449 4097 2592 4142; x_wconf 89' lang='lat' dir='ltr'><strong>sus·</strong></span> 
     </span>
    </p>

    <p class='ocr_par' dir='ltr' id='par_1_5' title="bbox 635 4160 2593 4669">
     <span class='ocr_line' id='line_1_43' title="bbox 681 4160 2593 4246; baseline -0.002 -15"><span class='ocrx_word' id='word_1_305' title='bbox 681 4167 954 4233; x_wconf 85' lang='lat' dir='ltr'><strong>icamur.</strong></span> <span class='ocrx_word' id='word_1_306' title='bbox 1019 4163 1249 4246; x_wconf 87' lang='lat' dir='ltr'><strong>Neque</strong></span> <span class='ocrx_word' id='word_1_307' title='bbox 1292 4184 1452 4230; x_wconf 91' lang='lat' dir='ltr'><strong>vero</strong></span> <span class='ocrx_word' id='word_1_308' title='bbox 1487 4163 1559 4227; x_wconf 92' lang='lat' dir='ltr'><strong>in</strong></span> <span class='ocrx_word' id='word_1_309' title='bbox 1594 4171 1782 4228; x_wconf 88' lang='lat' dir='ltr'><strong>tanto</strong></span> <span class='ocrx_word' id='word_1_310' title='bbox 1817 4183 2041 4230; x_wconf 90' lang='lat' dir='ltr'><strong>rerum</strong></span> <span class='ocrx_word' id='word_1_311' title='bbox 2077 4160 2344 4230; x_wconf 89' lang='lat' dir='ltr'><strong>cardine</strong></span> <span class='ocrx_word' id='word_1_312' title='bbox 2383 4184 2593 4228; x_wconf 86' lang='lat' dir='ltr'><strong>cessa-</strong></span> 
     </span>
     <span class='ocr_line' id='line_1_44' title="bbox 636 4187 2592 4335; baseline -0.002 -18"><span class='ocrx_word' id='word_1_313' title='bbox 636 4187 738 4317; x_wconf 56' lang='lat' dir='ltr'><strong>ssit</strong></span> <span class='ocrx_word' id='word_1_314' title='bbox 780 4249 1077 4335; x_wconf 85' lang='lat' dir='ltr'><strong>Anglns:</strong></span> <span class='ocrx_word' id='word_1_315' title='bbox 1135 4248 1344 4315; x_wconf 90' lang='lat' dir='ltr'><strong>multo</strong></span> <span class='ocrx_word' id='word_1_316' title='bbox 1389 4249 1592 4313; x_wconf 89' lang='lat' dir='ltr'><strong>etiam</strong></span> <span class='ocrx_word' id='word_1_317' title='bbox 1638 4249 1862 4315; x_wconf 90' lang='lat' dir='ltr'><strong>minus</strong></span> <span class='ocrx_word' id='word_1_318' title='bbox 1906 4248 2354 4327; x_wconf 77' lang='lat' dir='ltr'><strong>Admiraldus,</strong></span> <span class='ocrx_word' id='word_1_319' title='bbox 2373 4251 2432 4321; x_wconf 91' lang='lat'><strong>⁴)</strong></span> <span class='ocrx_word' id='word_1_320' title='bbox 2478 4251 2592 4333; x_wconf 89' lang='lat' dir='ltr'><strong>qui</strong></span> 
     </span>
     <span class='ocr_line' id='line_1_45' title="bbox 638 4334 2591 4420; baseline -0.002 -18"><span class='ocrx_word' id='word_1_321' title='bbox 638 4337 709 4402; x_wconf 92' lang='lat' dir='ltr'><strong>in</strong></span> <span class='ocrx_word' id='word_1_322' title='bbox 754 4335 1111 4420; x_wconf 88' lang='lat' dir='ltr'><strong>pristinum</strong></span> <span class='ocrx_word' id='word_1_323' title='bbox 1155 4334 1425 4401; x_wconf 86' lang='lat' dir='ltr'><strong>honoris</strong></span> <span class='ocrx_word' id='word_1_324' title='bbox 1446 4356 1522 4401; x_wconf 89' lang='lat' dir='ltr'><strong>ac</strong></span> <span class='ocrx_word' id='word_1_325' title='bbox 1543 4337 1797 4418; x_wconf 88' lang='lat' dir='ltr'><strong>gratiae</strong></span> <span class='ocrx_word' id='word_1_326' title='bbox 1816 4334 2036 4401; x_wconf 93' lang='lat' dir='ltr'><strong>locum</strong></span> <span class='ocrx_word' id='word_1_327' title='bbox 2076 4335 2424 4402; x_wconf 87' lang='lat' dir='ltr'><strong>restitutus</strong></span> <span class='ocrx_word' id='word_1_328' title='bbox 2468 4341 2591 4401; x_wconf 90' lang='lat' dir='ltr'><strong>est.</strong></span> 
     </span>
     <span class='ocr_line' id='line_1_46' title="bbox 637 4418 2590 4506; baseline -0.002 -17"><span class='ocrx_word' id='word_1_329' title='bbox 637 4427 816 4490; x_wconf 80' lang='lat' dir='ltr'><strong>Ante</strong></span> <span class='ocrx_word' id='word_1_330' title='bbox 860 4444 1099 4506; x_wconf 89' lang='lat' dir='ltr'><strong>paucos</strong></span> <span class='ocrx_word' id='word_1_331' title='bbox 1143 4442 1403 4487; x_wconf 89' lang='lat' dir='ltr'><strong>menses</strong></span> <span class='ocrx_word' id='word_1_332' title='bbox 1444 4418 1844 4498; x_wconf 88' lang='lat' dir='ltr'><strong>videbimus,</strong></span> <span class='ocrx_word' id='word_1_333' title='bbox 1900 4421 2029 4487; x_wconf 91' lang='lat' dir='ltr'><strong>nisi</strong></span> <span class='ocrx_word' id='word_1_334' title='bbox 2072 4419 2294 4500; x_wconf 88' lang='lat' dir='ltr'><strong>fallor,</strong></span> <span class='ocrx_word' id='word_1_335' title='bbox 2352 4421 2590 4486; x_wconf 87' lang='lat' dir='ltr'><strong>miram</strong></span> 
     </span>
     <span class='ocr_line' id='line_1_47' title="bbox 636 4504 2588 4576; baseline -0.003 0"><span class='ocrx_word' id='word_1_336' title='bbox 636 4530 871 4576; x_wconf 89' lang='lat' dir='ltr'><strong>scenae</strong></span> <span class='ocrx_word' id='word_1_337' title='bbox 914 4508 1426 4574; x_wconf 88' lang='lat' dir='ltr'><strong>conversionem.</strong></span> <span class='ocrx_word' id='word_1_338' title='bbox 1516 4504 1650 4572; x_wconf 83' lang='lat' dir='ltr'><strong>Sed</strong></span> <span class='ocrx_word' id='word_1_339' title='bbox 1687 4506 1952 4571; x_wconf 84' lang='lat' dir='ltr'><strong>interim</strong></span> <span class='ocrx_word' id='word_1_340' title='bbox 1997 4506 2306 4572; x_wconf 90' lang='lat' dir='ltr'><strong>ardenter</strong></span> <span class='ocrx_word' id='word_1_341' title='bbox 2348 4527 2423 4572; x_wconf 93' lang='lat' dir='ltr'><strong>ro</strong></span> <span class='ocrx_word' id='word_1_342' title='bbox 2512 4528 2588 4571; x_wconf 89' lang='lat' dir='ltr'><strong>n-</strong></span> 
     </span>
     <span class='ocr_line' id='line_1_48' title="bbox 635 4590 2589 4669; baseline 0 -10"><span class='ocrx_word' id='word_1_343' title='bbox 635 4592 759 4659; x_wconf 88' lang='lat' dir='ltr'><strong>dus</strong></span> <span class='ocrx_word' id='word_1_344' title='bbox 815 4603 916 4659; x_wconf 91' lang='lat' dir='ltr'><strong>est</strong></span> <span class='ocrx_word' id='word_1_345' title='bbox 958 4593 1318 4669; x_wconf 87' lang='lat' dir='ltr'><strong>Dominus,</strong></span> <span class='ocrx_word' id='word_1_346' title='bbox 1385 4600 1462 4658; x_wconf 90' lang='lat' dir='ltr'><strong>ut</strong></span> <span class='ocrx_word' id='word_1_347' title='bbox 1512 4592 1586 4657; x_wconf 90' lang='lat' dir='ltr'><strong>in</strong></span> <span class='ocrx_word' id='word_1_348' title='bbox 1642 4590 1766 4658; x_wconf 90' lang='lat' dir='ltr'><strong>hac</strong></span> <span class='ocrx_word' id='word_1_349' title='bbox 1818 4593 2064 4658; x_wconf 88' lang='lat' dir='ltr'><strong>nostris</strong></span> <span class='ocrx_word' id='word_1_350' title='bbox 2118 4599 2186 4659; x_wconf 89' lang='lat' dir='ltr'><strong>et</strong></span> <span class='ocrx_word' id='word_1_351' title='bbox 2240 4593 2420 4659; x_wconf 87' lang='lat' dir='ltr'><strong>cons&#39;</strong></span> <span class='ocrx_word' id='word_1_352' title='bbox 2456 4594 2589 4659; x_wconf 86' lang='lat' dir='ltr'><strong>’um</strong></span> 
     </span>
    </p>

    <p class='ocr_par' dir='ltr' id='par_1_6' title="bbox 632 4678 2590 5108">
     <span class='ocr_line' id='line_1_49' title="bbox 1907 4678 2588 4745; baseline 0 -2"><span class='ocrx_word' id='word_1_353' title='bbox 1907 4678 2233 4744; x_wconf 90' lang='lat' dir='ltr'><strong>Dominus</strong></span> <span class='ocrx_word' id='word_1_354' title='bbox 2287 4699 2406 4745; x_wconf 90' lang='lat' dir='ltr'><strong>vos</strong></span> <span class='ocrx_word' id='word_1_355' title='bbox 2448 4699 2588 4745; x_wconf 90' lang='lat' dir='ltr'><strong>om-</strong></span> 
     </span>
     <span class='ocr_line' id='line_1_50' title="bbox 1835 4764 2590 4849; baseline 0.001 -19"><span class='ocrx_word' id='word_1_356' title='bbox 1835 4764 1921 4830; x_wconf 91' lang='lat' dir='ltr'><strong>In</strong></span> <span class='ocrx_word' id='word_1_357' title='bbox 1955 4765 2187 4849; x_wconf 89' lang='lat' dir='ltr'><strong>primis</strong></span> <span class='ocrx_word' id='word_1_358' title='bbox 2230 4764 2376 4831; x_wconf 86' lang='lat' dir='ltr'><strong>vale</strong></span> <span class='ocrx_word' id='word_1_359' title='bbox 2418 4765 2590 4831; x_wconf 88' lang='lat' dir='ltr'><strong>inte·</strong></span> 
     </span>
     <span class='ocr_line' id='line_1_51' title="bbox 633 4848 2590 4937; baseline -0.001 -19"><span class='ocrx_word' id='word_1_360' title='bbox 633 4853 919 4937; x_wconf 88' lang='lat' dir='ltr'><strong>gerrime</strong></span> <span class='ocrx_word' id='word_1_361' title='bbox 963 4851 1183 4916; x_wconf 85' lang='lat' dir='ltr'><strong>frater.</strong></span> <span class='ocrx_word' id='word_1_362' title='bbox 1274 4848 1588 4917; x_wconf 80' lang='lat' dir='ltr'><strong>Salutant</strong></span> <span class='ocrx_word' id='word_1_363' title='bbox 1632 4858 1698 4915; x_wconf 91' lang='lat' dir='ltr'><strong>te</strong></span> <span class='ocrx_word' id='word_1_364' title='bbox 1747 4849 1972 4934; x_wconf 76' lang='lat' dir='ltr'><strong>Capito</strong></span> <span class='ocrx_word' id='word_1_365' title='bbox 1985 4899 2001 4928; x_wconf 91' lang='lat'><strong>,</strong></span> <span class='ocrx_word' id='word_1_366' title='bbox 2065 4849 2406 4930; x_wconf 67' lang='lat' dir='ltr'><strong>Stamina-3,</strong></span> <span class='ocrx_word' id='word_1_367' title='bbox 2459 4850 2590 4917; x_wconf 83' lang='lat' dir='ltr'><strong>Be-</strong></span> 
     </span>
     <span class='ocr_line' id='line_1_52' title="bbox 633 4935 2589 5017; baseline -0.002 -12"><span class='ocrx_word' id='word_1_368' title='bbox 633 4940 870 5012; x_wconf 75' lang='lat' dir='ltr'><strong>drotus.</strong></span> <span class='ocrx_word' id='word_1_369' title='bbox 922 4935 1254 5017; x_wconf 73' lang='lat' dir='ltr'><strong>Claudius,</strong></span> <span class='ocrx_word' id='word_1_370' title='bbox 1306 4937 1512 5002; x_wconf 89' lang='lat' dir='ltr'><strong>frater</strong></span> <span class='ocrx_word' id='word_1_371' title='bbox 1552 4957 1753 5003; x_wconf 90' lang='lat' dir='ltr'><strong>meus.</strong></span> <span class='ocrx_word' id='word_1_372' title='bbox 1849 4937 1928 5002; x_wconf 88' lang='lat' dir='ltr'><em>N</em></span> <span class='ocrx_word' id='word_1_373' title='bbox 1921 4937 2164 5003; x_wconf 76' lang='lat' dir='ltr'><strong>icolaus</strong></span> <span class='ocrx_word' id='word_1_374' title='bbox 2204 4945 2271 5002; x_wconf 89' lang='lat' dir='ltr'><strong>et</strong></span> <span class='ocrx_word' id='word_1_375' title='bbox 2314 4936 2426 5003; x_wconf 90' lang='lat' dir='ltr'><strong>alii</strong></span> <span class='ocrx_word' id='word_1_376' title='bbox 2470 4958 2589 5002; x_wconf 90' lang='lat' dir='ltr'><strong>ne-</strong></span> 
     </span>
     <span class='ocr_line' id='line_1_53' title="bbox 632 5021 2421 5108; baseline -0.001 -18"><span class='ocrx_word' id='word_1_377' title='bbox 632 5025 970 5090; x_wconf 83' lang='lat' dir='ltr'><strong>sciverunt</strong></span> <span class='ocrx_word' id='word_1_378' title='bbox 1010 5042 1117 5087; x_wconf 89' lang='lat' dir='ltr'><strong>me</strong></span> <span class='ocrx_word' id='word_1_379' title='bbox 1161 5022 1463 5089; x_wconf 89' lang='lat' dir='ltr'><strong>scribere.</strong></span> <span class='ocrx_word' id='word_1_380' title='bbox 1556 5029 1613 5087; x_wconf 80' lang='lat'><strong>4.</strong></span> <span class='ocrx_word' id='word_1_381' title='bbox 1661 5021 1926 5089; x_wconf 77' lang='lat' dir='ltr'><strong>calend.</strong></span> <span class='ocrx_word' id='word_1_382' title='bbox 1974 5022 2184 5108; x_wconf 85' lang='lat' dir='ltr'><strong>April.</strong></span> <span class='ocrx_word' id='word_1_383' title='bbox 2242 5028 2421 5089; x_wconf 84' lang='lat' dir='ltr'><strong>r54o.</strong></span> 
     </span>
    </p>
   </div>
   <div class='ocr_carea' id='block_1_3' title="bbox 634 4678 1817 4833">
    <p class='ocr_par' dir='ltr' id='par_1_7' title="bbox 634 4678 1817 4833">
     <span class='ocr_line' id='line_1_54' title="bbox 634 4678 1817 4764; baseline -0.003 -17"><span class='ocrx_word' id='word_1_384' title='bbox 634 4679 960 4764; x_wconf 84' lang='lat' dir='ltr'><strong>expediat,</strong></span> <span class='ocrx_word' id='word_1_385' title='bbox 1007 4691 1075 4745; x_wconf 87' lang='lat' dir='ltr'><strong>et</strong></span> <span class='ocrx_word' id='word_1_386' title='bbox 1116 4679 1415 4744; x_wconf 87' lang='lat' dir='ltr'><strong>animum</strong></span> <span class='ocrx_word' id='word_1_387' title='bbox 1458 4678 1817 4744; x_wconf 87' lang='lat' dir='ltr'><strong>confirmet.</strong></span> 
     </span>
     <span class='ocr_line' id='line_1_55' title="bbox 635 4764 1747 4833; baseline -0.003 0"><span class='ocrx_word' id='word_1_388' title='bbox 635 4788 755 4833; x_wconf 87' lang='lat' dir='ltr'><strong>nes</strong></span> <span class='ocrx_word' id='word_1_389' title='bbox 797 4765 913 4832; x_wconf 90' lang='lat' dir='ltr'><strong>diu</strong></span> <span class='ocrx_word' id='word_1_390' title='bbox 955 4764 1079 4831; x_wconf 90' lang='lat' dir='ltr'><strong>sibi</strong></span> <span class='ocrx_word' id='word_1_391' title='bbox 1121 4764 1477 4832; x_wconf 87' lang='lat' dir='ltr'><strong>incolumes</strong></span> <span class='ocrx_word' id='word_1_392' title='bbox 1512 4772 1747 4830; x_wconf 88' lang='lat' dir='ltr'><strong>servet.</strong></span> 
     </span>
    </p>
   </div>
   <div class='ocr_carea' id='block_1_4' title="bbox 634 5143 1045 5158">
    <p class='ocr_par' dir='ltr' id='par_1_8' title="bbox 634 5143 1045 5158">
     <span class='ocr_line' id='line_1_56' title="bbox 634 5143 1045 5158; baseline 0 0"><span class='ocrx_word' id='word_1_393' title='bbox 634 5143 1045 5158; x_wconf 95' lang='lat' dir='ltr'><strong> </strong></span> 
     </span>
    </p>
   </div>
   <div class='ocr_carea' id='block_1_5' title="bbox 839 5209 1670 5351">
    <p class='ocr_par' dir='ltr' id='par_1_9' title="bbox 839 5209 1670 5351">
     <span class='ocr_line' id='line_1_57' title="bbox 842 5209 1464 5280; baseline 0.003 -16"><span class='ocrx_word' id='word_1_394' title='bbox 842 5213 903 5276; x_wconf 85' lang='lat'><strong>3)</strong></span> <span class='ocrx_word' id='word_1_395' title='bbox 939 5209 1160 5280; x_wconf 64' lang='lat' dir='ltr'><strong>Ram,</strong></span> <span class='ocrx_word' id='word_1_396' title='bbox 1195 5209 1306 5266; x_wconf 80' lang='lat' dir='ltr'><strong>IV.</strong></span> <span class='ocrx_word' id='word_1_397' title='bbox 1348 5211 1464 5266; x_wconf 67' lang='grc' dir='ltr'>ιω.</span> 
     </span>
     <span class='ocr_line' id='line_1_58' title="bbox 839 5279 1670 5351; baseline 0.002 -17"><span class='ocrx_word' id='word_1_398' title='bbox 839 5279 902 5346; x_wconf 77' lang='lat'><strong>4)</strong></span> <span class='ocrx_word' id='word_1_399' title='bbox 937 5279 1087 5336; x_wconf 65' lang='lat' dir='ltr'><strong>Ean</strong></span> <span class='ocrx_word' id='word_1_400' title='bbox 1118 5279 1188 5346; x_wconf 75' lang='lat' dir='ltr'><strong>or</strong></span> <span class='ocrx_word' id='word_1_401' title='bbox 1212 5279 1670 5351; x_wconf 59' lang='lat' dir='ltr'><strong>souma-sm...</strong></span> 
     </span>
    </p>
   </div>
   <div class='ocr_carea' id='block_1_6' title="bbox 1510 5405 1805 5414">
    <p class='ocr_par' dir='ltr' id='par_1_10' title="bbox 1510 5405 1805 5414">
     <span class='ocr_line' id='line_1_59' title="bbox 1510 5405 1805 5414; baseline 0.007 -2"><span class='ocrx_word' id='word_1_402' title='bbox 1510 5405 1805 5414; x_wconf 62' lang='lat' dir='ltr'>-ffl—-o—</span> 
     </span>
    </p>
   </div>
   <div class='ocr_carea' id='block_1_7' title="bbox 2635 655 2672 5426">
    <p class='ocr_par' dir='ltr' id='par_1_11' title="bbox 2635 655 2672 5426">
     <span class='ocr_line' id='line_1_60' title="bbox 2635 655 2672 5426; baseline 0 0"><span class='ocrx_word' id='word_1_403' title='bbox 2635 655 2672 5426; x_wconf 95' lang='lat' dir='ltr'><strong> </strong></span> 
     </span>
    </p>
   </div>
   <div class='ocr_carea' id='block_1_8' title="bbox 3192 645 4177 853">
    <p class='ocr_par' dir='ltr' id='par_1_12' title="bbox 3192 645 4177 853">
     <span class='ocr_line' id='line_1_61' title="bbox 3619 645 3763 717; baseline -0.021 0"><span class='ocrx_word' id='word_1_404' title='bbox 3619 645 3763 717; x_wconf 76' lang='lat'><strong>215.</strong></span> 
     </span>
     <span class='ocr_line' id='line_1_62' title="bbox 3192 785 4177 853; baseline 0.001 -2"><span class='ocrx_word' id='word_1_405' title='bbox 3192 785 3693 853; x_wconf 76' lang='lat' dir='ltr'><strong>FARELLUS</strong></span> <span class='ocrx_word' id='word_1_406' title='bbox 3738 785 4177 853; x_wconf 77' lang='lat' dir='ltr'><strong>GALVINO.</strong></span> 
     </span>
    </p>
   </div>
   <div class='ocr_carea' id='block_1_9' title="bbox 2706 955 4666 1299">
    <p class='ocr_par' dir='ltr' id='par_1_13' title="bbox 2706 955 4666 1299">
     <span class='ocr_line' id='line_1_63' title="bbox 2886 955 4666 1040; baseline 0.002 -19"><span class='ocrx_word' id='word_1_407' title='bbox 2886 955 3310 1040; x_wconf 76' lang='lat' dir='ltr'><strong>Farrayinem</strong></span> <span class='ocrx_word' id='word_1_408' title='bbox 3350 977 3659 1022; x_wconf 78' lang='lat' dir='ltr'><strong>novarum</strong></span> <span class='ocrx_word' id='word_1_409' title='bbox 3702 977 3916 1023; x_wconf 77' lang='lat' dir='ltr'><strong>rerum</strong></span> <span class='ocrx_word' id='word_1_410' title='bbox 3942 957 4351 1040; x_wconf 78' lang='lat' dir='ltr'><strong>politicarum</strong></span> <span class='ocrx_word' id='word_1_411' title='bbox 4392 964 4449 1025; x_wconf 77' lang='lat' dir='ltr'><strong>et</strong></span> <span class='ocrx_word' id='word_1_412' title='bbox 4488 960 4666 1027; x_wconf 74' lang='lat' dir='ltr'><strong>eccle-</strong></span> 
     </span>
     <span class='ocr_line' id='line_1_64' title="bbox 2709 1043 4666 1128; baseline 0.002 -21"><span class='ocrx_word' id='word_1_413' title='bbox 2709 1043 3118 1108; x_wconf 71' lang='lat' dir='ltr'><strong>siasticarum</strong></span> <span class='ocrx_word' id='word_1_414' title='bbox 3160 1043 3446 1125; x_wconf 75' lang='lat' dir='ltr'><strong>explicat,</strong></span> <span class='ocrx_word' id='word_1_415' title='bbox 3489 1043 3680 1108; x_wconf 77' lang='lat' dir='ltr'><strong>etiam</strong></span> <span class='ocrx_word' id='word_1_416' title='bbox 3712 1049 4064 1128; x_wconf 59' lang='lat' dir='ltr'><strong>martyrum</strong></span> <span class='ocrx_word' id='word_1_417' title='bbox 4092 1045 4389 1128; x_wconf 69' lang='lat' dir='ltr'><strong>plurium</strong></span> <span class='ocrx_word' id='word_1_418' title='bbox 4421 1046 4666 1128; x_wconf 73' lang='lat' dir='ltr'><strong>suppli-</strong></span> 
     </span>
     <span class='ocr_line' id='line_1_65' title="bbox 2707 1128 4666 1211; baseline 0.003 -18"><span class='ocrx_word' id='word_1_419' title='bbox 2707 1129 2810 1193; x_wconf 80' lang='lat' dir='ltr'><strong>cia</strong></span> <span class='ocrx_word' id='word_1_420' title='bbox 2853 1134 3121 1195; x_wconf 79' lang='lat' dir='ltr'><strong>enarrat.</strong></span> <span class='ocrx_word' id='word_1_421' title='bbox 3212 1128 3316 1194; x_wconf 83' lang='lat' dir='ltr'><strong>De</strong></span> <span class='ocrx_word' id='word_1_422' title='bbox 3368 1129 3506 1194; x_wconf 78' lang='lat' dir='ltr'><strong>illis</strong></span> <span class='ocrx_word' id='word_1_423' title='bbox 3562 1150 3722 1211; x_wconf 82' lang='lat' dir='ltr'><strong>quae</strong></span> <span class='ocrx_word' id='word_1_424' title='bbox 3769 1128 3833 1195; x_wconf 80' lang='lat'><strong>0.</strong></span> <span class='ocrx_word' id='word_1_425' title='bbox 3892 1132 4122 1196; x_wconf 79' lang='lat' dir='ltr'><strong>rescire</strong></span> <span class='ocrx_word' id='word_1_426' title='bbox 4178 1132 4456 1198; x_wconf 76' lang='lat' dir='ltr'><strong>voluerat</strong></span> <span class='ocrx_word' id='word_1_427' title='bbox 4492 1134 4666 1199; x_wconf 80' lang='lat' dir='ltr'><strong>circa</strong></span> 
     </span>
     <span class='ocr_line' id='line_1_66' title="bbox 2706 1212 3966 1299; baseline 0.002 -21"><span class='ocrx_word' id='word_1_428' title='bbox 2706 1234 2810 1279; x_wconf 79' lang='lat' dir='ltr'><strong>res</strong></span> <span class='ocrx_word' id='word_1_429' title='bbox 2860 1213 3142 1280; x_wconf 77' lang='lat' dir='ltr'><strong>Genevcw</strong></span> <span class='ocrx_word' id='word_1_430' title='bbox 3177 1219 3391 1299; x_wconf 70' lang='lat' dir='ltr'><strong>qesta-s·</strong></span> <span class='ocrx_word' id='word_1_431' title='bbox 3432 1235 3512 1279; x_wconf 76' lang='lat' dir='ltr'><strong>ne</strong></span> <span class='ocrx_word' id='word_1_432' title='bbox 3553 1212 3659 1298; x_wconf 72' lang='grc' dir='ltr'><strong>γρῦ</strong></span> <span class='ocrx_word' id='word_1_433' title='bbox 3700 1216 3966 1298; x_wconf 75' lang='lat' dir='ltr'><strong>quidem.</strong></span> 
     </span>
    </p>
   </div>
   <div class='ocr_carea' id='block_1_10' title="bbox 2706 1384 3819 1524">
    <p class='ocr_par' dir='ltr' id='par_1_14' title="bbox 2706 1384 3819 1524">
     <span class='ocr_line' id='line_1_67' title="bbox 2706 1384 3813 1455; baseline 0.003 -18"><span class='ocrx_word' id='word_1_434' title='bbox 2706 1384 2815 1449; x_wconf 78' lang='lat' dir='ltr'><strong>&lt;Ex</strong></span> <span class='ocrx_word' id='word_1_435' title='bbox 2862 1389 3072 1455; x_wconf 80' lang='lat' dir='ltr'><strong>autogr.</strong></span> <span class='ocrx_word' id='word_1_436' title='bbox 3118 1387 3262 1440; x_wconf 88' lang='lat' dir='ltr'><strong>lectu</strong></span> <span class='ocrx_word' id='word_1_437' title='bbox 3309 1385 3627 1440; x_wconf 80' lang='lat' dir='ltr'><strong>difficillimo</strong></span> <span class='ocrx_word' id='word_1_438' title='bbox 3671 1385 3813 1440; x_wconf 87' lang='lat' dir='ltr'><strong>Bibl.</strong></span> 
     </span>
     <span class='ocr_line' id='line_1_68' title="bbox 3234 1454 3819 1524; baseline 0.003 -17"><span class='ocrx_word' id='word_1_439' title='bbox 3234 1454 3375 1524; x_wconf 84' lang='lat' dir='ltr'><strong>Epp.</strong></span> <span class='ocrx_word' id='word_1_440' title='bbox 3409 1454 3606 1507; x_wconf 77' lang='lat' dir='ltr'><strong>Barell.</strong></span> <span class='ocrx_word' id='word_1_441' title='bbox 3641 1454 3819 1509; x_wconf 74' lang='lat' dir='ltr'><strong>fascic.</strong></span> 
     </span>
    </p>
   </div>
   <div class='ocr_carea' id='block_1_11' title="bbox 3900 1388 4661 1453">
    <p class='ocr_par' dir='ltr' id='par_1_15' title="bbox 3900 1388 4661 1453">
     <span class='ocr_line' id='line_1_69' title="bbox 3900 1388 4661 1453; baseline 0.001 -13"><span class='ocrx_word' id='word_1_442' title='bbox 3900 1391 4140 1441; x_wconf 77' lang='lat' dir='ltr'><strong>aetorum</strong></span> <span class='ocrx_word' id='word_1_443' title='bbox 4193 1388 4661 1453; x_wconf 83' lang='lat' dir='ltr'><strong>Neocomeusium,</strong></span> 
     </span>
    </p>
   </div>
   <div class='ocr_carea' id='block_1_12' title="bbox 3915 1454 4146 1523">
    <p class='ocr_par' dir='ltr' id='par_1_16' title="bbox 3915 1454 4146 1523">
     <span class='ocr_line' id='line_1_70' title="bbox 3915 1454 4146 1523; baseline 0.017 -15"><span class='ocrx_word' id='word_1_444' title='bbox 3915 1495 3928 1508; x_wconf 91' lang='lat'><strong>.</strong></span> <span class='ocrx_word' id='word_1_445' title='bbox 3962 1456 4032 1509; x_wconf 76' lang='lat' dir='ltr'><strong>N.</strong></span> <span class='ocrx_word' id='word_1_446' title='bbox 4066 1454 4146 1523; x_wconf 75' lang='lat'><strong>2.)</strong></span> 
     </span>
    </p>
   </div>
   <div class='ocr_carea' id='block_1_13' title="bbox 2880 1641 4269 1850">
    <p class='ocr_par' dir='ltr' id='par_1_17' title="bbox 2880 1641 4269 1850">
     <span class='ocr_line' id='line_1_71' title="bbox 2880 1641 3941 1724; baseline 0 -15"><span class='ocrx_word' id='word_1_447' title='bbox 2880 1641 3098 1724; x_wconf 78' lang='lat' dir='ltr'><strong>Quam</strong></span> <span class='ocrx_word' id='word_1_448' title='bbox 3142 1643 3478 1709; x_wconf 88' lang='lat' dir='ltr'><strong>carissimo</strong></span> <span class='ocrx_word' id='word_1_449' title='bbox 3521 1643 3613 1709; x_wconf 91' lang='lat' dir='ltr'><strong>Io.</strong></span> <span class='ocrx_word' id='word_1_450' title='bbox 3661 1643 3941 1710; x_wconf 81' lang='lat' dir='ltr'><strong>Calvino</strong></span> 
     </span>
     <span class='ocr_line' id='line_1_72' title="bbox 3842 1765 4269 1850; baseline 0.005 -22"><span class='ocrx_word' id='word_1_451' title='bbox 3842 1765 4269 1850; x_wconf 85' lang='lat' dir='ltr'><strong>Argentinae.</strong></span> 
     </span>
    </p>
   </div>
   <div class='ocr_carea' id='block_1_14' title="bbox 2691 1898 4665 5075">
    <p class='ocr_par' dir='ltr' id='par_1_18' title="bbox 2691 1898 4665 5075">
     <span class='ocr_line' id='line_1_73' title="bbox 2880 1898 4665 1985; baseline 0.003 -20"><span class='ocrx_word' id='word_1_452' title='bbox 2880 1898 2951 1965; x_wconf 79' lang='lat' dir='ltr'><strong>S.</strong></span> <span class='ocrx_word' id='word_1_453' title='bbox 3021 1898 3214 1981; x_wconf 77' lang='lat' dir='ltr'><strong>Quod</strong></span> <span class='ocrx_word' id='word_1_454' title='bbox 3258 1902 3443 1984; x_wconf 90' lang='lat' dir='ltr'><strong>cupis</strong></span> <span class='ocrx_word' id='word_1_455' title='bbox 3486 1908 3814 1985; x_wconf 87' lang='lat' dir='ltr'><strong>praestem</strong></span> <span class='ocrx_word' id='word_1_456' title='bbox 3849 1901 3975 1980; x_wconf 89' lang='lat' dir='ltr'><strong>his,</strong></span> <span class='ocrx_word' id='word_1_457' title='bbox 4019 1910 4157 1967; x_wconf 87' lang='lat' dir='ltr'><strong>tam</strong></span> <span class='ocrx_word' id='word_1_458' title='bbox 4203 1903 4369 1968; x_wconf 86' lang='lat' dir='ltr'><strong>mihi</strong></span> <span class='ocrx_word' id='word_1_459' title='bbox 4410 1905 4536 1970; x_wconf 81' lang='lat' dir='ltr'><strong>fuit</strong></span> <span class='ocrx_word' id='word_1_460' title='bbox 4579 1905 4665 1971; x_wconf 88' lang='lat' dir='ltr'><strong>ad</strong></span> 
     </span>
     <span class='ocr_line' id='line_1_74' title="bbox 2707 1983 4662 2073; baseline 0.004 -24"><span class='ocrx_word' id='word_1_461' title='bbox 2707 2004 2981 2050; x_wconf 90' lang='lat' dir='ltr'><strong>manum</strong></span> <span class='ocrx_word' id='word_1_462' title='bbox 3019 2006 3218 2068; x_wconf 89' lang='lat' dir='ltr'><strong>quam</strong></span> <span class='ocrx_word' id='word_1_463' title='bbox 3275 1986 3528 2065; x_wconf 88' lang='lat' dir='ltr'><strong>stellas,</strong></span> <span class='ocrx_word' id='word_1_464' title='bbox 3584 1996 3660 2051; x_wconf 91' lang='lat' dir='ltr'><strong>ut</strong></span> <span class='ocrx_word' id='word_1_465' title='bbox 3713 1983 3985 2065; x_wconf 89' lang='lat' dir='ltr'><strong>dicitur,</strong></span> <span class='ocrx_word' id='word_1_466' title='bbox 4039 2008 4421 2073; x_wconf 88' lang='lat' dir='ltr'><strong>proponere.</strong></span> <span class='ocrx_word' id='word_1_467' title='bbox 4508 1991 4662 2057; x_wconf 88' lang='lat' dir='ltr'><strong>Non</strong></span> 
     </span>
     <span class='ocr_line' id='line_1_75' title="bbox 2707 2072 4663 2156; baseline 0.004 -21"><span class='ocrx_word' id='word_1_468' title='bbox 2707 2079 2888 2155; x_wconf 84' lang='lat' dir='ltr'><strong>pute,</strong></span> <span class='ocrx_word' id='word_1_469' title='bbox 2933 2072 3236 2154; x_wconf 87' lang='lat' dir='ltr'><strong>quamvis</strong></span> <span class='ocrx_word' id='word_1_470' title='bbox 3270 2072 3452 2139; x_wconf 91' lang='lat' dir='ltr'><strong>locus</strong></span> <span class='ocrx_word' id='word_1_471' title='bbox 3489 2073 3596 2138; x_wconf 92' lang='lat' dir='ltr'><strong>hic</strong></span> <span class='ocrx_word' id='word_1_472' title='bbox 3630 2073 3891 2156; x_wconf 87' lang='lat' dir='ltr'><strong>saepius</strong></span> <span class='ocrx_word' id='word_1_473' title='bbox 3927 2072 4324 2140; x_wconf 82' lang='lat' dir='ltr'><strong>destituatur</strong></span> <span class='ocrx_word' id='word_1_474' title='bbox 4357 2075 4663 2143; x_wconf 91' lang='lat' dir='ltr'><strong>omnibus</strong></span> 
     </span>
     <span class='ocr_line' id='line_1_76' title="bbox 2708 2156 4660 2244; baseline 0.004 -22"><span class='ocrx_word' id='word_1_475' title='bbox 2708 2156 2945 2241; x_wconf 90' lang='lat' dir='ltr'><strong>quibus</strong></span> <span class='ocrx_word' id='word_1_476' title='bbox 2986 2157 3151 2224; x_wconf 85' lang='lat' dir='ltr'><strong>velis</strong></span> <span class='ocrx_word' id='word_1_477' title='bbox 3204 2165 3281 2223; x_wconf 92' lang='lat' dir='ltr'><strong>ut</strong></span> <span class='ocrx_word' id='word_1_478' title='bbox 3336 2159 3561 2225; x_wconf 90' lang='lat' dir='ltr'><strong>amicis</strong></span> <span class='ocrx_word' id='word_1_479' title='bbox 3615 2166 3683 2223; x_wconf 89' lang='lat' dir='ltr'><strong>te</strong></span> <span class='ocrx_word' id='word_1_480' title='bbox 3736 2159 3931 2241; x_wconf 89' lang='lat' dir='ltr'><strong>paulo</strong></span> <span class='ocrx_word' id='word_1_481' title='bbox 3990 2161 4382 2244; x_wconf 86' lang='lat' dir='ltr'><strong>apertiorem</strong></span> <span class='ocrx_word' id='word_1_482' title='bbox 4428 2163 4660 2242; x_wconf 80' lang='lat' dir='ltr'><strong>facere,</strong></span> 
     </span>
     <span class='ocr_line' id='line_1_77' title="bbox 2710 2241 4661 2325; baseline 0.003 -17"><span class='ocrx_word' id='word_1_483' title='bbox 2710 2241 3095 2325; x_wconf 85' lang='lat' dir='ltr'><strong>excipiendo</strong></span> <span class='ocrx_word' id='word_1_484' title='bbox 3130 2264 3263 2308; x_wconf 90' lang='lat' dir='ltr'><strong>non</strong></span> <span class='ocrx_word' id='word_1_485' title='bbox 3347 2265 3569 2309; x_wconf 89' lang='lat' dir='ltr'><strong>rorsus</strong></span> <span class='ocrx_word' id='word_1_486' title='bbox 3595 2243 3878 2322; x_wconf 91' lang='lat' dir='ltr'><strong>sordide,</strong></span> <span class='ocrx_word' id='word_1_487' title='bbox 3914 2265 4113 2311; x_wconf 88' lang='lat' dir='ltr'><strong>carne</strong></span> <span class='ocrx_word' id='word_1_488' title='bbox 4146 2246 4241 2311; x_wconf 88' lang='lat' dir='ltr'><strong>ita</strong></span> <span class='ocrx_word' id='word_1_489' title='bbox 4275 2246 4661 2314; x_wconf 85' lang='lat' dir='ltr'><strong>destitutum</strong></span> 
     </span>
     <span class='ocr_line' id='line_1_78' title="bbox 2708 2328 4659 2416; baseline 0.004 -22"><span class='ocrx_word' id='word_1_490' title='bbox 2708 2349 2852 2394; x_wconf 89' lang='lat' dir='ltr'><strong>esse</strong></span> <span class='ocrx_word' id='word_1_491' title='bbox 2905 2336 2983 2393; x_wconf 92' lang='lat' dir='ltr'><strong>ut</strong></span> <span class='ocrx_word' id='word_1_492' title='bbox 3034 2328 3161 2393; x_wconf 87' lang='lat' dir='ltr'><strong>fuit</strong></span> <span class='ocrx_word' id='word_1_493' title='bbox 3213 2330 3306 2394; x_wconf 92' lang='lat' dir='ltr'><strong>mi</strong></span> <span class='ocrx_word' id='word_1_494' title='bbox 3357 2332 3395 2395; x_wconf 93' lang='lat' dir='ltr'><strong>i.</strong></span> <span class='ocrx_word' id='word_1_495' title='bbox 3498 2329 3672 2395; x_wconf 89' lang='lat' dir='ltr'><strong>Nam</strong></span> <span class='ocrx_word' id='word_1_496' title='bbox 3727 2351 3939 2414; x_wconf 89' lang='lat' dir='ltr'><strong>neque</strong></span> <span class='ocrx_word' id='word_1_497' title='bbox 3992 2331 4169 2396; x_wconf 91' lang='lat' dir='ltr'><strong>domi</strong></span> <span class='ocrx_word' id='word_1_498' title='bbox 4232 2353 4446 2416; x_wconf 89' lang='lat' dir='ltr'><strong>neque</strong></span> <span class='ocrx_word' id='word_1_499' title='bbox 4500 2335 4659 2402; x_wconf 86' lang='lat' dir='ltr'><strong>soris</strong></span> 
     </span>
     <span class='ocr_line' id='line_1_79' title="bbox 2708 2414 4660 2498; baseline 0.005 -20"><span class='ocrx_word' id='word_1_500' title='bbox 2708 2415 2891 2498; x_wconf 88' lang='lat' dir='ltr'><strong>potui</strong></span> <span class='ocrx_word' id='word_1_501' title='bbox 2936 2414 3237 2480; x_wconf 87' lang='lat' dir='ltr'><strong>invenire</strong></span> <span class='ocrx_word' id='word_1_502' title='bbox 3281 2414 3454 2498; x_wconf 93' lang='lat' dir='ltr'><strong>quod</strong></span> <span class='ocrx_word' id='word_1_503' title='bbox 3497 2415 3812 2482; x_wconf 83' lang='lat' dir='ltr'><strong>fratribus</strong></span> <span class='ocrx_word' id='word_1_504' title='bbox 3847 2417 4169 2483; x_wconf 87' lang='lat' dir='ltr'><strong>offerrem.</strong></span> <span class='ocrx_word' id='word_1_505' title='bbox 4238 2417 4399 2484; x_wconf 92' lang='lat' dir='ltr'><strong>Ideo</strong></span> <span class='ocrx_word' id='word_1_506' title='bbox 4441 2420 4499 2486; x_wconf 90' lang='lat' dir='ltr'><strong>si</strong></span> <span class='ocrx_word' id='word_1_507' title='bbox 4531 2421 4660 2486; x_wconf 92' lang='lat' dir='ltr'><strong>mi-</strong></span> 
     </span>
     <span class='ocr_line' id='line_1_80' title="bbox 2705 2501 4658 2586; baseline 0.004 -22"><span class='ocrx_word' id='word_1_508' title='bbox 2705 2521 2833 2565; x_wconf 88' lang='lat' dir='ltr'><strong>nus</strong></span> <span class='ocrx_word' id='word_1_509' title='bbox 2867 2501 3165 2583; x_wconf 85' lang='lat' dir='ltr'><strong>praestiti</strong></span> <span class='ocrx_word' id='word_1_510' title='bbox 3201 2501 3372 2584; x_wconf 90' lang='lat' dir='ltr'><strong>quod</strong></span> <span class='ocrx_word' id='word_1_511' title='bbox 3408 2502 3518 2566; x_wconf 83' lang='lat' dir='ltr'><strong>vel</strong></span> <span class='ocrx_word' id='word_1_512' title='bbox 3552 2509 3670 2566; x_wconf 87' lang='lat' dir='ltr'><strong>tua</strong></span> <span class='ocrx_word' id='word_1_513' title='bbox 3703 2522 3904 2568; x_wconf 91' lang='lat' dir='ltr'><strong>causa</strong></span> <span class='ocrx_word' id='word_1_514' title='bbox 3936 2504 4295 2586; x_wconf 87' lang='lat' dir='ltr'><strong>cupiebam,</strong></span> <span class='ocrx_word' id='word_1_515' title='bbox 4332 2526 4469 2571; x_wconf 93' lang='lat' dir='ltr'><strong>non</strong></span> <span class='ocrx_word' id='word_1_516' title='bbox 4502 2528 4658 2573; x_wconf 91' lang='lat' dir='ltr'><strong>con-</strong></span> 
     </span>
     <span class='ocr_line' id='line_1_81' title="bbox 2706 2586 4659 2676; baseline 0.005 -27"><span class='ocrx_word' id='word_1_517' title='bbox 2706 2586 2861 2671; x_wconf 91' lang='lat' dir='ltr'><strong>tigit</strong></span> <span class='ocrx_word' id='word_1_518' title='bbox 2914 2587 3056 2651; x_wconf 88' lang='lat' dir='ltr'><strong>sine</strong></span> <span class='ocrx_word' id='word_1_519' title='bbox 3109 2586 3313 2652; x_wconf 89' lang='lat' dir='ltr'><strong>animi</strong></span> <span class='ocrx_word' id='word_1_520' title='bbox 3361 2607 3674 2653; x_wconf 85' lang='lat' dir='ltr'><strong>moerore.</strong></span> <span class='ocrx_word' id='word_1_521' title='bbox 3776 2587 4058 2671; x_wconf 81' lang='lat' dir='ltr'><strong>Saepius</strong></span> <span class='ocrx_word' id='word_1_522' title='bbox 4111 2591 4342 2674; x_wconf 88' lang='lat' dir='ltr'><strong>scripsi</strong></span> <span class='ocrx_word' id='word_1_523' title='bbox 4398 2592 4659 2676; x_wconf 90' lang='lat' dir='ltr'><strong>quando</strong></span> 
     </span>
     <span class='ocr_line' id='line_1_82' title="bbox 2707 2671 4658 2750; baseline 0.005 -15"><span class='ocrx_word' id='word_1_524' title='bbox 2707 2671 2871 2737; x_wconf 87' lang='lat' dir='ltr'><strong>velis</strong></span> <span class='ocrx_word' id='word_1_525' title='bbox 2932 2692 3037 2737; x_wconf 91' lang='lat' dir='ltr'><strong>me</strong></span> <span class='ocrx_word' id='word_1_526' title='bbox 3090 2672 3262 2739; x_wconf 90' lang='lat' dir='ltr'><strong>istuc</strong></span> <span class='ocrx_word' id='word_1_527' title='bbox 3325 2673 3587 2750; x_wconf 88' lang='lat' dir='ltr'><strong>venire,</strong></span> <span class='ocrx_word' id='word_1_528' title='bbox 3655 2674 3714 2738; x_wconf 91' lang='lat' dir='ltr'><strong>si</strong></span> <span class='ocrx_word' id='word_1_529' title='bbox 3767 2675 4059 2741; x_wconf 83' lang='lat' dir='ltr'><strong>confecta</strong></span> <span class='ocrx_word' id='word_1_530' title='bbox 4120 2677 4257 2741; x_wconf 90' lang='lat' dir='ltr'><strong>sint</strong></span> <span class='ocrx_word' id='word_1_531' title='bbox 4308 2678 4533 2743; x_wconf 90' lang='lat' dir='ltr'><strong>omnia</strong></span> <span class='ocrx_word' id='word_1_532' title='bbox 4583 2679 4658 2745; x_wconf 91' lang='lat' dir='ltr'><strong>in</strong></span> 
     </span>
     <span class='ocr_line' id='line_1_83' title="bbox 2706 2756 4658 2841; baseline 0.004 -18"><span class='ocrx_word' id='word_1_533' title='bbox 2706 2756 2957 2823; x_wconf 84' lang='lat' dir='ltr'><strong>Christi</strong></span> <span class='ocrx_word' id='word_1_534' title='bbox 3004 2757 3300 2841; x_wconf 89' lang='lat' dir='ltr'><strong>gloriam,</strong></span> <span class='ocrx_word' id='word_1_535' title='bbox 3346 2768 3458 2824; x_wconf 90' lang='lat' dir='ltr'><strong>tuo</strong></span> <span class='ocrx_word' id='word_1_536' title='bbox 3502 2757 3839 2825; x_wconf 90' lang='lat' dir='ltr'><strong>commodo</strong></span> <span class='ocrx_word' id='word_1_537' title='bbox 3882 2780 3959 2826; x_wconf 88' lang='lat' dir='ltr'><strong>ac</strong></span> <span class='ocrx_word' id='word_1_538' title='bbox 4000 2761 4312 2828; x_wconf 88' lang='lat' dir='ltr'><strong>ecclesiae</strong></span> <span class='ocrx_word' id='word_1_539' title='bbox 4357 2762 4658 2832; x_wconf 84' lang='lat' dir='ltr'><strong>aedifica-</strong></span> 
     </span>
     <span class='ocr_line' id='line_1_84' title="bbox 2704 2843 4658 2928; baseline 0.004 -20"><span class='ocrx_word' id='word_1_540' title='bbox 2704 2843 2915 2908; x_wconf 90' lang='lat' dir='ltr'><strong>tione:</strong></span> <span class='ocrx_word' id='word_1_541' title='bbox 2972 2844 3162 2927; x_wconf 90' lang='lat' dir='ltr'><strong>cupio</strong></span> <span class='ocrx_word' id='word_1_542' title='bbox 3218 2851 3298 2909; x_wconf 91' lang='grc' dir='ltr'><strong>ιιι</strong></span> <span class='ocrx_word' id='word_1_543' title='bbox 3349 2844 3419 2909; x_wconf 90' lang='lat' dir='ltr'><strong>in</strong></span> <span class='ocrx_word' id='word_1_544' title='bbox 3474 2853 3769 2928; x_wconf 91' lang='lat' dir='ltr'><strong>tempore</strong></span> <span class='ocrx_word' id='word_1_545' title='bbox 3825 2845 3994 2910; x_wconf 91' lang='lat' dir='ltr'><strong>mihi</strong></span> <span class='ocrx_word' id='word_1_546' title='bbox 4048 2846 4100 2913; x_wconf 91' lang='lat' dir='ltr'><strong>si</strong></span> <span class='ocrx_word' id='word_1_547' title='bbox 4152 2848 4393 2915; x_wconf 91' lang='lat' dir='ltr'><strong>nifices.</strong></span> <span class='ocrx_word' id='word_1_548' title='bbox 4482 2849 4658 2915; x_wconf 88' lang='lat' dir='ltr'><strong>Nam</strong></span> 
     </span>
     <span class='ocr_line' id='line_1_85' title="bbox 2704 2928 4657 3019; baseline 0.005 -26"><span class='ocrx_word' id='word_1_549' title='bbox 2704 2949 2854 2994; x_wconf 91' lang='lat' dir='ltr'><strong>sum</strong></span> <span class='ocrx_word' id='word_1_550' title='bbox 2890 2929 3024 2994; x_wconf 91' lang='lat' dir='ltr'><strong>iam</strong></span> <span class='ocrx_word' id='word_1_551' title='bbox 3063 2928 3326 2995; x_wconf 90' lang='lat' dir='ltr'><strong>tardum</strong></span> <span class='ocrx_word' id='word_1_552' title='bbox 3362 2929 3620 3009; x_wconf 90' lang='lat' dir='ltr'><strong>mobile,</strong></span> <span class='ocrx_word' id='word_1_553' title='bbox 3658 2951 3779 2996; x_wconf 90' lang='lat' dir='ltr'><strong>nec</strong></span> <span class='ocrx_word' id='word_1_554' title='bbox 3812 2930 4021 2997; x_wconf 91' lang='lat' dir='ltr'><strong>habeo</strong></span> <span class='ocrx_word' id='word_1_555' title='bbox 4055 2953 4095 2998; x_wconf 91' lang='lat' dir='ltr'><strong>a</strong></span> <span class='ocrx_word' id='word_1_556' title='bbox 4180 2954 4455 3000; x_wconf 90' lang='lat' dir='ltr'><strong>manum</strong></span> <span class='ocrx_word' id='word_1_557' title='bbox 4489 2956 4657 3019; x_wconf 89' lang='lat' dir='ltr'><strong>quae</strong></span> 
     </span>
     <span class='ocr_line' id='line_1_86' title="bbox 2703 3015 4656 3104; baseline 0.004 -23"><span class='ocrx_word' id='word_1_558' title='bbox 2703 3015 2927 3081; x_wconf 90' lang='lat' dir='ltr'><strong>statim</strong></span> <span class='ocrx_word' id='word_1_559' title='bbox 2985 3023 3145 3081; x_wconf 88' lang='lat' dir='ltr'><strong>sunt</strong></span> <span class='ocrx_word' id='word_1_560' title='bbox 3186 3015 3586 3083; x_wconf 88' lang='lat' dir='ltr'><strong>necessaria:</strong></span> <span class='ocrx_word' id='word_1_561' title='bbox 3643 3016 3772 3082; x_wconf 89' lang='lat' dir='ltr'><strong>nisi</strong></span> <span class='ocrx_word' id='word_1_562' title='bbox 3814 3018 3998 3101; x_wconf 92' lang='lat' dir='ltr'><strong>prius</strong></span> <span class='ocrx_word' id='word_1_563' title='bbox 4054 3022 4476 3104; x_wconf 88' lang='lat' dir='ltr'><strong>prospiciam,</strong></span> <span class='ocrx_word' id='word_1_564' title='bbox 4536 3022 4656 3089; x_wconf 85' lang='lat' dir='ltr'><strong>vix</strong></span> 
     </span>
     <span class='ocr_line' id='line_1_87' title="bbox 2702 3099 4655 3256; baseline 0.005 -90"><span class='ocrx_word' id='word_1_565' title='bbox 2702 3121 2963 3201; x_wconf 83' lang='lat' dir='ltr'><strong>possem</strong></span> <span class='ocrx_word' id='word_1_566' title='bbox 3004 3100 3267 3184; x_wconf 90' lang='lat' dir='ltr'><strong>aliquid.</strong></span> <span class='ocrx_word' id='word_1_567' title='bbox 3338 3099 3417 3168; x_wconf 84' lang='lat' dir='ltr'><strong>Si</strong></span> <span class='ocrx_word' id='word_1_568' title='bbox 3457 3122 3566 3201; x_wconf 76' lang='lat' dir='ltr'><strong>me</strong></span> <span class='ocrx_word' id='word_1_569' title='bbox 3611 3104 3931 3185; x_wconf 86' lang='lat' dir='ltr'><strong>praeteris</strong></span> <span class='ocrx_word' id='word_1_570' title='bbox 3975 3124 4112 3169; x_wconf 92' lang='lat' dir='ltr'><strong>non</strong></span> <span class='ocrx_word' id='word_1_571' title='bbox 4138 3112 4341 3256; x_wconf 60' lang='lat' dir='ltr'><strong>¹potes</strong></span> <span class='ocrx_word' id='word_1_572' title='bbox 4383 3108 4655 3191; x_wconf 85' lang='lat' dir='ltr'><strong>gravius</strong></span> 
     </span>
     <span class='ocr_line' id='line_1_88' title="bbox 2699 3187 4653 3270; baseline 0.005 -19"><span class='ocrx_word' id='word_1_573' title='bbox 2699 3208 2775 3252; x_wconf 89' lang='lat' dir='ltr'><strong>m</strong></span> <span class='ocrx_word' id='word_1_574' title='bbox 2817 3207 2925 3252; x_wconf 89' lang='lat' dir='ltr'><strong>me</strong></span> <span class='ocrx_word' id='word_1_575' title='bbox 2966 3206 3251 3270; x_wconf 78' lang='lat' dir='ltr'><strong>peccare.</strong></span> <span class='ocrx_word' id='word_1_576' title='bbox 3340 3187 3493 3253; x_wconf 88' lang='lat' dir='ltr'><strong>Non</strong></span> <span class='ocrx_word' id='word_1_577' title='bbox 3611 3189 3742 3253; x_wconf 84' lang='lat' dir='ltr'><strong>‘tur</strong></span> <span class='ocrx_word' id='word_1_578' title='bbox 3793 3191 3935 3255; x_wconf 89' lang='lat' dir='ltr'><strong>sine</strong></span> <span class='ocrx_word' id='word_1_579' title='bbox 3989 3211 4096 3256; x_wconf 89' lang='lat' dir='ltr'><strong>me</strong></span> <span class='ocrx_word' id='word_1_580' title='bbox 4188 3198 4257 3257; x_wconf 91' lang='lat' dir='ltr'><strong>at</strong></span> <span class='ocrx_word' id='word_1_581' title='bbox 4296 3202 4413 3258; x_wconf 90' lang='lat' dir='ltr'><strong>tua</strong></span> <span class='ocrx_word' id='word_1_582' title='bbox 4454 3194 4653 3260; x_wconf 90' lang='lat' dir='ltr'><strong>bene-</strong></span> 
     </span>
     <span class='ocr_line' id='line_1_89' title="bbox 2703 3270 4653 3359; baseline 0.007 -25"><span class='ocrx_word' id='word_1_583' title='bbox 2703 3270 2917 3338; x_wconf 89' lang='lat' dir='ltr'><strong>dictio.</strong></span> <span class='ocrx_word' id='word_1_584' title='bbox 3005 3271 3371 3357; x_wconf 89' lang='lat' dir='ltr'><strong>Postquam</strong></span> <span class='ocrx_word' id='word_1_585' title='bbox 3413 3273 3564 3357; x_wconf 76' lang='lat' dir='ltr'><strong>Any</strong></span> <span class='ocrx_word' id='word_1_586' title='bbox 3589 3294 3668 3340; x_wconf 77' lang='lat' dir='ltr'><strong>us</strong></span> <span class='ocrx_word' id='word_1_587' title='bbox 3718 3294 3904 3357; x_wconf 91' lang='lat' dir='ltr'><strong>spem</strong></span> <span class='ocrx_word' id='word_1_588' title='bbox 3945 3275 4101 3341; x_wconf 87' lang='lat' dir='ltr'><strong>facit</strong></span> <span class='ocrx_word' id='word_1_589' title='bbox 4143 3279 4491 3359; x_wconf 86' lang='lat' dir='ltr'><strong>maiorem,</strong></span> <span class='ocrx_word' id='word_1_590' title='bbox 4550 3281 4653 3346; x_wconf 84' lang='lat' dir='ltr'><strong>vi·</strong></span> 
     </span>
     <span class='ocr_line' id='line_1_90' title="bbox 2701 3356 4652 3449; baseline 0.005 -27"><span class='ocrx_word' id='word_1_591' title='bbox 2701 3356 2991 3423; x_wconf 90' lang='lat' dir='ltr'><strong>dendum</strong></span> <span class='ocrx_word' id='word_1_592' title='bbox 3033 3367 3208 3424; x_wconf 90' lang='lat' dir='ltr'><strong>esset</strong></span> <span class='ocrx_word' id='word_1_593' title='bbox 3251 3366 3327 3425; x_wconf 94' lang='lat' dir='ltr'><strong>ut</strong></span> <span class='ocrx_word' id='word_1_594' title='bbox 3360 3380 3521 3425; x_wconf 88' lang='lat' dir='ltr'><strong>suae</strong></span> <span class='ocrx_word' id='word_1_595' title='bbox 3556 3359 3792 3425; x_wconf 91' lang='lat' dir='ltr'><strong>ditioni</strong></span> <span class='ocrx_word' id='word_1_596' title='bbox 3835 3361 4188 3429; x_wconf 88' lang='lat' dir='ltr'><strong>consulens</strong></span> <span class='ocrx_word' id='word_1_597' title='bbox 4231 3363 4452 3431; x_wconf 83' lang='lat' dir='ltr'><strong>Gallis</strong></span> <span class='ocrx_word' id='word_1_598' title='bbox 4493 3386 4652 3449; x_wconf 91' lang='lat' dir='ltr'><strong>quo-</strong></span> 
     </span>
     <span class='ocr_line' id='line_1_91' title="bbox 2700 3444 4651 3530; baseline 0.005 -22"><span class='ocrx_word' id='word_1_599' title='bbox 2700 3463 2830 3527; x_wconf 90' lang='lat' dir='ltr'><strong>que</strong></span> <span class='ocrx_word' id='word_1_600' title='bbox 2881 3444 3314 3529; x_wconf 87' lang='lat' dir='ltr'><strong>prospiceret:</strong></span> <span class='ocrx_word' id='word_1_601' title='bbox 3374 3445 3432 3510; x_wconf 89' lang='lat' dir='ltr'><strong>si</strong></span> <span class='ocrx_word' id='word_1_602' title='bbox 3489 3445 3583 3529; x_wconf 91' lang='lat' dir='ltr'><strong>pii</strong></span> <span class='ocrx_word' id='word_1_603' title='bbox 3639 3448 4154 3529; x_wconf 85' lang='lat' dir='ltr'><strong>praeficerentur</strong></span> <span class='ocrx_word' id='word_1_604' title='bbox 4209 3450 4494 3517; x_wconf 89' lang='lat' dir='ltr'><strong>ministri</strong></span> <span class='ocrx_word' id='word_1_605' title='bbox 4510 3499 4527 3530; x_wconf 85' lang='lat'>‚</span> <span class='ocrx_word' id='word_1_606' title='bbox 4580 3453 4651 3517; x_wconf 88' lang='lat' dir='ltr'><strong>in</strong></span> 
     </span>
     <span class='ocr_line' id='line_1_92' title="bbox 2701 3530 4652 3616; baseline 0.004 -22"><span class='ocrx_word' id='word_1_607' title='bbox 2701 3550 2780 3595; x_wconf 89' lang='lat' dir='ltr'><strong>ea</strong></span> <span class='ocrx_word' id='word_1_608' title='bbox 2820 3537 3009 3613; x_wconf 88' lang='lat' dir='ltr'><strong>parte</strong></span> <span class='ocrx_word' id='word_1_609' title='bbox 3051 3530 3240 3614; x_wconf 90' lang='lat' dir='ltr'><strong>regni</strong></span> <span class='ocrx_word' id='word_1_610' title='bbox 3297 3550 3465 3614; x_wconf 90' lang='lat' dir='ltr'><strong>quae</strong></span> <span class='ocrx_word' id='word_1_611' title='bbox 3518 3531 3752 3616; x_wconf 86' lang='lat' dir='ltr'><strong>gallice</strong></span> <span class='ocrx_word' id='word_1_612' title='bbox 3809 3532 4096 3616; x_wconf 88' lang='lat' dir='ltr'><strong>loquitur</strong></span> <span class='ocrx_word' id='word_1_613' title='bbox 4136 3541 4206 3600; x_wconf 88' lang='lat' dir='ltr'><strong>et</strong></span> <span class='ocrx_word' id='word_1_614' title='bbox 4247 3535 4509 3604; x_wconf 82' lang='lat' dir='ltr'><strong>Galliae</strong></span> <span class='ocrx_word' id='word_1_615' title='bbox 4552 3546 4652 3604; x_wconf 89' lang='lat' dir='ltr'><strong>est</strong></span> 
     </span>
     <span class='ocr_line' id='line_1_93' title="bbox 2700 3615 4651 3695; baseline 0.004 -13"><span class='ocrx_word' id='word_1_616' title='bbox 2700 3615 3080 3695; x_wconf 87' lang='lat' dir='ltr'><strong>coniuncta,</strong></span> <span class='ocrx_word' id='word_1_617' title='bbox 3157 3616 3281 3682; x_wconf 91' lang='lat' dir='ltr'><strong>hoc</strong></span> <span class='ocrx_word' id='word_1_618' title='bbox 3345 3617 3533 3682; x_wconf 87' lang='lat' dir='ltr'><strong>fieret</strong></span> <span class='ocrx_word' id='word_1_619' title='bbox 3601 3618 4137 3685; x_wconf 88' lang='lat' dir='ltr'><strong>commodissime.</strong></span> <span class='ocrx_word' id='word_1_620' title='bbox 4248 3621 4505 3688; x_wconf 85' lang='lat' dir='ltr'><strong>Vereor</strong></span> <span class='ocrx_word' id='word_1_621' title='bbox 4565 3644 4651 3690; x_wconf 91' lang='lat' dir='ltr'><strong>ne</strong></span> 
     </span>
     <span class='ocr_line' id='line_1_94' title="bbox 2698 3700 4651 3788; baseline 0.005 -22"><span class='ocrx_word' id='word_1_622' title='bbox 2698 3700 3076 3779; x_wconf 76' lang='lat' dir='ltr'><strong>Borbonius,</strong></span> <span class='ocrx_word' id='word_1_623' title='bbox 3120 3709 3191 3767; x_wconf 90' lang='lat' dir='ltr'><strong>et</strong></span> <span class='ocrx_word' id='word_1_624' title='bbox 3231 3703 3288 3768; x_wconf 88' lang='lat' dir='ltr'><strong>si</strong></span> <span class='ocrx_word' id='word_1_625' title='bbox 3321 3703 3431 3785; x_wconf 93' lang='lat' dir='ltr'><strong>qui</strong></span> <span class='ocrx_word' id='word_1_626' title='bbox 3468 3703 3603 3769; x_wconf 89' lang='lat' dir='ltr'><strong>sint</strong></span> <span class='ocrx_word' id='word_1_627' title='bbox 3635 3703 3834 3770; x_wconf 90' lang='lat' dir='ltr'><strong>huius</strong></span> <span class='ocrx_word' id='word_1_628' title='bbox 3867 3704 4120 3771; x_wconf 84' lang='lat' dir='ltr'><strong>farinae</strong></span> <span class='ocrx_word' id='word_1_629' title='bbox 4150 3705 4471 3788; x_wconf 90' lang='lat' dir='ltr'><strong>homines,</strong></span> <span class='ocrx_word' id='word_1_630' title='bbox 4515 3731 4651 3775; x_wconf 91' lang='lat' dir='ltr'><strong>non</strong></span> 
     </span>
     <span class='ocr_line' id='line_1_95' title="bbox 2698 3786 4650 3875; baseline 0.005 -23"><span class='ocrx_word' id='word_1_631' title='bbox 2698 3786 2982 3852; x_wconf 91' lang='lat' dir='ltr'><strong>multum</strong></span> <span class='ocrx_word' id='word_1_632' title='bbox 3021 3788 3421 3871; x_wconf 85' lang='lat' dir='ltr'><strong>profecerint</strong></span> <span class='ocrx_word' id='word_1_633' title='bbox 3454 3789 3630 3872; x_wconf 89' lang='lat' dir='ltr'><strong>apud</strong></span> <span class='ocrx_word' id='word_1_634' title='bbox 3665 3810 3908 3875; x_wconf 88' lang='lat' dir='ltr'><strong>regem,</strong></span> <span class='ocrx_word' id='word_1_635' title='bbox 3944 3790 4055 3857; x_wconf 88' lang='lat' dir='ltr'><strong>vel</strong></span> <span class='ocrx_word' id='word_1_636' title='bbox 4090 3794 4307 3875; x_wconf 86' lang='lat' dir='ltr'><strong>potius</strong></span> <span class='ocrx_word' id='word_1_637' title='bbox 4341 3814 4462 3859; x_wconf 85' lang='lat' dir='ltr'><strong>rex</strong></span> <span class='ocrx_word' id='word_1_638' title='bbox 4495 3815 4650 3861; x_wconf 90' lang='lat' dir='ltr'><strong>cum</strong></span> 
     </span>
     <span class='ocr_line' id='line_1_96' title="bbox 2698 3872 4647 3960; baseline 0.005 -22"><span class='ocrx_word' id='word_1_639' title='bbox 2698 3872 2955 3938; x_wconf 90' lang='lat' dir='ltr'><strong>talibus.</strong></span> <span class='ocrx_word' id='word_1_640' title='bbox 3046 3872 3196 3954; x_wconf 81' lang='lat' dir='ltr'><strong>Quo</strong></span> <span class='ocrx_word' id='word_1_641' title='bbox 3248 3875 3326 3939; x_wconf 88' lang='lat' dir='ltr'><strong>fit</strong></span> <span class='ocrx_word' id='word_1_642' title='bbox 3379 3881 3459 3939; x_wconf 90' lang='lat' dir='ltr'><strong>ut</strong></span> <span class='ocrx_word' id='word_1_643' title='bbox 3517 3894 3747 3940; x_wconf 87' lang='lat' dir='ltr'><strong>verear</strong></span> <span class='ocrx_word' id='word_1_644' title='bbox 3799 3896 3883 3940; x_wconf 88' lang='lat' dir='ltr'><strong>ne</strong></span> <span class='ocrx_word' id='word_1_645' title='bbox 3938 3898 4054 3960; x_wconf 90' lang='lat' dir='ltr'><strong>per</strong></span> <span class='ocrx_word' id='word_1_646' title='bbox 4111 3878 4430 3946; x_wconf 88' lang='lat' dir='ltr'><strong>eiusmodi</strong></span> <span class='ocrx_word' id='word_1_647' title='bbox 4483 3880 4647 3947; x_wconf 90' lang='lat' dir='ltr'><strong>alios</strong></span> 
     </span>
     <span class='ocr_line' id='line_1_97' title="bbox 2699 3957 4648 4049; baseline 0.005 -26"><span class='ocrx_word' id='word_1_648' title='bbox 2699 3957 2963 4025; x_wconf 89' lang='lat' dir='ltr'><strong>iudicet.</strong></span> <span class='ocrx_word' id='word_1_649' title='bbox 3032 3957 3111 4025; x_wconf 79' lang='lat' dir='ltr'><strong>Si</strong></span> <span class='ocrx_word' id='word_1_650' title='bbox 3153 3980 3273 4044; x_wconf 92' lang='lat' dir='ltr'><strong>per</strong></span> <span class='ocrx_word' id='word_1_651' title='bbox 3314 3960 3458 4043; x_wconf 91' lang='lat' dir='ltr'><strong>pios</strong></span> <span class='ocrx_word' id='word_1_652' title='bbox 3502 3960 3875 4027; x_wconf 84' lang='lat' dir='ltr'><strong>Germanos</strong></span> <span class='ocrx_word' id='word_1_653' title='bbox 3919 3963 4185 4029; x_wconf 90' lang='lat' dir='ltr'><strong>tandem</strong></span> <span class='ocrx_word' id='word_1_654' title='bbox 4229 3966 4438 4049; x_wconf 89' lang='lat' dir='ltr'><strong>possit</strong></span> <span class='ocrx_word' id='word_1_655' title='bbox 4476 3967 4648 4034; x_wconf 89' lang='lat' dir='ltr'><strong>effici</strong></span> 
     </span>
     <span class='ocr_line' id='line_1_98' title="bbox 2694 4043 4650 4136; baseline 0.005 -27"><span class='ocrx_word' id='word_1_656' title='bbox 2694 4044 2766 4109; x_wconf 91' lang='lat' dir='ltr'><strong>in</strong></span> <span class='ocrx_word' id='word_1_657' title='bbox 2812 4043 3073 4110; x_wconf 81' lang='lat' dir='ltr'><strong>Galliae</strong></span> <span class='ocrx_word' id='word_1_658' title='bbox 3128 4044 3649 4112; x_wconf 86' lang='lat' dir='ltr'><strong>aedificationem</strong></span> <span class='ocrx_word' id='word_1_659' title='bbox 3666 4096 3682 4124; x_wconf 88' lang='lat'><strong>,</strong></span> <span class='ocrx_word' id='word_1_660' title='bbox 3740 4048 3909 4113; x_wconf 88' lang='lat' dir='ltr'><strong>bene</strong></span> <span class='ocrx_word' id='word_1_661' title='bbox 3968 4050 4127 4114; x_wconf 87' lang='lat' dir='ltr'><strong>erit:</strong></span> <span class='ocrx_word' id='word_1_662' title='bbox 4188 4059 4263 4116; x_wconf 91' lang='lat' dir='ltr'><strong>tu</strong></span> <span class='ocrx_word' id='word_1_663' title='bbox 4306 4051 4486 4118; x_wconf 87' lang='lat' dir='ltr'><strong>insta</strong></span> <span class='ocrx_word' id='word_1_664' title='bbox 4527 4072 4650 4136; x_wconf 88' lang='lat' dir='ltr'><strong>pro</strong></span> 
     </span>
     <span class='ocr_line' id='line_1_99' title="bbox 2698 4129 4648 4220; baseline 0.005 -25"><span class='ocrx_word' id='word_1_665' title='bbox 2698 4129 2954 4198; x_wconf 80' lang='lat' dir='ltr'><strong>Christi</strong></span> <span class='ocrx_word' id='word_1_666' title='bbox 2996 4129 3220 4214; x_wconf 87' lang='lat' dir='ltr'><strong>gloria.</strong></span> <span class='ocrx_word' id='word_1_667' title='bbox 3310 4131 3736 4215; x_wconf 76' lang='lat' dir='ltr'><strong>Hieronymus</strong></span> <span class='ocrx_word' id='word_1_668' title='bbox 3757 4131 3805 4218; x_wconf 89' lang='lat'><strong>¹)</strong></span> <span class='ocrx_word' id='word_1_669' title='bbox 3860 4133 4033 4217; x_wconf 90' lang='lat' dir='ltr'><strong>apud</strong></span> <span class='ocrx_word' id='word_1_670' title='bbox 4075 4137 4462 4220; x_wconf 82' lang='lat' dir='ltr'><strong>Agenenses</strong></span> <span class='ocrx_word' id='word_1_671' title='bbox 4517 4159 4648 4204; x_wconf 92' lang='lat' dir='ltr'><strong>non</strong></span> 
     </span>
     <span class='ocr_line' id='line_1_100' title="bbox 2695 4215 4650 4301; baseline 0.006 -21"><span class='ocrx_word' id='word_1_672' title='bbox 2695 4216 2920 4299; x_wconf 91' lang='lat' dir='ltr'><strong>procul</strong></span> <span class='ocrx_word' id='word_1_673' title='bbox 2984 4237 3026 4281; x_wconf 90' lang='lat' dir='ltr'><strong>a</strong></span> <span class='ocrx_word' id='word_1_674' title='bbox 3088 4215 3468 4301; x_wconf 88' lang='lat' dir='ltr'><strong>Burdegala</strong></span> <span class='ocrx_word' id='word_1_675' title='bbox 3529 4217 3665 4301; x_wconf 86' lang='lat' dir='ltr'><strong>igni</strong></span> <span class='ocrx_word' id='word_1_676' title='bbox 3733 4220 4096 4286; x_wconf 88' lang='lat' dir='ltr'><strong>exstinctus</strong></span> <span class='ocrx_word' id='word_1_677' title='bbox 4160 4221 4300 4286; x_wconf 88' lang='lat' dir='ltr'><strong>fuit.</strong></span> <span class='ocrx_word' id='word_1_678' title='bbox 4410 4223 4650 4290; x_wconf 77' lang='lat' dir='ltr'><strong>Tolosa</strong></span> 
     </span>
     <span class='ocr_line' id='line_1_101' title="bbox 2692 4301 4646 4393; baseline 0.005 -27"><span class='ocrx_word' id='word_1_679' title='bbox 2692 4301 2888 4380; x_wconf 86' lang='lat' dir='ltr'><strong>furit,</strong></span> <span class='ocrx_word' id='word_1_680' title='bbox 2949 4302 3122 4386; x_wconf 91' lang='lat' dir='ltr'><strong>capti</strong></span> <span class='ocrx_word' id='word_1_681' title='bbox 3182 4321 3315 4367; x_wconf 91' lang='lat' dir='ltr'><strong>non</strong></span> <span class='ocrx_word' id='word_1_682' title='bbox 3369 4303 3563 4386; x_wconf 89' lang='lat' dir='ltr'><strong>pauci</strong></span> <span class='ocrx_word' id='word_1_683' title='bbox 3606 4305 3676 4368; x_wconf 90' lang='lat' dir='ltr'><strong>iu</strong></span> <span class='ocrx_word' id='word_1_684' title='bbox 3732 4303 4013 4371; x_wconf 88' lang='lat' dir='ltr'><strong>diversis</strong></span> <span class='ocrx_word' id='word_1_685' title='bbox 4080 4306 4239 4372; x_wconf 92' lang='lat' dir='ltr'><strong>locis</strong></span> <span class='ocrx_word' id='word_1_686' title='bbox 4291 4308 4366 4374; x_wconf 93' lang='lat' dir='ltr'><strong>in</strong></span> <span class='ocrx_word' id='word_1_687' title='bbox 4408 4308 4646 4393; x_wconf 87' lang='lat' dir='ltr'><strong>quibus</strong></span> 
     </span>
     <span class='ocr_line' id='line_1_102' title="bbox 2694 4387 4649 4479; baseline 0.006 -28"><span class='ocrx_word' id='word_1_688' title='bbox 2694 4389 2842 4472; x_wconf 91' lang='lat' dir='ltr'><strong>pius</strong></span> <span class='ocrx_word' id='word_1_689' title='bbox 2898 4397 3169 4454; x_wconf 88' lang='lat' dir='ltr'><strong>senatus</strong></span> <span class='ocrx_word' id='word_1_690' title='bbox 3221 4387 3355 4466; x_wconf 89' lang='lat' dir='ltr'><strong>ille,</strong></span> <span class='ocrx_word' id='word_1_691' title='bbox 3373 4390 3430 4458; x_wconf 80' lang='lat'><strong>²)</strong></span> <span class='ocrx_word' id='word_1_692' title='bbox 3489 4388 3842 4457; x_wconf 89' lang='lat' dir='ltr'><strong>adiudicati</strong></span> <span class='ocrx_word' id='word_1_693' title='bbox 3895 4398 3964 4455; x_wconf 92' lang='lat' dir='ltr'><strong>et</strong></span> <span class='ocrx_word' id='word_1_694' title='bbox 4024 4392 4333 4460; x_wconf 86' lang='lat' dir='ltr'><strong>exstincti</strong></span> <span class='ocrx_word' id='word_1_695' title='bbox 4399 4394 4649 4479; x_wconf 89' lang='lat' dir='ltr'><strong>aliquot</strong></span> 
     </span>
     <span class='ocr_line' id='line_1_103' title="bbox 2695 4471 4647 4561; baseline 0.005 -23"><span class='ocrx_word' id='word_1_696' title='bbox 2695 4474 2857 4559; x_wconf 89' lang='lat' dir='ltr'><strong>igni.</strong></span> <span class='ocrx_word' id='word_1_697' title='bbox 2925 4471 3215 4540; x_wconf 83' lang='lat' dir='ltr'><strong>Senatus</strong></span> <span class='ocrx_word' id='word_1_698' title='bbox 3259 4475 3461 4540; x_wconf 88' lang='lat' dir='ltr'><strong>etiam</strong></span> <span class='ocrx_word' id='word_1_699' title='bbox 3502 4474 4156 4558; x_wconf 83' lang='lat' dir='ltr'><strong>Gratianopolitanus</strong></span> <span class='ocrx_word' id='word_1_700' title='bbox 4199 4478 4420 4561; x_wconf 88' lang='lat' dir='ltr'><strong>plures</strong></span> <span class='ocrx_word' id='word_1_701' title='bbox 4464 4482 4647 4548; x_wconf 89' lang='lat' dir='ltr'><strong>vinc-</strong></span> 
     </span>
     <span class='ocr_line' id='line_1_104' title="bbox 2697 4558 4643 4646; baseline 0.004 -21"><span class='ocrx_word' id='word_1_702' title='bbox 2697 4567 2798 4625; x_wconf 89' lang='lat' dir='ltr'><strong>tos</strong></span> <span class='ocrx_word' id='word_1_703' title='bbox 2842 4558 3056 4637; x_wconf 87' lang='lat' dir='ltr'><strong>habet,</strong></span> <span class='ocrx_word' id='word_1_704' title='bbox 3113 4579 3190 4625; x_wconf 90' lang='lat' dir='ltr'><strong>ac</strong></span> <span class='ocrx_word' id='word_1_705' title='bbox 3232 4560 3581 4644; x_wconf 87' lang='lat' dir='ltr'><strong>praecipue</strong></span> <span class='ocrx_word' id='word_1_706' title='bbox 3630 4558 3980 4627; x_wconf 70' lang='lat' dir='ltr'><strong>OEiranum</strong></span> <span class='ocrx_word' id='word_1_707' title='bbox 4014 4563 4198 4646; x_wconf 88' lang='lat' dir='ltr'><strong>prius</strong></span> <span class='ocrx_word' id='word_1_708' title='bbox 4242 4564 4643 4633; x_wconf 88' lang='lat' dir='ltr'><strong>absolutum:</strong></span> 
     </span>
     <span class='ocr_line' id='line_1_105' title="bbox 2693 4646 4647 4730; baseline 0.005 -21"><span class='ocrx_word' id='word_1_709' title='bbox 2693 4664 2925 4711; x_wconf 89' lang='lat' dir='ltr'><strong>rursus</strong></span> <span class='ocrx_word' id='word_1_710' title='bbox 2968 4646 3188 4711; x_wconf 91' lang='lat' dir='ltr'><strong>nescio</strong></span> <span class='ocrx_word' id='word_1_711' title='bbox 3232 4666 3319 4711; x_wconf 91' lang='lat' dir='ltr'><strong>an</strong></span> <span class='ocrx_word' id='word_1_712' title='bbox 3362 4646 3535 4729; x_wconf 90' lang='lat' dir='ltr'><strong>apud</strong></span> <span class='ocrx_word' id='word_1_713' title='bbox 3569 4666 3793 4730; x_wconf 87' lang='lat' dir='ltr'><strong>regem</strong></span> <span class='ocrx_word' id='word_1_714' title='bbox 3828 4657 4219 4730; x_wconf 89' lang='lat' dir='ltr'><strong>procurante</strong></span> <span class='ocrx_word' id='word_1_715' title='bbox 4255 4670 4403 4717; x_wconf 87' lang='lat' dir='ltr'><strong>raso</strong></span> <span class='ocrx_word' id='word_1_716' title='bbox 4442 4653 4647 4718; x_wconf 81' lang='lat' dir='ltr'><strong>frater</strong></span> 
     </span>
     <span class='ocr_line' id='line_1_106' title="bbox 2692 4730 4649 4816; baseline 0.004 -21"><span class='ocrx_word' id='word_1_717' title='bbox 2692 4730 2903 4810; x_wconf 89' lang='lat' dir='ltr'><strong>illius,</strong></span> <span class='ocrx_word' id='word_1_718' title='bbox 2962 4751 3084 4814; x_wconf 87' lang='lat' dir='ltr'><strong>per</strong></span> <span class='ocrx_word' id='word_1_719' title='bbox 3135 4752 3333 4814; x_wconf 88' lang='lat' dir='ltr'><strong>quem</strong></span> <span class='ocrx_word' id='word_1_720' title='bbox 3389 4732 3575 4815; x_wconf 90' lang='lat' dir='ltr'><strong>prius</strong></span> <span class='ocrx_word' id='word_1_721' title='bbox 3627 4732 3846 4797; x_wconf 89' lang='lat' dir='ltr'><strong>fuerat</strong></span> <span class='ocrx_word' id='word_1_722' title='bbox 3891 4754 3968 4799; x_wconf 91' lang='lat' dir='ltr'><strong>ca</strong></span> <span class='ocrx_word' id='word_1_723' title='bbox 4017 4742 4138 4801; x_wconf 86' lang='lat' dir='ltr'><strong>tus.</strong></span> <span class='ocrx_word' id='word_1_724' title='bbox 4228 4737 4513 4816; x_wconf 77' lang='lat' dir='ltr'><strong>Audisti,</strong></span> <span class='ocrx_word' id='word_1_725' title='bbox 4570 4746 4649 4805; x_wconf 89' lang='lat' dir='ltr'><strong>ut</strong></span> 
     </span>
     <span class='ocr_line' id='line_1_107' title="bbox 2691 4815 4646 4902; baseline 0.006 -21"><span class='ocrx_word' id='word_1_726' title='bbox 2691 4817 2942 4902; x_wconf 90' lang='lat' dir='ltr'><strong>opinor,</strong></span> <span class='ocrx_word' id='word_1_727' title='bbox 2986 4837 3115 4900; x_wconf 88' lang='lat' dir='ltr'><strong>quo</strong></span> <span class='ocrx_word' id='word_1_728' title='bbox 3158 4815 3352 4883; x_wconf 92' lang='lat' dir='ltr'><strong>modo</strong></span> <span class='ocrx_word' id='word_1_729' title='bbox 3396 4816 3660 4883; x_wconf 83' lang='lat' dir='ltr'><strong>tandem</strong></span> <span class='ocrx_word' id='word_1_730' title='bbox 3705 4817 3811 4884; x_wconf 82' lang='lat' dir='ltr'><strong>M·</strong></span> <span class='ocrx_word' id='word_1_731' title='bbox 3982 4820 4086 4885; x_wconf 79' lang='lat' dir='ltr'><strong>ius</strong></span> <span class='ocrx_word' id='word_1_732' title='bbox 4125 4822 4328 4888; x_wconf 87' lang='lat' dir='ltr'><strong>fuerit</strong></span> <span class='ocrx_word' id='word_1_733' title='bbox 4367 4826 4646 4891; x_wconf 86' lang='lat' dir='ltr'><strong>suffoca·</strong></span> 
     </span>
     <span class='ocr_line' id='line_1_108' title="bbox 2693 4902 4645 4992; baseline 0.006 -25"><span class='ocrx_word' id='word_1_734' title='bbox 2693 4911 2819 4968; x_wconf 89' lang='lat' dir='ltr'><strong>tus.</strong></span> <span class='ocrx_word' id='word_1_735' title='bbox 2906 4903 3220 4968; x_wconf 85' lang='lat' dir='ltr'><strong>Lutetiae</strong></span> <span class='ocrx_word' id='word_1_736' title='bbox 3263 4902 3641 4969; x_wconf 89' lang='lat' dir='ltr'><strong>detinentur</strong></span> <span class='ocrx_word' id='word_1_737' title='bbox 3684 4902 3938 4988; x_wconf 86' lang='lat' dir='ltr'><strong>aliquot</strong></span> <span class='ocrx_word' id='word_1_738' title='bbox 3993 4905 4426 4992; x_wconf 83' lang='lat' dir='ltr'><strong>Sedanenses,</strong></span> <span class='ocrx_word' id='word_1_739' title='bbox 4469 4910 4645 4978; x_wconf 88' lang='lat' dir='ltr'><strong>unde</strong></span> 
     </span>
     <span class='ocr_line' id='line_1_109' title="bbox 2693 4986 4646 5075; baseline 0.005 -21"><span class='ocrx_word' id='word_1_740' title='bbox 2693 4995 2797 5054; x_wconf 87' lang='lat' dir='ltr'><strong>est</strong></span> <span class='ocrx_word' id='word_1_741' title='bbox 2839 4987 3132 5067; x_wconf 75' lang='lat' dir='ltr'><strong>Iacobus,</strong></span> <span class='ocrx_word' id='word_1_742' title='bbox 3190 4989 3304 5071; x_wconf 90' lang='lat' dir='ltr'><strong>qui</strong></span> <span class='ocrx_word' id='word_1_743' title='bbox 3348 4986 3642 5055; x_wconf 88' lang='lat' dir='ltr'><strong>damnati</strong></span> <span class='ocrx_word' id='word_1_744' title='bbox 3687 4999 3843 5055; x_wconf 90' lang='lat' dir='ltr'><strong>sunt</strong></span> <span class='ocrx_word' id='word_1_745' title='bbox 3881 4991 4041 5075; x_wconf 88' lang='lat' dir='ltr'><strong>igni.</strong></span> <span class='ocrx_word' id='word_1_746' title='bbox 4131 4995 4401 5061; x_wconf 91' lang='lat' dir='ltr'><strong>Pridem</strong></span> <span class='ocrx_word' id='word_1_747' title='bbox 4443 4997 4646 5063; x_wconf 87' lang='lat' dir='ltr'><strong>miser</strong></span> 
     </span>
    </p>
   </div>
   <div class='ocr_carea' id='block_1_15' title="bbox 2877 5146 3104 5154">
    <p class='ocr_par' dir='ltr' id='par_1_19' title="bbox 2877 5146 3104 5154">
     <span class='ocr_line' id='line_1_110' title="bbox 2877 5146 3104 5154; baseline 0.009 -2"><span class='ocrx_word' id='word_1_748' title='bbox 2877 5147 2926 5152; x_wconf 83' lang='lat'><strong>-—</strong></span> <span class='ocrx_word' id='word_1_749' title='bbox 2959 5146 3104 5154; x_wconf 66' lang='lat'><strong>--—-</strong></span> 
     </span>
    </p>
   </div>
   <div class='ocr_carea' id='block_1_16' title="bbox 2700 5242 4645 5455">
    <p class='ocr_par' dir='ltr' id='par_1_20' title="bbox 2700 5242 4645 5455">
     <span class='ocr_line' id='line_1_111' title="bbox 2734 5242 4645 5325; baseline 0.003 -22"><span class='ocrx_word' id='word_1_750' title='bbox 2734 5242 2864 5305; x_wconf 74' lang='lat'><strong>215.</strong></span> <span class='ocrx_word' id='word_1_751' title='bbox 2905 5243 2958 5309; x_wconf 91' lang='lat'><strong>1)</strong></span> <span class='ocrx_word' id='word_1_752' title='bbox 2992 5243 3158 5299; x_wconf 65' lang='lat' dir='ltr'><strong>Hier.</strong></span> <span class='ocrx_word' id='word_1_753' title='bbox 3212 5242 3520 5325; x_wconf 58' lang='grc' dir='ltr'><strong>τζεηαωεκ,</strong></span> <span class='ocrx_word' id='word_1_754' title='bbox 3582 5260 3614 5300; x_wconf 75' lang='lat'><em>0</em></span> <span class='ocrx_word' id='word_1_755' title='bbox 3656 5249 3811 5301; x_wconf 63' lang='lat' dir='ltr'><strong>eom</strong></span> <span class='ocrx_word' id='word_1_756' title='bbox 3856 5247 4268 5305; x_wconf 54' lang='lat' dir='ltr'><strong>Iacobum-⁸.</strong></span> <span class='ocrx_word' id='word_1_757' title='bbox 4348 5249 4503 5308; x_wconf 62' lang='lat' dir='ltr'><strong>Heu.</strong></span> <span class='ocrx_word' id='word_1_758' title='bbox 4545 5251 4645 5309; x_wconf 70' lang='lat' dir='ltr'><strong>aa·</strong></span> 
     </span>
     <span class='ocr_line' id='line_1_112' title="bbox 2700 5311 4242 5455; baseline 0.003 -18"><span class='ocrx_word' id='word_1_759' title='bbox 2700 5311 2964 5449; x_wconf 52' lang='grc' dir='ltr'><strong>ωε,</strong></span> <span class='ocrx_word' id='word_1_760' title='bbox 2993 5312 3916 5452; x_wconf 46' lang='lat' dir='ltr'><strong>asam</strong></span> <span class='ocrx_word' id='word_1_761' title='bbox 3618 5313 3762 5397; x_wconf 76' lang='lat'><strong>²⁶-·-</strong></span> <span class='ocrx_word' id='word_1_762' title='bbox 3945 5383 4242 5455; x_wconf 55' lang='lat' dir='ltr'><strong>m...</strong></span> 
     </span>
    </p>
   </div>
  </div>
 </body>
</html>
