5050 6167
373 455 494 517 641

370 643 476 711 vir
516 641 778 725 penit-us
830 640 1192 707 exhaustus
1235 650 1365 721 est,
1423 646 1493 705 et
1539 660 1670 723 quo
1714 660 1786 706 se
1827 648 2047 707 vertat
2099 639 2324 706 nesoit.

372 728 593 812 Quam
636 726 800 792 mihi
841 728 1063 811 gravis
1104 748 1272 794 orux
1310 726 1620 810 imposita
1658 732 1761 792 est
1802 726 1925 792 hoe
1967 746 2327 810 pauperum

373 812 761 900 spectaculo.
805 812 1136 880 Dominus
1167 835 1280 879 eos
1322 812 1709 881 consoletur.
1755 813 1902 897 Ego
1936 813 2032 878 ita
2065 833 2330 896 premor

371 909 446 966 ut
487 921 572 965 ne
615 899 986 965 teruncium
1027 899 1288 984 quidem
1333 899 1651 982 supersit,
1697 908 1763 964 et
1806 897 1993 963 nulla
2031 897 2198 963 mihi
2241 899 2328 964 sit

372 1004 650 1053 annona.
740 986 832 1049 At
897 983 1226 1051 Dominus
1302 984 1530 1051 aderit.
1634 983 1805 1050 Mihi
1872 992 2094 1049 tamen
2153 982 2325 1050 dolet

371 1069 546 1157 quod
612 1070 758 1137 aliis
819 1091 940 1154 pro
995 1078 1147 1137 voto
1213 1069 1437 1137 adesse
1495 1078 1794 1155 negatur.
1885 1066 2200 1136 Salutant
2258 1080 2325 1134 te

371 1156 582 1223 nostri
624 1177 870 1224 omnes.
917 1155 1155 1224 Saluta
1196 1159 1437 1223 amieos
1441 1207 1895 1224 ........
1922 1156 1979 1222 b.
2009 1159 2090 1233 ¹⁵)
2142 1160 2322 1222 1543.

1515 1295 1701 1360 Tuus
1743 1295 1821 1361 P.
1865 1295 2154 1359 Viretus.

1282 1771 1428 1845 513.

860 1927 1358 1998 FARELLUS
1403 1926 1839 1995 CALVINO.

549 2124 864 2190 θοηευαιη
937 2141 1062 2187 non
1127 2120 1294 2186 vetit
1344 2118 1626 2183 muneris
1678 2117 1908 2200 officiis
1978 2115 2332 2197 inmeditate.

375 2204 1799 2294 QuoeoTossanowdiitpauciseafflonit.
1893 2201 2333 2284 Neyotiapri-

369 2287 2334 2378 mmmdatkdmffibuehuiusamdimim‘mo

358 2402 718 2467 perspwua.

375 2572 485 2639 (Ex
532 2569 871 2640 autographo
918 2567 1058 2622 Bibl.
1093 2563 1884 2696 mmuljtitgepmensium.
1955 2562 2095 2632 Bpp.
2133 2562 2333 2616 Farelli

543 2827 802 2927 Insigni
860 2846 1056 2891 servo
1112 2822 1368 2891 Christi
1417 2823 1510 2888 10.
1558 2820 1835 2888 Calvino
1893 2819 2139 2902 pastori
2195 2818 2332 2885 Ge·-

370 2934 646 2982 novflm
1738 2938 2073 3005 Genevae.

546 3082 615 3151 S.
686 3081 862 3165 Quid
918 3102 1026 3146 me
1069 3078 1440 3164 impedierit
1492 3098 1576 3143 ne
1633 3077 1853 3143 isthue
1911 3074 1994 3142 ad
2037 3084 2104 3141 te
2149 3076 2332 3141 veni-

371 3188 543 3251 rem,
605 3190 810 3252 quum
868 3169 964 3233 ita
1019 3167 1428 3243 statuissem,
1489 3164 1684 3249 plane
1728 3162 1964 3228 neseio,
2052 3162 2182 3226 Est
2223 3160 2333 3225 bie

372 3255 523 3341 plus
587 3255 749 3321 satis
816 3251 987 3339 quod
1055 3272 1264 3337 agam.
1357 3248 1629 3317 Utinam
1709 3257 1964 3333 partem
2048 3247 2333 3331 aliquam

372 3341 569 3408 officii
641 3351 1060 3425 praestarem.
1151 3335 1496 3402 Condonet
1558 3335 1890 3401 Dominus
1956 3331 2127 3417 quod
2194 3338 2333 3396 tam

372 3427 787 3513 negligenter
820 3445 967 3490 meo
1003 3422 1244 3515 fungar
1265 3441 1557 3487 munere.
1603 3420 2094 3502 Nonnunquam
2116 3416 2336 3501 aliqua

373 3535 406 3580 s
491 3533 525 3578 s
590 3513 778 3577 nobis
843 3509 1158 3593 affulgere
1223 3507 1512 3587 videtur,
1587 3504 1844 3591 plebem
1909 3504 2080 3569 hane
2145 3503 2335 3587 plene

431 3597 627 3664 hristi
669 3599 898 3682 iugum
941 3595 1407 3672 admissuram,
1454 3591 1569 3659 sed
1614 3592 1840 3657 statim
1882 3590 2175 3657 oboritur
2217 3589 2337 3654 ali-

374 3684 532 3769 quid
575 3683 746 3768 quod
789 3701 1211 3767 progressum
1254 3678 1541 3763 impedit.
1589 3678 1831 3742 Dirum
1872 3684 1973 3741 est
2008 3694 2337 3741 venenum

377 3768 819 3853 perditissima
885 3767 1193 3846 avaritia,
1253 3786 1417 3849 quae
1477 3763 1637 3828 adeo
1705 3761 1923 3845 perdit
1987 3760 2210 3825 omnia
2265 3767 2339 3825 ut

377 3856 495 3920 vix
536 3855 871 3953 integrum
916 3850 1166 3935 aliquid
1207 3858 1426 3916 restet.
1487 3848 1717 3915 Crevit
1762 3843 1952 3912 valde
1996 3846 2336 3931 sacrilegio

380 3941 786 4006 substantiae
840 3938 1310 4004 ecclesiastieae
1336 3934 1384 4021 ¹)
1444 3936 1548 4000 eui
1602 3930 1850 3998 mederi
1907 3930 2082 3997 solus
2123 3938 2339 4014 potest

377 4022 727 4091 Dominus.
821 4024 1143 4090 Tossanue
1185 4020 1415 4086 laetior
1459 4028 1560 4087 est
1604 4021 1811 4085 faetus
1855 4025 2012 4082 tuus
2056 4017 2264 4082 literis
2279 4017 2339 4166 ²3

381 4120 448 4178 et
486 4111 675 4177 nobis
729 4130 985 4195 quoque
1036 4109 1282 4193 gratias
1338 4107 1504 4191 agit:
1566 4104 1680 4171 sed
1736 4103 1911 4169 dolet
1965 4102 2108 4167 viro
2165 4122 2293 4184 quo

380 4205 603 4264 aetum
638 4196 761 4263 fuit
793 4195 864 4260 in
902 4215 1098 4260 eausa
1123 4192 1381 4258 Corte-sii
1416 4199 1485 4257 et
1508 4190 1857 4258 Michaelis,
1906 4188 1968 4254 N
1971 4210 2043 4254 ee
2078 4187 2337 4269 iniuria,

381 4292 459 4350 ut
497 4284 661 4350 satis
701 4279 1044 4365 intelligis:
1091 4300 1221 4343 non
1267 4278 1445 4342 enim
1489 4298 1609 4361 pro
1654 4276 1760 4343 his
1803 4276 1895 4341 ita
1937 4295 2087 4339 eum
2133 4273 2340 4339 classe

380 4369 712 4455 agendum
772 4375 931 4434 erat.
1020 4365 1294 4430 Fratres
1360 4364 1594 4446 quibus
1667 4367 2047 4428 eoronatum
2111 4367 2340 4423 mutuo

383 4454 656 4523 dederas
699 4452 783 4518 ad
826 4472 932 4517 me
967 4452 1283 4516 miserant
1319 4448 1402 4514 ad
1438 4462 1503 4513 te
1538 4446 1964 4513 mittendum:
2010 4466 2131 4528 per
2161 4445 2343 4512 hune

382 4542 660 4624 accipies
704 4540 813 4606 oui
859 4536 1023 4603 dedi.
1085 4536 1437 4603 Caeterum
1477 4535 1679 4599 frater
1711 4534 1794 4599 ad
1817 4532 2071 4615 Regem
2118 4531 2343 4598 abiens

381 4627 572 4693 nobis
628 4624 737 4691 hie
778 4625 1062 4690 multum
1119 4622 1359 4706 negotii
1405 4619 1673 4702 reliquit
1716 4640 1836 4685 sua
1877 4617 2341 4700 imprudentia,

383 4735 519 4778 non
564 4713 705 4779 sine
748 4711 938 4795 gravi
981 4710 1233 4775 iactura
1274 4706 1567 4773 omnium
1615 4710 1928 4771 nostrum.
1995 4703 2238 4769 Multis·
2273 4722 2343 4768 se

381 4798 732 4869 involvens
775 4796 938 4862 alios
981 4796 1264 4861 intricat
1311 4793 1491 4860 Olim
1525 4813 1643 4875 per
1680 4790 2024 4867 Sonerium,
2068 4797 2144 4855 ut
2187 4809 2343 4855 eon-

391 4940 566 4948 -a-...ffl
581 4940 720 4946 ——1—

562 5020 652 5089 15)
687 5020 883 5074 charta
911 5016 1178 5072 abodoea.
1945 5082 1955 5094 ⁸
2194 5078 2206 5091 ·
2306 5079 2317 5091 ⁸

419 5090 545 5152 513.
585 5090 640 5157 1)
830 5086 1453 5144 mmmmm
1486 5084 1689 5139 simila
1723 5081 1791 5137 de
1825 5081 1983 5136 bom
2016 5080 2341 5134 acclamet·-

387 5162 467 5217 σὺ
502 5158 599 5215 div
709 5161 806 5215 itis
849 5160 970 5213 iam
1007 5173 1186 5238 upra
1225 5155 1406 5225 legisti
1451 5154 1529 5209 N.
1565 5153 1668 5207 426
1709 5158 1762 5207 et
1805 5151 1907 5205 hoc
1950 5152 2072 5221 ipso
2105 5154 2345 5215 tenpore

387 5246 565 5287 novae
618 5229 749 5284 inde
805 5228 1225 5295 disceptationes
1279 5225 1425 5278 inter
1478 5238 1570 5278 coe
1627 5227 1678 5277 et
1721 5226 1971 5276 sonatum
2005 5221 2346 5274 Bet-nomem

388 5306 554 5356 ortae.
632 5296 961 5423 ἌΝΒιὲῧλὲιέ
1001 5296 1063 5350 V.
1100 5296 1218 5348 220.
1291 5292 1625 5359 Kirchhofor
1659 5292 1752 5349 ΙΙ.
1787 5291 1871 5345 77.

602 5453 824 5512 colom
852 5466 1038 5522 opera.
1123 5450 1237 5506 Vol.
1276 5447 1387 5503 x1.

2079 453 2241 514 1543
2287 447 2709 517 NOVEMB.

4259 457 4392 519 642

2432 638 2680 704 dietum
2725 639 3152 723 Argentorati
3214 640 3457 719 fuerat,
3515 637 3725 706 Marii
3780 643 4128 724 pecuniam
4182 641 4266 709 ad
4322 649 4399 710 te

2429 724 2703 790 miserat
2747 724 3006 791 F'rebino
3046 723 3468 790 reddendam.
3543 726 3951 811 conseripsit
3990 729 4194 793 frater
4236 749 4395 812 apo-

2430 809 2625 877 oham
2686 810 2864 894 apud
2921 809 3322 891 Baptistam:
3378 831 3456 876 ea
3510 821 3734 877 manet
3798 813 4000 878 etiam
4068 812 4393 879 dissoluta

2429 896 2727 981 pecunia.
2770 896 3131 979 Cupiebam
3177 915 3262 961 ex
3304 903 3389 973 te,
3437 902 3513 961 ut
3555 897 3752 962 fidem
3794 899 4042 965 faceres
4084 907 4392 983 acceptae

2431 983 2745 1065 pecuniae
2797 991 2865 1047 et
2911 981 3171 1047 Frelino
3220 981 3505 1047 traditae
3557 991 3636 1047 ut
3687 993 4109 1067 expungatur
4164 985 4392 1050 fratris

2430 1088 2692 1146 nomen,
2737 1090 2821 1132 ne
2865 1088 2983 1133 suo
3027 1086 3208 1132 more
3252 1088 3513 1150 semper
3554 1068 3895 1135 involutus
3937 1077 4220 1134 maneat.
4312 1068 4390 1136 Si

2429 1153 2555 1218 hoo
2599 1154 2933 1218 curaveris
2976 1173 3107 1217 non
3150 1153 3349 1219 facies
3393 1172 3532 1217 rem
3578 1154 3817 1217 malam
3856 1155 4049 1219 fratri
4090 1162 4160 1221 et
4192 1154 4394 1220 huius

2430 1239 2671 1304 liberis.
2747 1239 3067 1304 Tossanus
3110 1237 3352 1316 scribit,
3394 1239 3641 1304 famam
3684 1260 3828 1305 esse
3868 1241 4173 1306 eomitem
4225 1240 4392 1306 6*αό-

2429 1325 2709 1390 lielmum
2750 1323 3294 1407 Lutnenburgum
3338 1334 3560 1407 petere
3593 1324 3862 1391 eolleeto
3904 1325 4196 1411 milite.⁸)
4244 1325 4391 1391 Iam

2431 1410 2711 1476 vicinior
2746 1409 3382 1488 Mediomatrieibus,
3448 1410 3575 1475 nisi
3631 1431 3747 1493 per
3788 1412 4221 1493 potentiorem
4268 1411 4394 1476 im-

2432 1495 2756 1579 pediatur,
2800 1496 3046 1577 poterit
3089 1493 3347 1576 adesse,
3395 1504 3469 1560 ut
3511 1496 3677 1560 ratio
3724 1495 4046 1561 habeatur
4086 1503 4223 1560 tam
4267 1498 4394 1560 im-

2433 1581 2819 1665 pudentium
2865 1580 3339 1647 oalumniarum
3389 1579 3619 1657 Caroli.
3696 1580 3772 1647 Si
3818 1582 4036 1648 visum
4080 1582 4293 1647 fuerit·
4317 1587 4396 1647 ut

2434 1666 2870 1733 admoneatur
2912 1665 3021 1729 vel
3067 1666 3276 1732 literis
3320 1666 3463 1731 viro
3505 1667 3721 1733 missis
3764 1667 3870 1732 vel
3916 1667 4046 1732 alia
4080 1668 4190 1732 via
4222 1666 4394 1732 indi-

2431 1760 2579 1819 eato
2636 1760 2706 1817 et
2759 1752 2928 1817 vale.
3017 1751 3108 1815 Et
3164 1752 3223 1817 si
3276 1752 3434 1834 quid
3488 1763 3588 1818 est
3641 1751 3814 1835 quod
3872 1770 3978 1817 me
4035 1753 4233 1832 velis,
4291 1753 4394 1819 fao

2432 1839 2728 1903 resciam.
2819 1837 3014 1902 Adsit
3070 1837 3189 1902 tibi
3232 1836 3540 1903 Christus
3597 1845 3666 1903 et
3721 1839 3851 1903 tuis
3894 1837 4221 1916 omnibus,
4266 1837 4396 1921 piis

2433 1942 2712 2007 quoque,
2756 1930 2898 1987 tum
2943 1924 3358 2008 symmystis,
3405 1934 3544 1988 tum
3592 1922 3755 1988 aliis.
3819 1924 4133 1990 Neoeomi
4179 1927 4217 1987 6
4259 1923 4399 1989 No-

2435 2009 2730 2075 vembris
2773 2014 2887 2072 154
2897 2013 2951 2072 3.

3479 2093 3782 2159 Farellus
3826 2101 3983 2160 tuus
4025 2103 4222 2160 totus.

3216 2388 3367 2396 -...-.-..
3382 2390 3415 2395 --
3448 2388 3591 2395 mu-

3351 2621 3497 2693 514.

2937 2775 3410 2845 CALVINUS
3453 2774 3917 2843 FARELLO.

2614 2965 2703 3031 In
2754 2965 2961 3032 labore
3014 2982 3057 3031 α
3114 2962 3358 3031 Bucero
3422 2964 3547 3030 sibi
3612 2965 3898 3047 imposito
3954 2965 4086 3031 iam
4140 2964 4406 3030 desudat

2437 3053 2549 3117 sed
2590 3053 2828 3117 invitus
2871 3056 2928 3117 et
2968 3050 3101 3133 fere
3157 3051 3358 3116 taedio
3401 3050 3633 3116 cedens,
3727 3050 4023 3115 Amicum
4065 3054 4135 3114 ut
4174 3050 4399 3149 veniat,

2437 3139 2772 3221 inspiciat,
2826 3137 3137 3217 consulat,
3197 3157 3280 3218 ap
3323 3136 3513 3217 robet,
3571 3135 3753 3201 enixe
3795 3141 3988 3220 royat,
4047 3134 4211 3216 quod
4266 3137 4397 3201 nist

2432 3224 2649 3306 fecerit
2689 3225 2824 3289 iam
2862 3224 2939 3289 de
2973 3158 3335 3288 absolvendss
3377 3223 3680 3303 desperat.
3774 3228 3787 3241 ⁴

2442 3415 2555 3480 (Ex
2591 3411 2930 3482 autographo
2966 3414 3247 3465 asservato
3281 3411 3337 3463 in
3375 3408 3694 3463 eollectione
3730 3406 3801 3462 V.
3821 3407 3961 3461 Clar.
3987 3404 4192 3460 Halmii
4228 3407 4400 3462 direo-

2438 3486 2580 3537 toris
2606 3483 2747 3535 Bibl.
2771 3481 3124 3545 Monaoensis,
3162 3478 3312 3533 ouius
3347 3478 3695 3548 apographon
3715 3475 4102 3528 humanissime
4120 3477 4401 3531 nobiseum

2556 3550 2971 3605 communicavit
3004 3549 3072 3603 A.
3106 3548 3455 3602 Guteneeker
3489 3545 3729 3600 eiusdem
3764 3545 3898 3597 bibl.
3935 3544 4285 3614 praefeotus.)

2441 3740 2861 3807 Fidelissimo
2920 3735 3172 3803 Christi
3238 3756 3430 3800 servo
3486 3732 3571 3799 G.
3618 3732 3881 3799 Farello
3939 3732 4404 3800 Neoeomensis

2701 3824 3013 3891 eeclesiae
3057 3820 3306 3906 pastori
3347 3820 3535 3885 frat-ri
3577 3819 3741 3882 mihi
3787 3819 4141 3883 carissimo.

2612 3960 2922 4026 Hortaris
2967 3980 3073 4024 me
3116 3957 3468 4041 diligenter
3523 3962 3597 4018 ut
3641 3974 3836 4037 quem
3879 3952 4066 4018 nobis
4108 3952 4401 4020 laborem

2444 4046 2735 4113 Buoems
2798 4046 3090 4129 iniungit
3151 4043 3518 4125 suscipiam.
3547 4046 3594 4115 ¹)
3681 4039 3828 4104 Iam
3883 4039 4099 4122 inoepi
4156 4049 4224 4104 et
4278 4040 4400 4105 ali-

2443 4137 2827 4216 quamque*
2850 4150 3233 4215 progressus
3256 4146 3433 4194 sum:
3479 4125 3613 4205 sed,
3650 4121 4048 4202 mihicrede,
4093 4143 4229 4187 non
4252 4126 4397 4191 sine

2442 4239 2687 4303 magna
2740 4215 3127 4283 difficultate
3185 4233 3404 4297 perge.
3485 4210 3701 4294 Saepe
3755 4209 4005 4287 resisto,
4066 4209 4405 4275 interdum

2444 4306 2643 4370 etiam
2687 4324 2851 4386 opus
2892 4302 3081 4385 quasi
3124 4299 3540 4382 desperatum
3598 4305 3867 4379 paratus
3911 4314 4057 4359 sum
4103 4294 4405 4362 abiioere.

2443 4389 2525 4454 Id
2579 4388 2739 4453 inde
2789 4386 3028 4454 aeeidit
3083 4385 3252 4470 quod
3307 4384 3566 4449 animus
3622 4381 3706 4447 ad
3757 4381 3879 4447 hoe
3923 4401 4131 4463 genus
4172 4381 4409 4464 scripti

2449 4565 2695 4572 —v—--q—
2774 4564 2853 4569 '⁴-

2654 4664 2712 4721 3)
2751 4659 2998 4717 meddam.
3035 4658 3124 4712 Π.
3161 4655 3262 4710 351
3316 4659 3549 4735 mat·
3577 4653 3867 4708 Gaesarem
3918 4670 3973 4706 α.
4014 4652 4180 4734 1544.
4205 4652 4407 4708 Metina

2439 4730 2759 4870 ἔὲξὶᾜ
2796 4727 3150 4879 ffiffl't?
3164 4727 3365 4864 ...Ἥ
3394 4721 4405 4855 ἔωἭΜὝὝῖ.

2446 4870 2937 4991 Βωιιὲἀῖἒιιὲςιοιιε,
2969 4865 3265 4987 ῗζυξὶείξηιιε
3292 4858 4407 4997 FumtemmnggsffiSffiteQ‘s:

2447 4957 2555 5019 pro·
2608 4956 2634 4991 s
2695 4955 2729 4990 n
2781 4953 2869 4988 um
2918 4950 3193 5004 rengnoms
3239 4948 3441 4987 omnes.

2445 5007 2829 5130 m
2850 5002 3028 5127 law
3056 5071 3278 5126 militem
3321 5085 3491 5138 propo

2443 5143 3154 5292 ‘zis‘issp‘i'ifrffimnm
3195 5224 3278 5276 op.
3315 5206 3394 5295 N:
3429 5206 3530 5259 511
3579 5210 3633 5259 a
3682 5201 3929 5267 szm.
3964 5197 4042 5253 aa
4087 5198 4413 5277 sapum

2443 5282 2878 5407 W
2908 5280 2989 5335 ad
3024 5279 3313 5334 Gamo-on
3358 5278 3503 5329 lom.
3544 5275 3637 5328 VI.
3674 5291 3729 5341 p.
3752 5272 3837 5334 28,
3870 5272 3989 5322 tun·
4021 5270 4187 5321 mam
4213 5269 4276 5322 N.
4297 5268 4415 5325 512

3079 5016 3300 5056 rumore
3350 5000 3524 5055 antici
3562 4998 3682 5052 avit
3725 5001 3825 5050 aut
3870 5010 4062 5050 revera
4099 4994 4409 5051 Guadmus

3595 5067 3722 5121 etim
3755 5064 4043 5133 coaequat
4066 5063 4217 5116 mide
4249 5082 4407 5120 vana

3916 5420 3981 5472 41
