5050 6167
394 420 508 480 505

392 602 658 678 minum,
705 622 980 684 quorum
1025 600 1365 679 adulteria,
1420 603 1689 680 incesta,
1748 603 2175 687 corruptelae,
2229 624 2338 668 su-

391 686 669 772 perbiae,
717 687 1107 767 dominatus,
1150 688 1481 765 saevitiae,
1541 687 1931 771 cupiditates
1975 688 2338 772 inexplebi-

391 774 499 851 les,
537 783 604 838 et
637 774 932 838 maxima
967 794 1102 839 non
1137 774 1485 840 christiani
1518 774 1725 839 animi
1759 774 2000 842 indicia
2035 795 2338 859 perspec-

392 859 639 924 tissima
682 869 854 925 sunt.
944 861 1091 944 Ego
1136 860 1398 943 quidem
1451 881 1584 926 non
1636 859 1843 937 vide0,
1901 862 1958 927 si
2010 862 2339 945 pontificis

392 956 455 1011 et
495 945 946 1029 episcoporum
987 945 1234 1012 iudicio
1273 945 1582 1012 standum
1626 947 1742 1026 sit,
1787 947 1949 1012 alios
1993 967 2113 1012 nos
2151 946 2337 1011 habi·

391 1041 569 1096 turos
604 1032 965 1097 sanctiores
993 1033 1074 1114 ¹²)
1116 1053 1312 1114 quam
1346 1053 1458 1097 eas
1492 1034 1685 1116 ipsas,
1731 1052 1897 1115 quas
1938 1033 2037 1097 illi
2081 1053 2339 1116 semper

390 1117 849 1201 probaverunt,
906 1139 989 1182 ex
1042 1119 1281 1201 quibus
1324 1138 1648 1184 summam
1692 1117 2080 1202 dignitatem
2125 1127 2193 1182 et
2234 1120 2336 1184 in-

391 1202 766 1268 credibilem
821 1224 1110 1282 censum,
1172 1218 1367 1286 atque
1419 1203 1579 1268 adeo
1632 1225 1763 1269 non
1821 1203 2013 1269 modo
2067 1205 2141 1268 in
2198 1223 2336 1281 nos,

391 1287 504 1353 sed
566 1289 640 1352 in
704 1289 1020 1355 Caesares
1084 1301 1150 1354 et
1226 1310 1415 1373 reges
1479 1290 1934 1373 principesque
1995 1292 2338 1355 universos

389 1394 718 1439 summum
761 1376 1129 1459 imperium,
1172 1377 1304 1440 imo
1349 1396 1504 1440 vero
1549 1375 1966 1461 tyrannidem
2011 1375 2339 1457 iniquissi-

389 1480 564 1524 mam
600 1460 724 1525 sibi
758 1462 1262 1526 constituerunt.
1319 1461 1576 1526 Horum
1614 1481 1956 1526 commune
1991 1461 2339 1527 consilium

389 1558 486 1610 est
529 1557 607 1610 ut
647 1566 768 1629 pro
808 1547 914 1613 his
959 1557 1270 1629 tanquam
1328 1567 1449 1627 pro
1502 1549 1634 1611 aris
1687 1560 1753 1612 et
1805 1549 1966 1612 focis
2022 1556 2336 1630 pugnent.

389 1630 719 1706 Veterem,
757 1633 960 1711 aiunt,
990 1631 1529 1698 consuetudinem
1557 1633 1979 1698 conciliorum
1999 1643 2068 1697 et
2090 1653 2337 1697 morem

389 1716 919 1800 antiquissimum
961 1739 1090 1783 non
1135 1739 1280 1783 esse
1330 1718 1844 1783 immutandum:
1905 1738 2115 1800 neque
2171 1717 2337 1783 Cae-

388 1823 604 1867 sarem
648 1823 857 1886 neque
904 1827 1089 1887 reges
1130 1825 1320 1887 posse
1356 1824 1466 1869 eos
1501 1804 1907 1887 adstringere
1945 1805 2139 1869 novis
2175 1803 2337 1888 legi-

387 1886 526 1953 bus.
631 1888 710 1953 Id
766 1889 825 1954 si
880 1889 1090 1969 detur,
1158 1899 1407 1972 negant
1469 1891 1537 1953 in
1604 1891 1897 1955 conciliis
1949 1899 2337 1973 potestatem

387 1975 684 2058 suffragii
728 1974 874 2040 aliis
918 1998 1060 2040 esse
1105 1995 1297 2058 quam
1343 1976 1482 2041 sibi.
1578 1975 1946 2052 Disserant,
2010 1976 2335 2057 inquiunt,

386 2071 706 2142 quantum
754 2060 974 2126 velint.
1064 2061 1241 2127 Sunt
1296 2060 1483 2127 nobis
1524 2061 1800 2144 opinioei
1843 2070 1910 2126 et
1951 2062 2337 2127 contentiosi

385 2144 707 2212 homines.
794 2146 926 2214 Ubi
970 2148 1084 2212 diu
1127 2148 1324 2212 fuerit
1371 2157 1837 2225 concertatum,
1882 2147 2334 2229 episcoporum

383 2232 625 2297 iudicio
668 2232 976 2298 standum
1019 2244 1136 2298 est.
1225 2233 1354 2297 His
1397 2232 1593 2299 rebus
1639 2232 1795 2297 elati
1850 2242 2046 2316 atque
2101 2232 2333 2310 inflati,

384 2317 478 2382 ita
525 2317 606 2383 de
651 2319 926 2384 concilio
969 2327 1272 2385 statuunt
1327 2328 1522 2401 atque
1577 2319 1955 2396 decernunt,
2013 2319 2200 2400 quasi
2255 2317 2338 2384 de

382 2412 577 2485 parta
617 2404 751 2468 iam
795 2405 1262 2487 explorataque
1311 2405 1602 2471 victoria.
1690 2405 2100 2470 Existimant
2140 2405 2336 2482 enim,

381 2509 497 2554 nos
543 2491 872 2555 confessos
902 2491 1490 2573 predamnatosque
1519 2493 1598 2570 ¹⁸)
1632 2510 1858 2555 eorum
1883 2490 2226 2556 sententiis
2253 2489 2337 2554 ad

379 2574 702 2640 iudicium
744 2577 991 2653 venire,
1038 2578 1108 2641 in
1153 2596 1282 2659 quo
1327 2597 1409 2640 ex
1454 2575 1616 2642 urbe
1662 2597 1865 2658 usque
1908 2596 2108 2658 quam
2161 2585 2337 2641 attu-

379 2659 606 2725 lerunt
649 2658 986 2726 declarant
1025 2663 1097 2726 in
1140 2683 1257 2727 vos
1293 2662 1716 2729 voluntatem.

558 2744 739 2826 Quid
773 2746 974 2831 ergo?
1013 2746 1260 2813 dicetis.
1341 2747 1422 2812 In
1459 2748 1804 2814 concilium
1848 2768 1980 2812 non
2017 2759 2115 2812 est
2153 2749 2334 2812 veni-

381 2829 647 2896 endum.
728 2832 927 2898 Modo
962 2834 1176 2899 'Purca
1208 2835 1502 2915 quiescat
1535 2843 1603 2898 et
1635 2853 1785 2915 spes
1817 2834 1997 2916 pacis
2032 2835 2104 2896 in
2139 2853 2334 2916 quam

379 2920 687 2985 venimus
731 2940 851 2984 nos
893 2939 1026 2985 non
1072 2919 1270 2984 fallat.
1303 2919 1384 3004 ¹⁴)
1451 2920 1647 2985 Prius
1696 2929 1921 2984 tamen
1965 2918 2333 3003 diligenter,

379 3026 495 3088 pro
548 3013 770 3070 vestra
808 3005 1145 3087 sapientia,
1206 3006 1492 3090 cogitare
1534 3014 1604 3070 et
1643 3006 2011 3089 prospicere
2064 3005 2333 3084 debetis,

379 3091 541 3173 quid
585 3091 746 3156 mali
787 3101 1189 3172 quantumve
1223 3091 1493 3173 periculi
1526 3091 1769 3157 inferre
1802 3091 2012 3174 possit
2044 3097 2334 3173 potestas

379 3176 548 3243 haec
574 3179 1020 3259 episcoporum
1043 3176 1702 3258 corruptissimorum,
1740 3178 1795 3242 si
1831 3197 2057 3242 eorum
2093 3175 2333 3242 iudicio

380 3262 697 3328 standum
720 3263 825 3341 sit,
863 3282 1137 3346 quorum
1169 3282 1367 3328 causa
1387 3263 1623 3345 agitur.
1695 3263 1952 3327 Horum
1990 3261 2333 3327 hominum

379 3348 749 3428 audaciam,
792 3346 1287 3431 impudentiam,
1340 3348 1761 3431 iniquitatem
1802 3349 2097 3414 Liciniae
2149 3347 2332 3431 leges

379 3434 877 3518 antiquissimae
913 3443 979 3498 et
1013 3434 1460 3500 sanctissimae
1494 3433 1871 3499 retundunt.
1960 3433 2223 3499 Licinia
2249 3430 2330 3517 ιὅ)

379 3531 478 3586 est
519 3520 654 3600 lex,
701 3529 897 3671 atque
940 3519 1150 3585 altera
1188 3519 1491 3599 Aebutia,
1546 3538 1710 3602 quae
1753 3540 1886 3584 non
1928 3519 2122 3585 modo
2179 3539 2329 3585 eum

380 3606 488 3688 qui
510 3605 745 3672 tulerit
811 3628 846 3672 c
882 3606 1100 3689 aliqua
1134 3608 1464 3671 curatione
1500 3626 1575 3672 ac
1609 3611 1949 3688 potestate,
1988 3604 2103 3671 sed
2131 3605 2330 3670 etiam

586 3913 678 3979 12)
724 3913 925 3968 Locum
959 3912 1271 3967 mendosum
1304 3914 1418 3966 iam
1459 3910 1845 3966 &mmmmm
1877 3911 2008 3965 bene
2042 3915 2122 3967 sie
2156 3927 2329 3966 emen·

373 3981 557 4037 davit.-
593 3982 728 4035 alias
761 3998 860 4036 nos
897 3982 1177 4035 habituros
1212 3982 1544 4046 sanctiones,
1595 3981 1789 4035 collato
1824 3979 1935 4034 alio
1970 3982 2181 4034 autoris
2214 3985 2328 4035 loco

371 4066 433 4104 nn
465 4053 705 4106 Actione
738 4051 802 4105 in
831 4051 1114 4119 pontifices
1146 4067 1319 4118 supra
1353 4051 1598 4112 laudata,
1635 4050 1730 4104 ubi
1763 4051 1823 4128 usn
1834 4050 2156 4128 praemissis
2173 4051 2327 4102 testi-

372 4121 574 4173 moniis
629 4120 698 4172 ad
750 4125 965 4189 gentes,
1131 4135 1158 4172 e
1194 4120 1343 4182 dicit,
1397 4120 1583 4172 eadem
1634 4135 1854 4172 omnmo
1895 4118 2090 4186 pteram
2135 4120 2323 4172 utitur.

373 4187 515 4253 (Εά.
555 4188 863 4242 Hallbauer
895 4207 948 4254 p.
985 4187 1019 4240 2
1093 4189 1134 4252 .)
1202 4188 1517 4241 Assentitur
1552 4193 1604 4241 et
1638 4186 1922 4256 Iltqenius.

585 4257 674 4322 13)
712 4256 986 4311 confossos
1021 4257 1547 4326 praedamnatosque
1583 4255 1841 4323 (lagen).

583 4325 677 4407 14)
700 4325 1104 4406 ⁹Schelhorm'us
1171 4327 1302 4406 haec
1358 4340 1438 4378 soe
1496 4326 1739 4404 explieat·
1798 4325 2082 4379 obscurius
2151 4322 2300 4404 dieta
2313 4346 2328 4375 .-

372 4397 710 4531 νοεροηιῖιιειτιῖι
738 4395 1068 4519 gemmula
1091 4394 1983 4543 ᾝγῖξιῗὲἓὲἒῗιζθωῆἓῖἓῗιξ
2017 4393 2136 4542 egre
2165 4408 2330 4515 inte'ssff

373 4535 662 4614 rogatione
695 4534 882 4614 onznia
917 4536 1056 4587 sicut
1090 4541 1298 4612 scripta
1334 4537 1464 4585 sunt
1497 4531 1567 4585 ab
1601 4531 1926 4610 evanyeltcts
1971 4530 2121 4583 ducta
2152 4536 2327 4596 putat.

377 4599 442 4654 S·
680 4602 943 4665 viamus,
978 4600 1274 4655 Palearms
1324 4600 1518 4653 suadet
1562 4605 1623 4653 ut
1668 4615 1854 4654 ventre
1898 4606 2155 4653 recusent.
2235 4599 2330 4651 Aa

557 4672 669 4725 illi:
711 4670 1027 4751 Faciemus,
1073 4670 1236 4722 modo
1281 4669 1457 4722 'l'urca
1492 4668 1751 4737 quiescat.
1831 4668 1968 4722 Τωιι
2001 4668 2231 4738 reqorie:
2268 4666 2330 4720 Si
2389 4693 2399 4720 ι

372 4739 618 4804 veniens,
651 4739 805 4807 prius
839 4754 1149 4808 prospicere
1184 4737 1398 4791 debetis
1432 4743 1564 4792 caet.

589 4805 679 4871 15)
716 4806 874 4864 Haec
908 4811 1105 4877 (usque
1138 4806 1244 4861 ad.-
1277 4807 1512 4860 fructum
1549 4805 1837 4874 quaerere)
1875 4810 2006 4859 sunt
2038 4805 2204 4859 verba
2242 4803 2329 4858 00·-

373 4877 616 4944 eerom’s,
664 4875 732 4930 de
780 4878 829 4930 le
864 4892 892 4930 e
949 4876 1178 4945 ayo-aria
1232 4874 1329 4929 Or.
1376 4874 1463 4929 11.
1512 4890 1556 4929 c.
1591 4872 1641 4940 8,
1686 4889 1826 4944 quae
1863 4872 2158 4927 Palem-ius
2193 4873 2333 4927 alibi

374 4944 541 5025 etiam
594 4944 702 5011 (ed.
738 4893 926 5027 Haqlb.
953 4943 1144 5026 9:⁶5)
1190 4944 1461 5013 producit.
1542 4941 1680 5024 Uera
1771 4957 1836 5024 ue
1855 4942 2046 5024 ‘le-aem
2093 4947 2145 4996 et
2177 4942 2328 4996 Lici-

372 5019 754 5151 amm
650 5013 1253 5137 A‘fiimassfflmmff
1240 5013 1482 5150 ...amm
1465 5028 1683 5135 &35
1728 5026 2176 5150 mamm
2129 5026 2333 5133 ‘’w-³:-

373 5150 525 5232 doct-j
555 5151 620 5204 ἀι
652 5153 845 5206 varias
875 5158 1063 5220 partes
1096 5151 1364 5217 abierunt,
1411 5164 1514 5206 noe
1558 5155 1610 5204 te
1652 5150 1706 5204 si
1730 5150 1899 5287 {Iuga
1926 5147 2332 5230 ‘desideraveris

373 5218 453 5274 ad
498 5221 896 5275 meconidem
942 5221 1252 5289 abieqamus
1493 5218 1687 5274 laudat
1844 5233 2001 5272 enm
2054 5217 2131 5271 ad
2175 5217 2227 5271 h.
2276 5217 2330 5297 L,

375 5289 513 5342 satis
569 5288 824 5344 habes-m
877 5295 1079 5344 mn
1126 5290 1189 5343 in
1336 5291 1417 5343 ice
1448 5287 1762 5344 mendosum
1810 5291 2146 5355 (removente
2182 5302 2329 5340 omm

374 5357 711 5427 suspicione)
745 5373 813 5413 ω
850 5357 1104 5414 Cicerone
1133 5362 1487 5412 restaurasse.

2150 420 2312 481 1543
2349 414 2623 481 FEBR.

4261 426 4384 487 506

2441 602 2726 687 collegas
2788 603 2948 682 eius,
3014 609 3340 687 cognatos,
3406 604 3640 671 affines
3697 607 3971 689 excipit,
4029 628 4113 673 ne
4166 609 4261 674 eis
4314 630 4392 675 ea

2441 695 2732 772 potestas
2810 689 3147 755 curatiove
3224 689 3591 756 mandetur.
3699 692 3967 758 Etenim
4033 693 4091 757 si
4151 695 4391 778 populo

2440 774 2749 853 consulis,
2795 796 3056 841 remove
3101 785 3166 840 te
3211 796 3251 840 a
3294 776 3660 859 suspicione
3704 780 3801 842 tui
3844 778 4185 845 commodi.
4252 781 4390 847 Fac

2440 859 2660 938 fidem,
2727 869 2796 926 te
2862 860 3032 925 nihil
3084 860 3215 926 nisi
3270 861 3493 945 populi
3557 862 3908 929 utilitatem
3974 872 4043 929 et
4105 865 4391 931 fructum

2441 967 2773 1029 quaerere.
2854 946 3004 1011 Hae
3037 946 3234 1094 leges,
3278 968 3445 1029 quae
3489 948 3978 1030 antiquissimae
4023 957 4089 1014 et
4132 951 4389 1033 aequis-

2438 1033 2643 1097 simae
2687 1041 2859 1110 sunt,
2904 1044 3099 1115 peten
3148 1053 3242 1111 ae,
3288 1044 3353 1098 et
3387 1054 3647 1097 summa
3685 1036 4095 1101 contentione
4139 1058 4179 1101 a
4219 1036 4387 1103 Cae-

2441 1138 2589 1182 sare
2632 1127 2701 1182 et
2751 1118 3017 1201 regibus
3070 1118 3598 1201 principibusque
3652 1120 3991 1185 civitatum
4048 1121 4388 1200 orandum,

2441 1212 2516 1267 ut
2595 1204 2852 1269 miseris
2922 1203 3502 1288 perditissimisque
3580 1207 3981 1289 temporibus
4057 1208 4129 1271 in
4207 1217 4392 1274 tanta

2442 1289 2862 1372 corruptione
2965 1295 3414 1374 episcoporum
3500 1291 3916 1357 firmissimae
4003 1292 4385 1359 habeantur.

2443 1373 2774 1440 Sexcenta
2817 1388 2976 1440 sunt
3017 1375 3251 1457 quibus
3307 1384 3574 1440 cavetur
3616 1387 3681 1441 et
3737 1374 4124 1456 ostenditur,
4181 1381 4388 1444 nemi·

2442 1481 2595 1525 nem
2641 1462 2713 1525 in
2757 1482 2829 1526 re
2875 1483 2995 1527 sua
3049 1458 3338 1527 iudicare
3391 1482 3670 1545 aequum
3727 1484 3886 1528 esse.
3985 1461 4136 1543 Qua
4187 1466 4259 1529 in
4314 1486 4387 1531 re

2443 1546 2688 1611 imitari
2763 1548 2871 1630 (ut
2934 1546 3097 1612 alias
3160 1545 3241 1611 ad
3309 1568 3431 1612 vos
3495 1556 3597 1612 est
3658 1549 4003 1632 scriptum)
4080 1548 4389 1616 debemus

2444 1630 2799 1697 Cassianos
2820 1630 3084 1711 iudiceS,
3120 1641 3508 1714 quaerentes
3542 1633 3647 1698 cui
3680 1634 3851 1699 bono
3885 1635 3988 1698 sit.
4016 1634 4099 1718 16)
4142 1637 4388 1701 Annon

2443 1717 2742 1782 videmus
2776 1738 2972 1801 quam
3009 1715 3326 1798 grandem
3365 1719 3445 1783 iis
3479 1719 3992 1784 institutionibus
4025 1723 4387 1803 pecuniam,

2442 1823 2603 1883 quos
2646 1824 2899 1882 census,
2944 1825 3135 1886 quem
3184 1811 3548 1887 quaestum,
3600 1825 3765 1888 quae
3808 1826 4016 1889 regna
4061 1804 4144 1871 ad
4179 1807 4389 1871 saevi-

2443 1889 2633 1966 tiem,
2705 1890 3215 1968 immanitatem,
3278 1889 3641 1968 luxuriam,
3710 1889 3850 1966 sibi,
3915 1891 4386 1972 meretricibus,

2441 1976 2840 2053 concubinis,
2885 1976 3268 2058 propinquis
3310 1976 3713 2059 posterisque
3757 1997 3983 2041 eorum
4039 1976 4145 2042 his
4200 1999 4389 2045 sanc-

2440 2059 2732 2126 tionibus
2776 2061 3164 2144 licentiaque
3207 2061 3627 2127 conciliorum
3673 2062 4156 2146 compararint?
4245 2064 4388 2129 Lu·

2441 2146 2711 2211 stranda
2776 2167 2931 2231 ergo
2981 2148 3205 2212 omnia
3259 2148 3475 2211 animo
3535 2157 3689 2212 sunt
3753 2149 3988 2230 quibus
4044 2149 4390 2215 concilium

2440 2240 2763 2310 sanctum,
2810 2232 3096 2312 solenne,
3140 2232 3494 2316 integrum,
3550 2234 4005 2314 incorruptum
4051 2255 4192 2299 esse
4246 2255 4390 2319 pos-

2440 2317 2543 2382 sit.
2567 2319 2653 2400 ¹⁷)
2742 2318 2952 2383 Nemo
3003 2339 3203 2401 prope
3271 2318 3552 2396 dubitat,
3609 2319 3986 2401 pontificem
4041 2340 4388 2386 romanum

2440 2412 2506 2466 et
2562 2404 2702 2470 eius
2757 2404 3034 2470 asseclas
3088 2411 3281 2486 atque
3335 2405 3665 2487 episcopos
3718 2425 3793 2469 eo
3861 2405 4095 2489 spiritu
4152 2404 4388 2472 adduci

2439 2496 2637 2571 atque
2696 2489 2822 2574 agi,
2885 2497 2961 2554 ut
3010 2510 3128 2573 per
3191 2499 3555 2555 eorummet
3617 2491 3979 2556 sententias
4044 2492 4388 2556 firmentur

2440 2594 2669 2639 eorum
2733 2596 2805 2640 re
2902 2596 2970 2653 a,
3046 2596 3280 2641 census
3361 2583 3426 2639 et
3489 2587 3918 2658 quaestuosae
3978 2577 4386 2643 traditiones.

2441 2660 2623 2724 Nihil
2669 2669 2772 2726 est
2812 2661 3013 2746 igitur
3055 2660 3227 2743 quod
3271 2660 3507 2740 dicant,
3562 2662 3634 2726 in
3676 2663 3909 2745 spirit-u
3954 2671 4178 2728 sancto
4236 2684 4388 2728 con-

2440 2748 2666 2812 venire
2709 2767 2780 2811 se
2825 2756 3018 2830 atque
3061 2748 3447 2831 congregari
3503 2748 3575 2811 in
3629 2748 3893 2813 nomine
3936 2747 4217 2826 Christi,
4275 2748 4388 2831 qui

2436 2831 2604 2895 nihil
2650 2833 2870 2897 minus
2913 2833 3105 2898 iussit
3147 2852 3342 2914 quam
3389 2830 3637 2898 divitiis
3679 2832 3955 2912 inhiare,
4001 2840 4067 2898 et
4100 2855 4219 2917 pro
4251 2835 4387 2917 pri-

2436 2917 2565 2983 mis
2607 2917 2938 2982 cathedris
2954 2969 2970 2995 ,
3028 2937 3280 3001 proque
3324 2917 3502 2983 hisce
3558 2919 3752 2984 rebus
3796 2940 3950 2985 suos
3992 2921 4134 3003 cogi
4151 2970 4168 2997 ,
4226 2940 4387 3003 quos

2436 3024 2522 3068 ne
2582 3004 2876 3081 vestitus,
2924 3024 3008 3068 ne
3052 3003 3180 3070 cibi
3238 3003 3503 3086 quidem
3560 3003 3767 3069 voluit
3809 3004 4248 3071 sollicitudine
4289 3013 4386 3071 te-

2437 3089 2614 3154 neri:
2662 3089 2915 3173 quibus,
2953 3111 3154 3172 quum
3189 3109 3417 3154 eorum
3452 3086 3580 3155 duo
3605 3097 3720 3154 aut
3746 3097 3880 3155 tres
3909 3092 4385 3168 convenissent,

2436 3196 2507 3241 se
2550 3175 2753 3241 affore
2795 3176 3056 3260 recepit.

2607 3258 2784 3342 Quid
2817 3262 2985 3326 mihi
3023 3269 3090 3325 et
3123 3260 3438 3326 fratribus
3481 3259 3889 3342 quibusdam,
3933 3261 4093 3326 dum
4135 3262 4205 3326 in
4241 3282 4389 3327 eam

2433 3347 2895 3431 cogitationem
2930 3344 3468 3424 incubuissemus,
3512 3346 3581 3412 in
3617 3355 3909 3412 mentem
3943 3347 4201 3413 venerit
4239 3348 4387 3415 volo

2433 3453 2958 3499 commemorare.
3046 3432 3146 3513 Id,
3192 3434 3316 3499 etsi
3358 3453 3492 3497 non
3525 3431 3719 3516 longe
3753 3433 3939 3498 abest
3981 3433 4063 3498 ab
4109 3454 4185 3497 eo
4229 3455 4387 3506 mn-

2433 3517 2578 3583 silio
2613 3518 2781 3601 quod
2823 3520 3268 3603 superioribus
3304 3520 3494 3585 annis
3520 3517 3601 3583 ad
3638 3539 3754 3583 vos
3789 3519 4017 3600 scripsi
4053 3538 4130 3584 eo
4165 3527 4387 3584 tamen

2432 3604 2644 3688 magis
2699 3604 2916 3687 placet
2974 3604 3144 3688 quod
3199 3603 3540 3689 dignitatis
3598 3604 4095 3687 autoritatisque
4138 3606 4386 3687 episco-

2431 3710 2665 3773 porum
2740 3710 3067 3756 summam
3148 3692 3470 3757 rationem
3526 3690 3771 3756 habere
3835 3689 4173 3755 videatur:
4241 3699 4387 3754 tum

2313 3835 2318 3844 .
2432 3774 2603 3859 quod
2647 3776 2948 3859 episcopi,
2991 3777 3047 3842 si
3092 3777 3263 3853 boni,
3323 3778 3380 3841 si
3421 3776 3512 3859 pii
3555 3776 3686 3840 viri
3728 3776 3992 3854 fuerint,
4037 3775 4388 3860 diligenter

2432 3861 2621 3927 nobis
2666 3861 2919 3927 colendi
2965 3870 3122 3927 sunt
3164 3871 3358 3945 atque
3401 3860 3807 3940 observandi,
3851 3869 3996 3926 tum
4039 3870 4117 3925 ut
4158 3882 4388 3927 eorum

2432 3947 2771 4031 dignitatis
2815 3948 3067 4013 ratione
3111 3947 3367 4027 habita,
3429 3945 3737 4031 quidquid
3798 3947 4126 4031 principes
4182 3948 4386 4030 petie-

2431 4034 2570 4097 rint
2612 4033 2865 4099 facilius
2925 4041 3358 4117 assequantur
3377 4083 3391 4110 ,
3449 4041 3590 4098 tum
3650 4041 3723 4097 ut
3777 4032 3954 4098 inter
4010 4054 4134 4098 nos
4190 4042 4389 4116 atque

2429 4118 2580 4183 illos
2645 4119 2994 4183 minimum
3064 4120 3311 4184 irarum
3385 4118 3815 4202 relinquatur.
3924 4117 4004 4182 Id
4071 4118 4204 4183 tale
4271 4126 4386 4185 est.

2433 4202 2505 4269 Si
2553 4204 2735 4270 iussu
2783 4204 3116 4280 Caesaris,
3174 4224 3407 4288 regum
3463 4204 3966 4287 principumque
4024 4203 4387 4284 civitatum,

2431 4290 2500 4353 in
2547 4290 2925 4369 Britannia,
2993 4289 3248 4368 Gallia,
3307 4290 3699 4368 Germania,
3755 4289 3983 4366 Italia,
4042 4289 4387 4372 Hispaniis

2433 4376 2833 4458 caeterisque
2874 4376 3233 4460 provinciis
3277 4396 3444 4459 quae
3477 4377 3792 4442 invocant
3833 4395 4074 4440 nomen
4108 4375 4385 4441 Domini

2434 4461 2643 4526 nostri
2676 4460 2830 4526 Iesu
2865 4462 3136 4542 Christi,
3183 4461 3472 4528 delectus
3515 4461 3836 4527 habeatur
3878 4481 3962 4526 ex
4003 4460 4087 4525 iis
4130 4461 4245 4545 qui
4281 4483 4384 4527 re-

2433 4568 2583 4611 rum
2626 4546 2997 4612 divinarum
3038 4548 3207 4614 bene
3241 4548 3432 4630 periti
3475 4568 3671 4631 quam
3714 4546 4025 4612 minimae
4066 4547 4384 4631 suspicio·

2640 4803 2732 4871 16)
2769 4804 3014 4857 Cassiani
3049 4803 3268 4869 iudices,
3306 4802 3395 4857 hic
3430 4801 3688 4857 dicuntur
3723 4817 3758 4856 a
3795 4801 3864 4856 L.
3904 4799 4095 4857 Cassio
4130 4802 4386 4868 Lonqezo

2432 4872 2651 4926 trabum
2685 4873 2855 4955 plebis
2890 4889 2944 4954 a.
2990 4870 3052 4925 U.
3088 4888 3131 4927 c.
3166 4872 3286 4941 616,
3311 4872 3418 4995 ἕνα·
3449 4872 3511 4924 in
3545 4870 4160 4996 {offiaetengsmcczaegig
4187 4870 4385 5006 fet-‘rana

2426 4940 2766 5077 zgrmtrggentqu
2780 4959 2868 5091 ‘ge
2901 4956 3060 5092 cuge
3093 4955 3676 5080 mov-tecznxireeffltur.
3736 5078 3746 5090 ι
3791 4981 3804 5009 ’
4337 5075 4371 5088 ..

2433 5076 3577 5268 01md⁷3.{zz.sstss²}zpfa?50“3fi.³¹ffz
3632 5084 3841 5200 ⁸355*
3889 5077 4083 5214 ξέὲ,
4121 5076 4385 5199 αιωηγ“9“,ἑ’;

2433 5232 2529 5269 cur
2589 5222 2644 5270 et
2750 5216 2981 5298 uomodo
3040 5233 3070 5269 c
3108 5217 3392 5270 nstianum
3457 5216 3605 5269 conc·
3634 5217 3741 5268 ‘um
3803 5215 3871 5268 de
3975 5220 4001 5267 t
4065 5229 4184 5267 esse
4248 5214 4384 5267 libe·

2429 5302 2709 5424 §gg-seqq·
2750 5292 2832 5341 tta
2875 5291 3005 5340 sunt
3048 5283 3181 5338 1551
3231 5292 3281 5341 et
3326 5282 3479 5339 1557.
3551 5284 3636 5352 Of.
3677 5283 3999 5349 Schelhom,
4032 5282 4258 5338 Amnem
4295 5281 4385 5338 11.
