5050 6167
524 437 541 455 ‘
618 455 797 522 πεδ’

618 637 1040 709 Fidelissimo
1108 635 1265 703 Iesu
1315 632 1572 701 Christi
1643 651 1838 699 servo
1894 629 2257 699 Guillelmo
2311 629 2580 697 Farello

790 724 979 791 fratri
1021 722 1190 788 mihi
1231 719 1570 788 carissimo
1614 726 1683 785 et
1727 719 1937 785 amico
1980 716 2323 802 singulari.
2355 721 2406 795 ¹)

684 904 725 928 .·
792 808 880 929 ST
932 857 1132 944 Quod
1182 878 1396 942 nuper
1413 858 1473 937 ²)
1528 855 1914 924 consulebas
1967 861 2047 921 ut
2087 854 2413 940 Tigurum
2470 875 2578 919 me

541 924 544 928 ,
618 948 986 1018 conferrem
1029 945 1113 1011 ad
1157 945 1396 1011 fratres
1448 940 1894 1008 admonendos
1910 993 1927 1020 ,
1981 961 2115 1006 non
2171 939 2364 1006 video
2420 938 2579 1024 quid

616 1036 744 1102 hoc
786 1035 877 1100 sit
916 1033 1352 1116 profuturum.
1442 1030 1742 1095 Primum
1800 1026 2018 1092 nescio
2062 1025 2223 1110 quid
2265 1045 2578 1110 peccave-

462 1131 485 1148 ‘
615 1121 755 1186 rint
793 1118 912 1199 illi,
957 1139 1161 1202 quum
1205 1138 1325 1182 nec
1360 1115 1562 1181 libros
1603 1135 1830 1180 eorum
1862 1134 1986 1178 nec
2019 1112 2247 1178 literas
2288 1131 2578 1194 unquam

615 1205 911 1292 legerim,
956 1203 1191 1288 quibus
1233 1203 1680 1267 inflammatus
1723 1206 1825 1265 est
1866 1198 2201 1264 Lutherus.
2287 1197 2437 1263 Iam
2478 1205 2578 1262 te-

616 1313 741 1358 neo
760 1293 817 1367 ⁸)
860 1288 1020 1374 quid
1062 1287 1228 1354 mihi
1283 1286 1664 1371 responsuri
1708 1286 1859 1349 sint.
1944 1283 2298 1350 Iactabunt
2339 1283 2579 1349 miram

662 1377 1003 1444 atientiam
1048 1396 1179 1458 qua
1227 1372 1594 1440 demulcere
1626 1371 1949 1438 hactenus
1984 1369 2319 1435 hominem
2362 1368 2580 1436 conati

502 1461 527 1507 '·
690 1463 882 1528 erint.
980 1460 1156 1526 Nam
1209 1466 1277 1525 et
1318 1458 1729 1542 Baazinyems
1782 1464 1937 1522 ante
1993 1455 2243 1538 aliquot
2294 1475 2576 1533 menses,

613 1569 820 1632 quum
857 1545 1036 1631 apud
1072 1565 1179 1611 me
1212 1565 1333 1629 per
1366 1545 1592 1610 literas
1610 1542 1670 1628 ⁴)
1707 1541 2157 1626 expostularet
2198 1540 2279 1606 de
2307 1540 2578 1605 Lutheri

612 1633 1121 1711 inhumanitate,
1168 1651 1359 1698 suam
1401 1636 1470 1696 et
1503 1649 1775 1696 suorum
1814 1627 2149 1693 lenitatem
2185 1626 2577 1692 mirabiliter

614 1718 1131 1786 commendabat.
1231 1715 1492 1782 Deinde
1549 1722 1627 1781 ut
1676 1712 1837 1779 illuc
1890 1714 2155 1800 veniam
2211 1712 2577 1779 instructus

615 1804 923 1871 omnibus
958 1823 1123 1887 quae
1158 1800 1243 1868 ad
1277 1822 1542 1869 causam
1576 1799 2018 1884 pertinebunt,
2054 1806 2132 1863 ut
2165 1798 2366 1864 etiam
2401 1800 2575 1882 ipsos

615 1891 1006 1968 contineam,
1051 1910 1136 1954 ne
1178 1888 1336 1971 quid
1378 1889 1761 1966 moveant⁶J
1802 1887 1871 1950 in
1915 1893 2283 1969 posterum,
2337 1904 2575 1967 parum

614 1977 743 2043 hac
782 1975 1035 2042 ratione
1081 1974 1433 2059 profecero.
1532 1972 1683 2037 Non
1738 1972 1915 2037 enim
1968 1972 2100 2037 iam
2144 1970 2226 2037 ab
2268 1970 2430 2053 ipsis
2475 1977 2576 2036 est

613 2062 1006 2147 periculum,
1064 2059 1178 2126 sed
1224 2081 1265 2125 a
1309 2058 1676 2140 Lwthero.⁶)
1762 2056 2174 2141 Mitigandus
2219 2055 2330 2122 ille
2385 2057 2572 2122 foret.

611 2148 726 2214 An
790 2147 914 2212 hoc
978 2145 1476 2228 extorquebitur
1545 2165 1586 2209 a
1645 2142 1986 2227 Tigurinis
2053 2150 2126 2206 ut
2192 2141 2576 2226 suppliciter

611 2232 957 2298 Lutherum
1000 2229 1478 2315 deprecentur?
1503 2228 1558 2314 ⁷)
1645 2227 1886 2295 Caveri
1928 2227 2138 2293 multo
2182 2234 2338 2294 ante
2380 2246 2575 2310 opor-1

609 2319 742 2384 tuit
784 2340 869 2383 ne
910 2317 1314 2394 camarinam
1357 2322 1716 2381 moverent.
1805 2311 1942 2380 Sed
1980 2313 2128 2397 quis
2172 2321 2469 2379 nostrum
2502 2310 2574 2377 id

606 2403 826 2488 potuit
879 2399 1305 2488 praevidere?
1404 2402 1588 2487 Ergo
1650 2399 2016 2466 Dominum
2069 2398 2571 2481 interpellemus

607 2491 722 2575 qui
754 2510 928 2554 unus
964 2488 1213 2553 mederi
1246 2487 1402 2553 huic
1439 2486 1615 2552 malo
1660 2492 1890 2569 potest.
1958 2485 2112 2550 Erit
2145 2492 2320 2551 certe
2363 2502 2573 2568 grave

606 2587 675 2643 et
717 2574 986 2641 exitiale
1027 2573 1424 2639 incendium.
1514 2570 1651 2639 Sed
1694 2580 2147 2653 exspectemus
2195 2569 2350 2653 quis
2392 2570 2571 2634 fut-u-

582 2683 722 2739 ‚rus
781 2661 867 2726 sit
920 2660 1090 2726 finis.
1179 2659 1398 2743 Leges
1452 2678 1618 2741 quae
1675 2656 1759 2724 ad
1807 2656 1961 2723 Sene
2003 2656 2181 2721 hiwm
2196 2656 2258 2740 ε3)
2317 2654 2568 2739 scripsi,

607 2753 675 2813 et
724 2747 1003 2813 Tossano
1046 2744 1288 2812 scribes
1341 2766 1544 2829 quum
1562 2746 1618 2822 ⁹)
1662 2743 1923 2808 mittere
1994 2744 2192 2808 iteras
2236 2750 2350 2806 tuo
2393 2739 2568 2805 iudi-

605 2833 705 2898 cio
749 2854 836 2899 ex
920 2831 1074 2897 diat.
1164 2830 1334 2896 Vale
1378 2830 1469 2895 mi
1512 2829 1738 2895 frater.
1821 2826 2152 2894 Dominus
2193 2833 2261 2893 te
2303 2845 2566 2893 conser-

605 2926 733 2986 vet.
881 2917 1065 2984 aluta
1106 2936 1335 2984 omnes
1378 2916 1639 2983 amicos.

1531 3052 1817 3118 Ioannes
1858 3048 2179 3117 Calvinus
2222 3056 2394 3115 tuus.

1364 3327 1775 3338 ——————————

1520 3545 1668 3618 57¹7.
1708 3584 1712 3587 ⁴

1092 3680 1594 3751 POLLANUS
1639 3680 2074 3750 OALVINO.

792 3856 1000 3924 Varia
1039 3854 1619 3939 Argentoratensem

896 4026 1011 4091 (Ex
1045 4024 1383 4096 autographo
1418 4023 1551 4080 Ood.
1587 4023 1791 4081 Genev.
1827 4022 1945 4093 112,
1982 4024 2074 4080 sol.
2108 4022 2258 4093 219.)

633 4195 761 4259 576-
810 4196 870 4257 1)
908 4193 1172 4250 Fanum
1203 4192 1535 4264 adom-ipsit.-
1568 4193 1654 4248 10.
1692 4194 1809 4250 Oct.
1846 4193 1999 4249 1544.

805 4263 983 4333 2)N.
1029 4263 1132 4318 574
1178 4268 1287 4318 not.
1336 4263 1388 4318 3.
1471 4262 1951 4319 Damna-iia
2002 4262 2560 4319 mahadan·

597 4333 797 4456 moffll
818 4350 871 4389 v.
907 4332 988 4388 N.
1024 4331 1127 4387 536
1161 4340 1281 4400 stc„
1316 4331 1624 4401 tumHess,
1659 4332 1893 4401 Bullmq‘
1893 4347 1954 4387 er
1986 4332 2040 4387 1.
2075 4331 2195 4387 432.
2249 4331 2561 4389 Pestaloui

591 4419 640 4473 p
803 4469 866 4535 3)
902 4470 1087 4535 timeo,
1123 4468 1469 4540 Apoqrapha
1500 4474 1554 4525 et
1585 4468 1824 4537 Anchoe.

805 4536 1744 4607 ”deperdito-ammam
1791 4542 2291 4607 &eumont-mem
2336 4536 2559 4595 Meet

597 4612 652 4663 et
683 4607 787 4663 659
820 4607 1088 4676 rufinam
1116 4608 1343 4676 poteris.

805 4676 866 4734 5)
904 4692 1148 4731 moveam
1191 4677 1356 4731 Tema
1393 4681 1649 4729 moneant
1680 4675 1755 4729 B.
1791 4673 1853 4730 S.
1887 4675 1968 4730 H.

803 4745 862 4812 6)
898 4744 998 4814 qui
1028 4743 1256 4799 initium
1285 4742 1419 4812 fecit
1441 4742 2558 4825 controversiaereemdescontisetmffler

593 4813 661 4869 ὄπι
718 4812 922 4896 Cfomm.
972 4814 1039 4867 in
1093 4812 1338 4868 Genesin
1368 4812 1701 4881 Zwinqlium
1748 4813 2019 4868 Mmero
2072 4818 2126 4869 et
2157 4813 2557 4883 Anabaptsms

710 4886 1490 5033 ‘Pssafflmmm
1522 4949 2083 5031 nonmspondenmt,
2120 4950 2262 5005 mis
2292 4949 2555 5005 habentes

594 5018 861 5145 mla
914 5033 1274 5090 open-acum
1328 5018 1608 5074 amano
1663 5016 2321 5074 Rud.Gualthmems
2400 5034 2554 5074 enm

590 5091 644 5214 ,θ’
722 5160 733 5171 ·
846 5103 1091 5211 οέἔὲεεο,
1128 5088 1275 5158 quod
1306 5087 1392 5144 vel
1422 5089 1880 5158 imeucems
1914 5087 2290 5143 dismanta.
2327 5093 2348 5158 (
2403 5094 2550 5145 esta-

645 5174 734 5215 nt
812 5198 827 5213 .
973 5198 987 5212 .
2060 5204 2064 5207 Α

760 5175 863 5288 ΡΘ)
902 5159 1044 5296 leq}-
1077 5227 1438 5296 Schncpfium.
1505 5225 1725 5296 Anytus
1755 5225 1953 5281 habet:
1987 5225 2243 5280 Scriffius.

804 5295 861 5363 9)
896 5296 980 5351 sic
1029 5301 1246 5364 autom.
1328 5294 1545 5350 Castori
1586 5296 1773 5352 nescio
1812 5310 1921 5364 quo
1966 5298 2191 5350 anctore.-
2236 5296 2293 5349 ui
2344 5297 2553 5361 (unless

600 5380 709 5434 you
736 5365 951 5435 judge).
1017 5363 1100 5418 H.
1136 5363 1265 5420 aad.
1301 5382 1467 5420 meas.

2173 441 2701 511 EPIS'I'OLAE
2748 444 3083 507 576-579

4511 434 4636 498 756

2854 731 3435 799 Praestantissimo
3510 730 3656 797 viro
3726 727 3813 795 D.
3878 729 3972 795 M.
4051 726 4288 794 Ioanni
4364 725 4646 795 Calvino

2685 818 3009 904 evangelii
3053 817 3300 885 Ohristi
3343 817 3647 902 praeconi
3693 836 3769 882 ac
3812 813 4060 882 vindici
4100 814 4451 898 praecipuo
4497 832 4642 879 ma-

2685 906 2891 991 gistro
2935 924 3012 971 ac
3053 905 3226 989 patri
3272 905 3344 968 in
3388 902 3660 970 Christo
3704 900 4508 1054 wlandjoeimo'flenevao.

2840 1122 2927 1195 S.
2975 1129 3050 1193 P.
3118 1127 3346 1209 Quum
3374 1147 3543 1211 puer
3576 1126 3684 1191 hic
3718 1126 4007 1191 venisset
4042 1122 4127 1190 ad
4161 1145 4282 1190 nos
4315 1132 4434 1190 tua
4460 1145 4639 1191 com·

2682 1213 3126 1280 mendatione.
3168 1213 3564 1292 instructus,
3629 1211 3798 1277 nihil
3860 1211 4050 1277 nobis
4113 1211 4237 1277 fuit
4300 1210 4641 1295 antiquius

2682 1321 2881 1384 quam
2937 1300 3034 1365 illi
3088 1301 3161 1365 in
3225 1307 3414 1364 tuam
3465 1298 3751 1383 gratiam
3819 1297 4039 1380 aliqua
4089 1296 4344 1362 ratione
4384 1297 4638 1380 prospi-
4713 1315 4720 1318 ·

2682 1407 2846 1453 cere.
2934 1386 3168 1470 Itaque
3218 1386 3727 1469 impetraveram
3783 1402 3825 1447 a
3865 1384 3951 1449 D.
4013 1381 4217 1448 Vasio
4239 1381 4288 1467 ¹)
4332 1390 4409 1448 ut
4447 1381 4639 1448 illum

2680 1472 2766 1537 ad
2818 1491 2892 1538 se
2960 1472 3298 1555 reciperet.
3386 1470 3561 1536 Nam
3618 1479 3813 1535 antea
3874 1468 3973 1533 illi
4031 1469 4232 1534 etiam
4297 1467 4639 1534 servulum

2679 1557 3006 1638 dederam,
3050 1578 3245 1641 quem
3288 1556 3414 1622 etsi
3454 1575 3636 1621 eram
3678 1555 4095 1639 repetiturus,
4118 1564 4362 1620 'tamen
4402 1553 4472 1618 id
4511 1553 4637 1619 hu-

2678 1644 2782 1709 ius
2823 1644 3020 1710 causa
3060 1643 3183 1710 feci
3239 1642 3434 1726 paulo
3485 1641 3696 1708 citius.
3788 1637 3925 1707 Sed
3979 1640 4200 1706 nescio
4253 1639 4412 1722 quid
4468 1639 4635 1707 acci·

2680 1728 2866 1795 derit.
2958 1729 3150 1807 Nam,
3192 1730 3291 1793 uti
3337 1749 3422 1794 ex
3464 1728 3606 1811 ipso
3647 1746 4017 1811 cognosces,
4061 1735 4202 1791 tam
4244 1726 4475 1792 multis
4517 1723 4634 1791 ob-

2678 1835 2839 1881 ruor
2893 1815 3177 1899 negotiis
3238 1821 3313 1879 ut
3364 1835 3499 1878 non
3553 1813 3813 1879 licuerit
3869 1811 4200 1879 doctorem
4259 1811 4634 1878 convenire.

2680 1901 2848 1968 Heri
2892 1898 3162 1967 dimissa
3203 1901 3512 1967 concione
3568 1921 3734 1981 puer
3786 1897 3869 1964 ad
3927 1918 4036 1963 me
4092 1897 4275 1963 venit
4331 1905 4637 1981 questum

2679 1986 2761 2052 de
2806 1985 3177 2054 studiorum
3220 1987 3485 2052 iactura.
3552 1984 3751 2050 Certe
3792 2004 3929 2049 non
3972 1984 4157 2067 potui
4200 1984 4296 2049 sic
4339 2005 4489 2050 cum
4523 1981 4637 2048 illo

2678 2093 2873 2157 agere
2917 2084 2992 2137 ut
3032 2072 3300 2138 omnino
3344 2071 3712 2136 literarium
3758 2072 3966 2136 otium
4010 2068 4273 2152 aliquod
4317 2070 4445 2153 ipsi
4485 2089 4637 2154 pro-

2678 2178 2993 2224 curarem.
3082 2158 3177 2223 At
3220 2153 3396 2241 apud
3439 2155 3774 2222 doctorem
3817 2156 4160 2239 sperabam
4201 2156 4469 2221 omnino
4516 2154 4637 2221 ali-

2677 2242 2836 2326 quid
2885 2243 2986 2308 illi
3038 2262 3229 2325 posse
3284 2244 3661 2326 impetrare.
3729 2239 3898 2308 Sed
3952 2241 4169 2307 victus
4223 2240 4638 2324 impatientia

2676 2350 2811 2394 non
2867 2328 3199 2394 sustinuit.
3304 2327 3482 2409 Quid
3535 2325 3861 2393 facerem?
3951 2324 4147 2392 Certe
4198 2326 4382 2392 illius
4437 2346 4638 2394 causa

2679 2413 2882 2481 doleo.
2957 2415 3021 2480 N
3024 2433 3099 2479 ec
3140 2416 3359 2481 minus
3402 2434 3598 2497 aegre
3642 2413 3780 2479 fero
3819 2411 3994 2496 quod
4037 2411 4153 2477 abs
4197 2420 4262 2477 te
4305 2433 4638 2479 commen-

2677 2498 2829 2565 dato
2892 2520 3027 2565 non
3087 2499 3278 2566 aliter
3339 2500 3639 2565 iuverim.
3747 2499 3903 2583 Ipse
3979 2496 4206 2565 doctor
4280 2499 4417 2564 iam
4493 2498 4637 2565 sine

2675 2605 2870 2652 servo
2911 2598 3029 2652 est.
4595 2620 4606 2630 -

2845 2671 3112 2738 Iziteras
3155 2679 3303 2737 tuas
3347 2668 3635 2737 reddidit
3678 2675 3716 2735 9
3740 2668 4048 2737 Octobris
4090 2669 4457 2754 Hungarus
4490 2669 4636 2752 qui-

2674 2755 2826 2822 dam
2869 2757 2979 2823 vir
3141 2757 3265 2836 vis,
3309 2777 3506 2840 quem
3549 2766 3774 2822 tamen
3818 2753 4036 2822 adhuc
4078 2777 4212 2821 non
4252 2756 4445 2823 licuit
4476 2775 4634 2821 con-

2672 2843 2919 2910 venire.
3075 2863 3231 2908 uum
3275 2843 3450 2909 enim
3497 2842 3738 2908 vellem
3782 2862 3937 2908 eum
3977 2840 4060 2906 ad
4105 2840 4458 2925 prandium
4493 2861 4633 2906 me-

2672 2949 2827 2995 cum
2870 2926 3126 3007 ducere,
3171 2929 3517 3007 recusavit,
3559 2947 3638 2994 eo
3681 2925 3855 3011 quod
3888 2928 3973 2992 D.
4010 2925 4259 2995 Bucen-0
4300 2926 4632 2994 condixis-

2672 3023 2789 3080 set.
2849 3011 3045 3095 Quod
3079 3011 3399 3080 adversus
3419 3012 3868 3095 Quintinistas
3883 3012 3940 3098 2)
3964 3014 4324 3098 accingeris
4357 3009 4632 3098 gaudeo,

2671 3107 2739 3166 et
2779 3101 2900 3166 tibi
2941 3100 3262 3184 plurimas
3304 3099 3615 3167 ecelesiae
3648 3099 3917 3164 nomine
3960 3099 4210 3183 gratias
4243 3121 4385 3185 ago.
4455 3097 4632 3182 Ray-

2667 3186 2931 3252 mondus
2971 3187 3177 3251 frater
3220 3205 3407 3252 meus
3420 3184 3480 3270 ⁸)
3523 3185 3787 3268 scripsit
3827 3183 4159 3251 horrenda
4192 3207 4372 3253 nunc
4406 3205 4439 3250 s
4486 3183 4630 3268 argi

2668 3270 2742 3335 in
2784 3271 3095 3337 inferiore
3140 3270 3502 3338 Germania
3556 3293 3597 3337 a
3648 3270 3930 3355 quodam
3972 3269 4227 3337 Davide
4281 3278 4350 3338 et
4390 3205 4626 3355 Eli-'qia

2600 3397 2603 3401 ι
2669 3354 3017 3423 Summam
3061 3377 3291 3423 eorum
3336 3355 3673 3423 doctrinae
3715 3356 4017 3422 nondum
4057 3357 4272 3438 misit,
4336 3358 4438 3423 uti
4481 3360 4625 3423 erat

2666 3442 3015 3527 pollicitus.
3103 3441 3238 3510 Ubi
3279 3441 3535 3508 miserit
3593 3440 3677 3508 ad
3720 3451 3786 3509 te
3829 3445 4289 3511 transmittam.
4378 3441 4628 3508 Videor

2666 3549 2753 3594 ex
2795 3528 2938 3595 eius
2980 3527 3190 3594 literis
3232 3527 3517 3611 aliquem
3558 3533 4009 3612 contemptum
4060 3530 4265 3612 ipsius
4306 3529 4622 3606 olfecisse,

2667 3613 2962 3680 fortassis
3002 3612 3151 3679 ideo
3207 3611 3385 3697 quod
3435 3615 3645 3680 nostri
3702 3613 3897 3680 hodie
3947 3615 4341 3700 sapientiam
4392 3611 4624 3681 mundi

2667 3701 2880 3851 gaggis
2945 3706 3269 3782 quaerunt
3331 3719 3533 3782 quam
3586 3700 3906 3767 virtutem
3964 3700 4296 3787 evangelii
4350 3698 4621 3769 Christi.

2847 3784 3022 3850 malo
3075 3793 3143 3850 te
3196 3806 3281 3851 ex
3319 3785 3476 3851 ‚eius
3531 3784 3616 3851 ad
3668 3806 3777 3851 me
3829 3785 4038 3853 literis
4091 3807 4172 3853 ea
4211 3805 4621 3873 cognoscere,

2664 3878 2933 4022 ffiviplrg
2973 3878 3088 3959 tua
3141 3870 3495 3955 prudentia
3547 3869 3873 3939 medearis
3889 3923 3906 3950 ,
3964 3872 4107 3940 sine
4165 3881 4390 3941 tamen
4444 3873 4623 3940 illius

2853 3979 2872 4020 1

2835 4041 3079 4108 Frater
3146 4049 3374 4108 noster
3441 4041 3826 4109 Εοηηιαηαά
3842 4047 3899 4123 ⁴)
3966 4044 4150 4110 ducit
4210 4044 4282 4109 in
4347 4065 4623 4113 uxorem

2665 4125 3099 4193 Elisabetham
3139 4127 3323 4193 illam
3372 4127 3789 4211 repudiatam
3845 4130 3940 4196 M.
3983 4129 4326 4211 Dominici,
4383 4131 4619 4215 quibus

3006 4212 3256 4365 aa
3890 4214 4225 4369 &sine
4267 4302 4388 4370 b..
4566 4303 4582 4319 -

3334 4321 3376 4365 u
3655 4322 3703 4366 n
4585 4338 4615 4354 ·

2663 4382 2841 4464 tarit,
2894 4385 3141 4468 partim
3182 4403 3225 4449 a
3266 4320 3511 4453 ἕσσει-18
3564 4322 3742 4470 gnos)
3788 4322 4012 4454 sstatitan
4063 4324 4285 4478 tamteln
4327 4323 4617 4474 conize}-

2693 4674 2818 4735 577.
2868 4673 2923 4742 1)
2960 4673 3221 4730 Medicus
3252 4674 3539 4757 ‚Haqamts
3569 4677 3685 4758 fingit
3715 4677 3915 4732 Iustus
3955 4678 4174 4734 Vdsius
4190 4678 4494 4749 (Ψάωνα)
4513 4681 4612 4749 qu·

2657 4743 2980 4867 &ww
3002 4745 4255 4873 &wammam
4012 4748 4236 4830 ‘'ff-‘'¹“
4267 4749 4610 4888 *ww

2656 4879 2888 5004 miae
2920 4880 3370 4965 descriptionem,
3416 4885 3867 4939 commentarium
3900 4886 3964 4941 in
3997 4886 4209 4942 Cebetis
4242 4833 4508 4957 mam,
4541 4886 4611 4943 de

2656 4955 3409 5085 ..mass-sm
3430 4955 4610 5095 mmmmm
4508 4961 4607 5011 ...

2654 5088 2922 5238 (Rostag.)
2966 5155 3105 5227 Opp.
3147 5158 3208 5213 T.
3233 5158 3376 5215 VII.
3410 5173 3556 5213 max.
3586 5175 3647 5228 p.
3690 5159 3791 5215 160
3822 5165 3875 5216 et
3898 5160 4149 5231 Prolem.
4183 5168 4237 5219 et
4266 5163 4429 5231 δοιῇ-α
4457 5163 4605 5220 Galo.

2657 5224 2735 5280 ad
2767 5224 3042 5295 Romnum
3074 5227 3380 5283 Novam-ae
3410 5226 3497 5282 28.
3533 5230 3666 5298 Apr.
3705 5229 3855 5285 1545.

2858 5296 2919 5432 {3
2957 5295 3662 5436 W‘zfi‘mm
3693 5382 3781 5437 op.
3818 5368 3896 5423 14„
3925 5370 4054 5438 μ
4094 5369 4240 5426 ms
