5050 6167
398 435 512 496 509

395 617 640 686 Christi
682 625 760 684 ut
811 620 881 685 in
919 619 1003 685 iis
1046 639 1306 703 quoque
1322 669 1339 698 ,
1398 619 1470 682 in
1555 618 1748 685 uibus
1791 637 1971 683 nunc
2013 617 2343 684 contentio

393 712 491 771 est
528 703 706 769 idem
750 703 1100 788 aliquando
1143 704 1460 771 sentiatis.
1581 705 1858 787 uscipite
1901 705 2187 781 interim,
2231 702 2343 768 de-

394 791 651 869 fendite,
697 792 975 856 tuemini
1030 812 1110 858 ea
1158 790 1241 855 de
1282 791 1519 873 quibus
1559 810 1694 855 non
1737 799 2067 856 errantem
2113 800 2182 855 et
2227 811 2342 855 va-

474 899 542 941 m
606 876 723 943 sed
786 877 1088 943 stabilem
1154 886 1526 959 certamque
1589 877 1985 943 sententiam
2066 875 2340 941 habetis.

456 983 575 1027 uos
618 964 873 1028 animos
918 970 1295 1046 sumpturos
1338 961 1587 1045 putatis
1630 981 1744 1027 eos
1787 961 2122 1040 homines,
2180 981 2344 1045 quos

392 1049 461 1113 in
524 1049 755 1127 Italia,
823 1049 1065 1115 Galliis
1123 1057 1320 1131 atque
1376 1048 1719 1131 Hispaniis
1775 1049 2037 1131 scriptis
2105 1049 2344 1113 vestris

392 1135 746 1214 excitantia,
779 1135 838 1200 si
863 1134 1197 1200 audierint
1232 1133 1604 1199 Germanos
1638 1155 1773 1200 non
1806 1132 2001 1199 modo
2021 1155 2156 1199 non
2200 1154 2344 1199 esse

392 1218 736 1302 dissipatos
827 1220 1026 1305 (quod
1106 1222 1317 1303 primo
1405 1239 1660 1302 quoque
1752 1220 1950 1285 verbo
2028 1218 2344 1284 obiiciunt

390 1305 773 1385 adversarii,
836 1306 1010 1390 quod
1072 1328 1205 1371 non
1266 1307 1355 1371 sit
1421 1306 1843 1371 dissensionis
1909 1304 2157 1390 Deus),
2225 1304 2340 1369 sed

389 1391 468 1457 iis
547 1392 906 1458 Britannos
983 1401 1180 1475 atque
1267 1391 1614 1457 Helvetios
1691 1412 1835 1457 esse
1911 1391 2340 1458 coniunctos?

391 1476 569 1558 Quid
633 1498 823 1562 reges
888 1490 954 1544 et
1027 1476 1399 1561 principes?
1510 1481 1757 1543 Annon
1826 1480 2070 1560 putatis
2143 1479 2343 1542 ratio-

388 1585 542 1629 nem
597 1564 936 1630 habituros
991 1573 1325 1629 tantarum
1385 1563 1771 1629 nationum?
1878 1562 2067 1644 Quae
2121 1565 2175 1627 si
2220 1564 2342 1626 im-

385 1649 746 1733 petrabunt
799 1660 879 1716 ut
933 1672 1065 1716 non
1121 1650 1296 1733 apud
1352 1656 1688 1732 corruptos
1739 1649 1854 1716 sed
1899 1650 2343 1715 sanctissimos

387 1746 452 1802 et
496 1737 926 1819 aequissimos
969 1736 1216 1802 iudices
1254 1756 1485 1801 omnes
1529 1757 1734 1818 aeque
1777 1736 1919 1800 sine
1953 1743 2155 1813 metu,
2201 1734 2345 1800 sine

386 1823 707 1905 periculo,
763 1824 1012 1906 possint
1070 1822 1313 1901 dicere,
1383 1843 1522 1888 non
1577 1821 1894 1898 dubitare,
1912 1823 2003 1897 ²⁵)
2064 1841 2342 1898 sacrum,

387 1906 686 1986 solenne,
760 1911 1124 1992 integrum,
1193 1910 1644 1993 incorruptum
1700 1907 2045 1973 concilium
2114 1927 2233 1971 nos
2251 1907 2343 1988 ²⁶)

386 1993 746 2060 habituros.
835 1994 914 2059 Id
961 2005 1037 2058 ut
1080 1995 1161 2060 ab
1205 1996 1627 2078 imperatore,
1688 1994 1970 2077 regibus,
2028 1992 2344 2077 principi·

382 2079 637 2162 busque
671 2080 1010 2146 civitatum
1041 2101 1233 2162 prece
1269 2081 1582 2145 admoniti
1622 2079 2053 2145 obtestatione
2088 2080 2342 2161 petatis,

382 2165 438 2231 si
483 2166 848 2249 respublica
880 2168 1239 2233 christiana
1271 2166 1453 2249 loqui
1488 2177 1721 2249 posset,
1769 2187 1884 2231 vos
1921 2165 2346 2230 vehementer

381 2250 586 2317 etiam
634 2261 831 2334 atque
875 2252 1075 2317 etiam
1120 2262 1399 2335 rogaret.

559 2337 707 2404 Hoc
751 2338 1090 2404 consilium
1134 2339 1442 2420 quoniam
1487 2338 1771 2421 expendi
1821 2337 2265 2402 desideramus
2308 2355 2348 2398 a

381 2429 474 2500 te,
519 2441 561 2486 a
602 2423 877 2502 Bucero,
924 2444 964 2488 a
1003 2424 1536 2500 Melanchthone,
1598 2447 1638 2489 a
1680 2423 1999 2500 Luther0,
2046 2422 2345 2488 obsecra·

379 2529 556 2584 mus,
606 2507 880 2590 Calvino,
925 2532 1042 2593 per
1085 2512 1447 2575 Dominum
1484 2511 1706 2575 Iesum
1752 2510 2094 2575 Christum
2143 2518 2217 2572 ut
2261 2507 2346 2571 ad

382 2615 500 2658 eos
545 2595 844 2678 singulos
886 2595 1121 2661 harum
1157 2597 1497 2662 literarum
1544 2595 1846 2679 exempla
1880 2595 2154 2678 perferri
2199 2593 2346 2658 dili-

383 2681 769 2763 gentissime
828 2702 1032 2747 cures.
1137 2681 1242 2746 Ad
1304 2703 1465 2765 quos
1524 2683 1579 2747 si
1635 2703 1818 2746 meae
1874 2681 2103 2745 literae
2158 2680 2345 2762 prius

383 2785 590 2847 quam
635 2764 719 2830 ad
761 2775 827 2830 te
862 2768 1302 2849 pervenerint,
1346 2768 1514 2832 nihil
1553 2767 1680 2833 erit
1722 2767 2117 2844 mirandum,
2162 2766 2216 2830 si
2262 2765 2343 2830 ab

383 2851 470 2916 iis
506 2873 765 2934 quoque
809 2860 917 2918 eat
952 2855 1327 2937 exemplum
1366 2853 1450 2919 ad
1486 2864 1550 2919 te
1586 2863 1651 2919 et
1671 2852 2018 2918 Helvetios
2061 2863 2342 2916 nostros.

385 2937 698 3003 Misimus
733 2938 910 3003 enim
948 2939 1117 3005 hanc
1153 2940 1494 3021 epistolam
1532 2961 1647 3023 per
1685 2939 1889 3004 alium
1927 2937 2341 3003 tabellarium

387 3021 472 3087 ad
519 3012 878 3089 Bucerum?
928 3046 1093 3107 quae
1137 3026 1194 3090 si
1238 3024 1321 3090 ad
1365 3025 1695 3091 hominem
1736 3026 2153 3108 perferretur,
2199 3045 2344 3088 ora-

385 3109 609 3175 vimus
655 3119 730 3175 ut
772 3111 1144 3193 exemplum
1204 3112 1495 3176 mitteret
1537 3110 1619 3176 ad
1665 3120 1747 3176 te.
1836 3110 2024 3188 Vale,
2068 3109 2236 3174 bone
2279 3117 2347 3174 et

385 3195 606 3262 fidelis
647 3197 953 3262 minister
993 3196 1149 3262 Iesu
1193 3197 1464 3262 Christi.
1569 3194 1973 3262 Commendo
2030 3195 2149 3260 tibi
2194 3215 2347 3260 con-

386 3302 664 3347 servum
724 3291 1026 3347 nostrum
1082 3283 1572 3348 Bel-nardinum
1645 3282 1965 3348 Ochinum.
1988 3282 2080 3365 ²⁷)
2181 3279 2345 3361 Qui-

389 3365 775 3451 buscunque
839 3388 988 3433 eum
1055 3369 1250 3435 rebus
1314 3369 1562 3435 iuveris
1578 3417 1593 3444 ,
1672 3366 2016 3433 Christum
2082 3367 2342 3433 iuveris.

387 3452 582 3532 Vale,
627 3453 722 3517 mi
765 3454 984 3520 frater.
1006 3457 1099 3536 28)

599 3675 697 3744 25)
738 3676 830 3732 Sic
870 3667 999 3731 odd.
1043 3677 1244 3731 Scaeva.
1280 3679 1527 3733 coniicit:
1565 3676 1886 3744 dubitarem,
1925 3673 2147 3743 qum=
2192 3675 2346 3728 dubi-

387 3749 766 3879 tabuntbgat:
802 3745 1174 3868 dugizandum.

726 3831 825 3869 vos
903 3832 932 3869 c
972 3856 985 3868 .

600 3883 696 3948 27)
742 3883 853 3953 Qui
894 3900 1060 3954 quaem
1107 3900 1176 3937 m.
1217 3883 1519 3951 Septembre
1565 3881 1719 3937 1542.
1796 3881 2067 3937 Geneoam
2105 3881 2348 3948 primum

389 3958 644 4022 venisset,
679 3953 778 4008 hoc
810 3969 1018 4023 quoque
1054 3953 1129 4008 ad
1164 3953 1528 4020 definiendam
1561 3970 1641 4022 ep.
1661 3953 1898 4019 scriptae
1933 3958 2136 4017 tempus
2167 3951 2349 4014 lacere

389 4023 625 4088 videtur,
663 4038 832 4092 neque
859 4024 1143 4091 probabile
1175 4030 1252 4077 est
1288 4023 1444 4076 talem
1482 4021 1994 4077 commendationem
2038 4034 2089 4071 a.
2137 4018 2346 4071 demam

393 4091 533 4146 1545
547 4093 756 4157 factam
784 4091 974 4157 fuisse.
1035 4091 1315 4146 Caeterum
1334 4093 1529 4161 quanti
1546 4090 1839 4145 Palearius
1863 4088 2125 4143 Ochinum
2140 4086 2332 4151 fecerit

390 4176 461 4215 ex
513 4163 643 4214 aliie
692 4163 811 4214 eius
863 4162 1085 4228 scriptis
1136 4160 1325 4226 elucet,
1381 4161 1445 4213 cf.
1500 4160 1815 4213 Orationem
1900 4175 1961 4211 ro
2008 4174 2067 4210 se
2111 4158 2231 4225 ipso
2275 4129 2345 4209 ati

389 4237 581 4311 patres
627 4230 961 4299 conscriptos
1010 4231 1146 4299 reip.
1195 4230 1446 4283 Senensis
1484 4229 1656 4296 (Opp.
1699 4244 1755 4296 p.
1795 4226 1861 4280 10
1902 4231 1921 4291 )
1970 4233 2021 4280 et
2056 4227 2345 4280 Actionem

385 4317 445 4353 m
483 4300 769 4369 pontifices
798 4315 857 4366 p.
891 4297 997 4353 294
1030 4305 1082 4353 et
1113 4297 1230 4351 429.

602 4367 695 4432 28)
735 4369 858 4422 Iam
894 4383 1066 4436 supra
1101 4367 1531 4436 siqnificavimue
1565 4365 1707 4419 hanc
1739 4380 1822 4432 ep.
1871 4364 1948 4418 acl
1982 4365 2199 4417 initium
2221 4364 2346 4432 fere

389 4453 442 4492 a.
481 4436 617 4491 1543
653 4437 994 4503 referendam
1031 4437 1220 4491 videri.
1296 4435 1554 4503 lllqenius
1589 4450 1704 4488 eam
1738 4434 1953 4487 biennio
1999 4434 2345 4486 recentiorem

382 4507 544 4572 facit.
619 4505 845 4559 Fraudi
880 4506 1108 4572 fuerunt
1151 4508 1271 4559 viro
1317 4504 1630 4559 doctissimo
1673 4518 1814 4572 quae
1860 4502 1924 4556 de
1971 4502 2200 4556 concilio
2231 4503 2344 4555 iam

388 4576 601 4631 indicto
647 4574 818 4644 deque
870 4574 1366 4629 machinationibus
1412 4575 1599 4626 curiae
1642 4587 1903 4626 romanae
1951 4571 2036 4625 hic
2070 4571 2346 4639 dicuntur,

507 4647 559 4698 ei
591 4644 693 4697 hae
729 4660 841 4697 non
870 4651 1164 4711 perpetuae
1194 4643 1444 4708 fuissent,
1478 4641 1619 4695 illud
1651 4657 1775 4695 vero
1817 4641 2049 4695 Caesare
2062 4638 2348 4708 flayitante

388 4720 443 4769 et
485 4713 746 4778 Pontifice
779 4713 1079 4768 reluctante
1112 4713 1334 4781 saepius
1362 4711 1714 4780 promissam,
1748 4710 2030 4776 indictum,
2067 4709 2310 4763 dilatum.

2157 433 2318 494 1543
2362 428 2633 495 FEBR„

4271 433 4400 496 διο

3344 614 3494 685 451.

2444 770 2569 836 LE
2616 753 2921 836 SENAT
2963 771 3091 837 DE
3128 770 3444 836 BERNE
3480 769 3681 837 on
3723 769 4232 838 MJMSTRES
4269 771 4398 839 DE

3129 871 3649 940 LAUSANNE.
3680 874 3729 956 ι)

2622 1044 2906 1127 Βέροηεε
2962 1065 3096 1109 aux
3142 1045 3570 1127 propositione
3623 1044 3815 1126 faites
3870 1065 3957 1110 au
4014 1047 4179 1127 sajet
4216 1046 4291 1112 dc
4332 1046 4401 1113 la

2446 1131 2779 1212 discipline
2795 1182 2809 1209 ‚
2866 1132 2943 1197 de
3000 1131 3066 1196 la
3120 1134 3398 1196 vocation
3452 1132 3561 1196 des
3602 1131 3949 1208 ministres,
4006 1132 4085 1197 de
4125 1131 4187 1196 la
4229 1138 4401 1198 vente

2441 1217 2773 1387 big-{wzi-Zns
2840 1216 3328 1298 ecclesiastiques
3392 1222 3449 1281 et
3502 1218 3579 1282 de
3637 1216 3703 1281 la
3754 1221 3931 1282 tenue
3986 1218 4094 1284 des
4156 1217 4400 1299 conpre-

2451 1474 2744 1538 (Archives
2791 1474 2859 1527 dc
2894 1473 3091 1527 Berne.
3169 1472 3716 1528 Instructionenbuch
3761 1472 3830 1526 ad
3890 1473 3944 1527 h.
3991 1490 4039 1526 a.
4085 1491 4138 1543 p.
4199 1472 4284 1528 93.
4331 1503 4397 1519 -υ

3098 1543 3312 1596 Ruchat
3345 1542 3412 1595 V.
3448 1539 3549 1594 221
3587 1542 3753 1604 suiv.)

2622 1715 3172 1780 Premierement:
3220 1721 3424 1798 quant
3447 1736 3486 1778 a
3521 1713 3586 1778 la
3621 1712 3962 1796 discipline
3983 1713 4396 1779 Ecclesiasti-

2449 1820 2576 1884 que
2622 1809 2989 1865 autremcnt
3039 1820 3337 1865 nommee
3381 1799 4034 1878 excommunication,
4080 1819 4206 1881 que
4251 1799 4398 1882 plu·

2447 1887 2655 1951 sieurs
2697 1886 3235 1970 pourparlcmens
3272 1895 3336 1950 et
3380 1886 3681 1950 iournees
3725 1905 3808 1948 en
3842 1893 3958 1950 ont
3992 1892 4130 1950 este
4167 1894 4398 1951 tenues

2447 1992 2571 2055 par
2609 1973 2878 2037 Messrs.
2925 1983 2989 2038 et
3031 1972 3212 2038 leurs
3256 1971 3582 2036 adherans
3626 1972 3736 2052 qui
3781 1971 4082 2035 tiennent
4125 1970 4185 2035 le
4229 1971 4402 2053 parti

2449 2058 2532 2123 de
2575 2057 2936 2142 levangile‚
2992 2080 3147 2124 sans
3202 2057 3387 2123 avoir
3442 2057 3673 2122 iamais
3722 2065 3957 2122 trouve
4014 2057 4402 2123 commodite

2450 2143 2532 2208 de
2589 2143 2850 2209 dresser
2900 2144 3052 2209 telle
3111 2142 3451 2227 discipline
3505 2165 3545 2207 a
3596 2143 3661 2207 la
3717 2142 3924 2207 forme
3970 2143 4226 2224 requise
4284 2164 4403 2226 par

2449 2228 2546 2294 les
2598 2230 2934 2295 ministres
2992 2229 3072 2294 de
3129 2231 3484 2295 Lausanne
3539 2249 3701 2311 pour
3755 2228 4077 2311 plusieurs
4130 2229 4403 2309 raisonS,

2451 2315 2615 2380 dont
2684 2318 3031 2400 craignans
3095 2316 3422 2381 ordonner
3490 2313 3684 2380 chose
3746 2335 3871 2396 que
3935 2313 4047 2379 lon
4111 2313 4251 2377 nait
4314 2334 4402 2396 pu

2450 2402 2808 2466 maintenir
2871 2402 2945 2465 ni
3014 2401 3375 2467 entretenir
3427 2422 3509 2465 en
3576 2400 3977 2482 perpetuelle
4041 2399 4403 2478 execution,

2451 2486 2595 2552 leur
2636 2509 2676 2552 a
2719 2489 2964 2554 semble
3009 2486 3410 2554 convenable
3444 2486 3507 2551 le
3547 2485 3737 2550 mode
3773 2483 4083 2550 dexercer
4116 2485 4213 2549 les
4248 2505 4403 2550 con-

2450 2573 2758 2650 sistoireS,
2848 2574 3082 2639 lustost
3123 2595 3249 2655 que
3285 2570 3799 2655 dentreprendre
3842 2571 3990 2655 plus
4024 2571 4403 2655 rigoureuse

2449 2660 2750 2741 punition
2832 2682 2901 2725 es
2935 2661 3131 2738 vices,
3177 2679 3331 2724 sans
3372 2657 3558 2724 icelle
3592 2657 3867 2740 pouvoir
3899 2677 4171 2739 pousser
4206 2667 4405 2722 avant

2449 2745 2522 2808 ni
2567 2753 2805 2811 mettre
2848 2767 2929 2810 en
2976 2747 3157 2810 effet:
3217 2766 3329 2810 car
3370 2751 3520 2827 trop
3565 2744 3791 2808 mieux
3836 2742 4018 2808 vault
4059 2763 4180 2825 soy
4223 2752 4404 2807 tous-

2449 2833 2625 2896 iours
2685 2851 2982 2910 avancer,
3039 2851 3167 2914 que
3226 2829 3338 2895 des
3398 2830 3626 2895 choses
3680 2849 3811 2893 une
3854 2828 3972 2893 fois
4029 2849 4404 2911 presumees

2449 2917 2717 2983 reculer.
2804 2918 2896 2981 Et
2940 2939 3022 2982 ne
3067 2916 3310 2982 semble
3354 2936 3394 2979 a
3435 2916 3702 2980 Messrs.
3749 2935 3877 2998 que
3920 2913 4016 2979 les
4057 2911 4404 2997 predicans

2450 3011 2655 3087 ayent
2698 3005 2991 3069 occasion
3038 3025 3107 3068 se
3149 3000 3447 3085 plaindre
3490 3007 3665 3065 estre
3708 3000 3935 3067 excluz
3977 2999 4057 3065 de
4100 2999 4253 3064 telle
4289 2998 4404 3064 ad-

2448 3090 2924 3168 ministration,
2980 3109 3113 3157 veu
3166 3087 3337 3171 quilz
3394 3085 3704 3152 assistent
3761 3107 3892 3151 eux
3947 3106 4230 3150 mesmes
4274 3106 4406 3150 aux

2450 3176 2864 3242 consistoires
2925 3197 3085 3241 avec
3141 3173 3416 3257 pouvoir
3473 3171 3554 3236 de
3608 3170 3746 3237 dire
3801 3172 3944 3236 leur
3997 3171 4263 3254 opinion
4322 3192 4405 3236 en

2451 3261 2670 3345 equite
2726 3261 2807 3327 de
2861 3262 3243 3328 conscience
3297 3267 3364 3324 et
3420 3265 3820 3323 remonstrer
3877 3279 3917 3322 a
3969 3257 4242 3322 Messrs.
4309 3256 4406 3322 les

2451 3347 2707 3426 faulteS,
2753 3347 2811 3413 si
2853 3348 3131 3413 aulcune
3175 3367 3295 3429 par
3338 3343 3720 3429 negligence
3765 3365 3849 3408 ou
3894 3342 4293 3408 aultrement
4336 3363 4405 3406 se

2451 3433 2646 3498 feroit
2709 3433 3011 3498 auxdictz
3077 3431 3523 3509 consistoires,
3590 3428 3932 3512 lesquelles
3997 3429 4267 3494 Messrs,
4337 3449 4407 3493 se

2451 3519 2815 3602 paroffrent
2860 3520 2939 3584 de
2983 3519 3272 3602 corriger
3312 3527 3378 3582 et
3500 3525 3738 3581 mettre
3781 3516 3838 3582 si
3871 3515 4006 3580 bon
4041 3514 4234 3579 ordre
4269 3512 4409 3597 quil

2452 3625 2600 3670 sera
2640 3604 2940 3688 possible,
2987 3626 3142 3671 sans
3186 3539 3523 3668 touteslbis
3566 3602 3845 3666 innover
3882 3600 4099 3665 lordre
4143 3600 4409 3683 iusques

2451 3691 2556 3776 icy
2602 3690 2755 3757 bien
2800 3699 2959 3756 tenu
3016 3699 3083 3754 et
3122 3690 3392 3755 observe
3447 3689 3578 3753 afin
3624 3708 3748 3771 que
3790 3686 3889 3751 les
3930 3684 4409 3772 yvrongneries

2449 3776 2866 3861 blasphemes
2908 3775 3162 3860 orgueil
3195 3795 3432 3858 pompe
3469 3772 3583 3839 des
3618 3781 3990 3839 vestemens
4033 3769 4407 3855 paillardise

2452 3860 2687 3927 danses
2741 3870 2809 3927 et
2864 3862 3108 3928 aultres
3161 3863 3341 3926 vices
3398 3881 3526 3924 non
3598 3859 3912 3924 meritans
3966 3858 4270 3941 punition
4326 3854 4408 3921 de

2451 3957 2625 4013 mort
2667 3949 2879 4014 soient
2912 3947 3250 4014 tellement
3293 3945 3576 4010 chastiez
3611 3965 3736 4027 que
3771 3944 3935 4009 bons
3970 3950 4037 4008 et
4080 3942 4407 4008 maulvais

2448 4056 2493 4118 y
2540 4042 2869 4117 prennent
2912 4032 3227 4116 exemple.

2624 4124 2680 4183 2.
2759 4119 3102 4185 Touchant
3167 4118 3232 4184 la
3304 4116 3605 4182 vocation
3679 4115 3792 4181 des
3855 4115 4189 4180 ministres
4254 4123 4405 4177 sont

2447 4207 2716 4271 Messrs.
2785 4205 3107 4271 deliberez
3175 4203 3255 4268 de
3325 4211 3673 4284 naccepter
3733 4199 4035 4265 ministre
4104 4219 4405 4264 nouveau

2448 4293 2850 4375 quelconque
2895 4291 3032 4374 quil
3074 4310 3159 4354 ne
3219 4289 3345 4355 scit
3388 4289 3896 4370 premierement
3938 4286 4240 4350 examine
4286 4304 4407 4366 par

2450 4378 2545 4441 les
2588 4379 2918 4442 ministres
2962 4376 3051 4441 du
3096 4376 3225 4441 lieu
3284 4383 3350 4439 et
3407 4374 3614 4439 classe
3667 4395 3753 4438 en
3795 4370 4077 4454 laquelle
4134 4370 4182 4434 il
4228 4368 4407 4435 doibt

2485 4669 2617 4730 451.
2656 4668 2716 4734 1)
2766 4669 2814 4721 V
2881 4683 2941 4722 ez
2974 4667 3031 4721 la
3064 4665 3528 4734 eoi-respondance
3574 4663 3640 4717 de
3689 4662 3733 4715 S
3794 4662 3990 4715 tembre
4036 4668 4087 4715 et
4121 4660 4407 4716 d’Oetobre

2454 4737 2607 4793 1542.
2678 4737 2777 4806 (N.
2810 4684 2915 4790 {gl
2948 4737 3112 4797 suiv.)
3179 4734 3589 4813 Hundeshayen
3618 4678 4004 4814 2233'2'300522.
4078 4729 4301 4784 Ruchat
4348 4730 4405 4783 V.

2452 4808 2572 4862 220.
2651 4808 2739 4860 La
2774 4807 2942 4862 classe
2976 4805 3042 4860 de
3078 4803 3383 4859 Lausanne
3415 4808 3569 4858 avait
3600 4806 3842 4869 presente
3890 4816 3965 4853 aa
3995 4803 4407 4867 gouvernement

2457 4878 2523 4931 de
2574 4876 2755 4930 Berne
2806 4892 2884 4928 un
2936 4873 3118 4944 projet
3165 4874 3230 4926 de
3283 4872 3566 4941 reylevnent
3600 4884 3698 4923 sur
3734 4869 3809 4922 les
3844 4869 4025 4923 divers
4059 4868 4228 4933 mets
4262 4882 4403 4919 men-

2456 4944 2671 5001 tionne‘s
2704 4945 2848 4998 dane
2882 4945 2929 4997 le
2963 4948 3103 4997 texte
3135 4948 3185 4995 et
3218 4946 3547 4996 notamment
3581 4939 3674 4992 des
3707 4938 4090 4993 reclamatione
4124 4937 4409 4990 tres-vives

2454 5021 2787 5071 concernunt
2819 5015 2875 5068 la
2911 5019 3061 5066 vente
3096 5010 3190 5065 des
3235 5012 3389 5064 biens
3433 5009 3873 5076 ecclesiasticus.
3952 5005 4095 5060 Gette
4132 5005 4285 5086 pieee
4316 5002 4409 5068 fut

2453 5086 2647 5139 remise
2696 5099 2765 5137 en
2820 5082 3133 5146 novembre,
3183 5094 3292 5133 une
3336 5076 3564 5147 repense
3610 5076 3818 5132 verbale
3861 5076 3952 5141 fut
3998 5073 4204 5128 donnee
4237 5072 4286 5126 le
4320 5071 4406 5125 14.

2442 5153 2670 5221 janvier
2704 5155 2741 5208 ὰ
2774 5168 2881 5206 une
2915 5149 3233 5218 deputation
3268 5144 3495 5203 mandee
3539 5147 3577 5200 ὰ
3625 5145 3808 5198 Berne
3853 5150 3904 5198 et
3937 5143 4070 5198 dont
4126 5142 4275 5197 Viret
4322 5141 4406 5207 sut

2454 5224 2698 5277 membre.
2770 5221 2859 5274 La
2890 5218 3139 5289 pre'sente
3168 5224 3294 5272 note
3326 5222 3406 5271 est
3438 5217 3515 5270 du
3551 5212 3633 5267 12.
3671 5212 3914 5268 Fe'vrier.
3982 5210 4122 5264 C’est
4139 5210 4406 5264 l'instruc-

2454 5294 2571 5347 tion
2616 5287 2824 5345 donne'e
2868 5305 2982 5343 aux
3034 5285 3446 5342 Commiseaires
3491 5286 3541 5339 Ι.
3594 5283 3689 5351 Ε’ςτ.
3740 5280 3974 5349 Naeyeli
4016 5285 4065 5333 et
4104 5279 4189 5336 M.
4227 5280 4407 5350 Anys-

2456 5364 2667 5430 tus-aer,
2703 5358 2932 5428 envoyee
2965 5360 3003 5412 ὰ
3038 5356 3358 5412 Lau-mnne.
