5050 6167
430 416 549 478 245

427 608 647 686 queat:
702 600 772 666 id
816 602 1168 685 gemitibus
1211 623 1289 668 ac
1328 601 1831 670 incessabilibus
1870 604 2043 670 votis
2086 610 2385 688 optatum

425 694 541 754 est.
630 685 919 752 Oramus
970 697 1047 753 ιιι
1089 689 1274 754 Deus
1331 688 1583 754 felicem
1643 710 2019 755 successum
2072 689 2227 757 huic
2280 692 2382 756 in-

424 772 699 841 choatae
721 774 1084 856 operationi
1106 795 1266 840 suae
1289 776 1599 857 praebere
1628 774 1959 858 dignetur,
1997 775 2199 843 talem
2222 798 2381 861 qua-

422 859 554 925 lem
598 859 865 942 ipsimet
890 861 1148 943 optetis,
1191 859 1659 943 praesidiisque
1694 861 2229 928 ministerialibus
2266 882 2383 929 vos

422 966 503 1012 ac
544 945 858 1028 populum
903 967 1096 1011 suum
1141 945 1410 1011 destitui
1464 968 1599 1012 non
1642 947 2009 1029 permittat:
2058 969 2227 1031 quae
2269 949 2383 1015 ubi

422 1040 687 1114 praesto
732 1051 862 1095 non
909 1041 1093 1110 sunt,
1150 1032 1421 1098 ecclesia
1474 1033 1642 1098 bene
1698 1042 1875 1099 stare
1924 1035 2197 1119 regique
2251 1055 2380 1099 non

421 1124 656 1201 potest.
744 1115 876 1183 Ubi
921 1138 1079 1182 vero
1123 1118 1443 1202 scripsisti
1495 1119 1661 1183 mihi
1714 1118 1795 1184 de
1838 1120 2189 1198 caelibatu,
2244 1141 2381 1185 non

421 1224 590 1286 opus
633 1215 809 1269 certe
852 1204 978 1267 fuit
1022 1212 1117 1268 tot
1165 1205 1666 1288 purgationibus
1722 1206 2382 1290 excusationibusque

422 1310 500 1355 se
541 1308 889 1372 occupare;
943 1300 1408 1374 argumentum
1452 1290 1772 1375 siquidem
1818 1301 1920 1356 est
1964 1292 2166 1375 pium,
2211 1314 2382 1357 rem-

425 1396 554 1457 que
601 1374 936 1458 discipule,
984 1396 1111 1439 non
1159 1397 1385 1459 papae,
1432 1397 1661 1441 verum
1706 1378 2034 1460 evangelii
2079 1399 2154 1443 ac
2197 1378 2381 1444 verbi

421 1460 559 1527 Dei
602 1461 1041 1526 necessariam
1078 1463 1353 1545 spirans.
1417 1461 1530 1527 Sic
1563 1462 1769 1546 igitur
1803 1462 2082 1541 decrevi,
2127 1472 2203 1528 ut
2239 1464 2384 1528 bre·

423 1546 605 1611 viter
658 1547 753 1611 rei
808 1547 1047 1611 seriem
1107 1546 1225 1611 tibi
1284 1564 1748 1630 proponerem,
1815 1548 1990 1613 unde
2048 1557 2225 1615 certo
2265 1549 2384 1615 tibi

420 1632 706 1716 liqueret
747 1642 973 1697 utrum
1030 1631 1277 1718 aliquid
1332 1634 1605 1716 periculi
1663 1636 1735 1699 in
1792 1655 1869 1699 ea
1923 1635 2013 1700 sit
2050 1635 2222 1718 quod
2266 1657 2384 1700 no-

420 1739 576 1785 cere
595 1718 1054 1801 praesentibus
1087 1729 1155 1783 et
1187 1721 1466 1801 posteris
1499 1721 1721 1802 possit,
1758 1719 1928 1803 quod
1964 1742 2051 1786 ne
2087 1722 2176 1786 sit
2210 1718 2384 1804 apud

420 1824 549 1871 nos
592 1804 863 1869 vereris.
952 1805 1180 1870 Primo
1234 1825 1391 1889 ergo
1435 1806 1725 1870 omnium
1768 1806 2167 1886 occasiones,
2220 1828 2385 1891 quae

421 1889 805 1956 distrahunt
860 1900 1264 1974 avocantquc
1323 1892 1672 1974 quominus
1728 1893 1873 1957 Deo
1932 1895 2261 1958 serviatur
2302 1893 2382 1957 li-

418 1977 599 2054 bere,
644 1977 819 2042 circa
859 1978 1350 2042 matrimonium
1395 1985 1511 2042 aut
1553 1976 1943 2042 caelibatum
1988 1999 2383 2045 concurren-

419 2070 527 2128 tes
584 2083 655 2127 se
708 2063 894 2128 nobis
949 2063 1491 2145 contemplandae
1546 2064 1846 2129 offerunt.
1945 2065 2077 2131 Hic
2121 2065 2177 2130 si
2225 2065 2383 2131 defi·

511 2168 584 2213 re
629 2147 934 2214 volumus
969 2148 1189 2215 oculos
1232 2148 1302 2212 in
1346 2157 1591 2214 statum
1634 2148 2203 2234 conditionemque
2240 2172 2382 2216 mo·

419 2168 782 2299 {grnorum
825 2234 1133 2300 ccclesiae
1188 2235 1667 2314 ministrorum,
1724 2257 1919 2318 quam
1977 2248 2155 2302 certa
2199 2238 2382 2302 vide-

416 2319 577 2386 licet
620 2318 1039 2403 dimensaque
1074 2319 1403 2404 stipendia
1442 2319 1738 2386 laborum
1775 2343 2040 2387 suorum
2075 2322 2381 2399 habeant,

415 2405 723 2488 beneque
765 2406 898 2471 illis
949 2407 1288 2489 provisum
1331 2407 1447 2484 sit,
1505 2429 1637 2472 uno
1694 2405 2019 2474 duntaxat
2074 2409 2213 2474 loco
2269 2408 2383 2474 ubi

419 2491 729 2558 habitant
804 2491 1052 2576 alligati
1111 2492 1268 2567 sint,
1337 2513 1508 2558 unae
1529 2492 1584 2579 ²)
1651 2492 2048 2577 reipublicae
2113 2495 2383 2571 astricti,

419 2578 573 2661 quis
608 2598 740 2642 non
782 2577 969 2642 videt
1010 2579 1078 2642 in
1114 2588 1300 2643 tanto
1344 2577 1590 2662 talique
1632 2601 1855 2644 rerum
1899 2579 2163 2645 cardine
2207 2580 2381 2645 haud

416 2664 577 2748 plus
620 2664 849 2729 obesse
883 2663 1016 2729 illis
1059 2665 1553 2729 matrimonium
1601 2686 1676 2731 ac
1719 2664 2150 2731 caelibatum?
2239 2667 2384 2733 Imo

420 2751 817 2834 impugnare
867 2770 998 2814 non
1046 2750 1259 2815 ausim
1307 2771 1529 2815 annon
1588 2751 1737 2834 plus
1796 2750 2163 2817 adiumenti
2207 2752 2385 2818 adfe-

420 2843 552 2914 rat,
597 2835 886 2900 maxime
930 2856 1134 2918 quum
1180 2857 1349 2901 uxor
1401 2836 1513 2920 pia
1557 2836 1852 2915 ducitur,
1914 2837 2105 2903 liberi
2150 2836 2385 2904 deinde

420 2922 742 3006 morigeri
786 2922 1130 2987 exsistunt.
1198 2921 1454 2986 Verum
1498 2923 1554 2989 si
1597 2924 1827 2988 faciem
1862 2924 2238 3007 primitivae
2283 2945 2387 2989 ec·

422 3006 666 3073 clesiae
723 3006 1164 3090 apostolorum
1233 3029 1584 3092 eorumque
1641 3008 2095 3075 coadiutorum
2137 3009 2386 3075 intueri

420 3091 865 3171 volucrimus,
918 3114 1079 3176 quos
1134 3093 1268 3159 huc
1313 3093 1469 3160 illuc
1509 3115 1630 3177 per
1673 3093 1993 3161 mundum
2037 3096 2267 3179 vagari
2312 3115 2388 3161 ac

421 3179 765 3256 cursitare,
812 3200 947 3244 non
991 3179 1103 3243 diu
1137 3179 1206 3243 in
1251 3200 1383 3244 uno
1423 3179 1564 3245 loco
1598 3182 2004 3260 commorari,
2049 3182 2233 3247 nulla
2269 3182 2386 3247 sti-

419 3264 671 3349 pendia
713 3274 891 3329 certa
932 3264 1194 3342 habere,
1249 3285 1325 3330 eo
1367 3265 1538 3348 quod
1596 3266 1743 3349 quis
1795 3267 2110 3333 benevolo
2167 3269 2386 3333 animo

420 3349 561 3416 illis
602 3350 1021 3434 impertiebat
1051 3371 1189 3416 non
1223 3350 1373 3434 plus
1406 3350 1727 3437 exigendo
1770 3354 2146 3433 sustentari,
2192 3364 2259 3418 et
2301 3375 2388 3419 ex

420 3435 760 3502 laboribus
821 3456 1141 3502 manuum
1219 3458 1490 3502 suarum
1564 3439 1768 3504 etiam
1831 3460 1980 3504 cum
2045 3439 2385 3525 discipulis

421 3523 567 3590 suis
612 3522 853 3601 vivere,
899 3522 1121 3605 sicque
1156 3520 1513 3589 laborando
1548 3524 1841 3590 infirmos
1877 3526 2188 3610 recipere,
2233 3548 2384 3611 ege-

420 3629 549 3675 nos
593 3609 853 3685 iuvare,
912 3609 1268 3691 periclitari
1312 3618 1380 3674 et
1422 3608 1712 3693 quotidie
1755 3610 2057 3676 exsilium
2106 3621 2224 3677 aut
2266 3612 2385 3677 ali-

422 3692 585 3779 quid
630 3693 890 3759 adversi
932 3704 1331 3777 exspectare,
1376 3695 1713 3780 multaque
1757 3697 1823 3761 id
1859 3718 2066 3781 genus
2101 3699 2385 3781 experiri

423 3787 835 3864 oportuerat:
874 3801 984 3846 eos
1021 3779 1300 3864 denique
1334 3782 1445 3864 qui
1480 3803 1599 3865 per
1633 3781 1934 3848 civitates
1969 3804 2044 3849 ac
2080 3784 2386 3850 ecclesias

423 3887 516 3932 ex
572 3866 903 3931 communi
959 3876 1147 3933 coetu
1206 3866 1430 3933 selecti
1490 3868 1570 3932 ab
1623 3867 1756 3933 illis
1812 3869 2385 3936 constituebantur

423 3951 660 4016 itidem
704 3972 1020 4016 manuum
1063 3972 1331 4017 suarum
1376 3952 1599 4019 labore
1649 3954 1771 4019 sibi
1815 3954 2175 4038 providere,
2221 3957 2387 4022 citra

424 4037 499 4103 id
542 4037 711 4120 quod
757 4037 990 4120 aliquis
1048 4045 1280 4122 sponte
1340 4039 1434 4105 eis
1490 4038 1777 4105 dedisset
1830 4063 1962 4106 non
2015 4042 2299 4126 exigere,
2345 4064 2385 4108 a

424 4122 808 4189 concivibus
840 4123 1207 4206 vicinisque
1249 4124 1386 4189 suis
1426 4125 1635 4189 multa
1669 4127 1940 4210 perpeti,
1983 4148 2057 4192 ac
2098 4128 2387 4210 qualibet

425 4209 570 4275 fere
626 4208 789 4274 hora
831 4209 901 4273 in
956 4208 1295 4291 quibusvis
1350 4211 1655 4292 periculis
1712 4212 1959 4276 versari
2021 4214 2384 4296 oportuisse

429 4294 829 4378 (cuiusmodi
884 4295 1188 4360 miseriae
1244 4304 1311 4359 et
1358 4316 1479 4361 nos
1535 4306 1963 4380 exceperunt,
2020 4319 2142 4364 nec
2195 4300 2385 4365 aliter

429 4389 881 4463 comparatum
945 4391 1046 4446 est
1109 4379 1479 4464 nobiscum)
1537 4419 1615 4430 -—
1674 4383 1834 4449 haec
1899 4384 1957 4449 si
2021 4385 2102 4449 ob
2167 4386 2385 4452 oculos

430 4465 622 4532 nobis
681 4467 1122 4549 posuerimus,
1192 4466 1286 4532 sic
1343 4466 1616 4533 coniicio
1680 4467 1852 4550 quod
1922 4470 2190 4535 consilio
2246 4470 2381 4537 divi

424 4551 655 4629 Pauli,
711 4553 824 4635 qui
864 4573 1021 4635 prae
1063 4553 1338 4619 caeteris
1380 4549 1566 4617 donis
1610 4554 1884 4638 spiritus
1929 4557 2139 4621 sancti
2182 4557 2383 4642 fulge-

425 4638 558 4716 bat,
597 4637 763 4703 nihil
799 4639 1028 4716 tutius,
1064 4639 1423 4704 consultius
1457 4640 1946 4722 comperiemus,
1990 4644 2103 4724 qui
2145 4642 2384 4708 harum

427 4745 652 4790 rerum
697 4724 1021 4789 rationem
1064 4723 1315 4789 habens
1361 4723 1553 4803 dicit,
1608 4724 1852 4791 bonum
1909 4748 2051 4793 esse
2110 4749 2382 4794 uxorem

429 4831 563 4875 non
609 4808 848 4876 ducere
889 4809 972 4875 ab
1014 4831 1220 4894 eaque
1264 4810 1551 4875 solutum
1608 4832 1750 4876 esse
1804 4821 2071 4898 propter
2129 4814 2382 4880 instan-

430 4901 567 4960 tem
613 4896 1103 4975 necessitatem,
1161 4905 1238 4962 ut
1289 4897 1431 4961 sine
1484 4895 1903 4963 distractione
1946 4900 2090 4964 Deo
2133 4902 2382 4966 servire

430 4982 656 5065 possit.
745 4981 827 5046 Id
870 4983 1067 5047 etiam
1111 4980 1283 5065 apud
1326 5003 1449 5048 nos
1491 4984 1636 5065 ipsa
1697 5004 1804 5049 res
1860 5004 1935 5051 ac
1979 4988 2384 5070 experientia

430 5074 726 5146 testatur,
771 5067 1293 5151 quandoquidem
1326 5089 1526 5152 opera
1557 5069 1851 5135 virorum
1887 5071 2209 5138 bonorum
2242 5073 2382 5138 ido-

433 5174 836 5239 neorumque
877 5176 995 5239 per
1035 5154 1338 5221 civitates
1378 5154 1834 5236 habitantium,
1890 5158 2001 5240 qui
2043 5158 2381 5225 matrimo-

435 5275 511 5289 ..-
618 5280 791 5285 ..---

2234 420 2392 481 1541
2438 414 2628 483 ΙΠΝ.

2486 604 2597 669 nio
2655 602 2898 669 addicti
2952 612 3141 687 sunt,
3195 607 3454 673 etiamsi
3503 607 3792 674 maxime
3847 608 4129 675 velimus
4183 610 4448 677 adnita-

2486 710 2781 772 murque,
2839 691 2913 755 in
2956 691 3154 758 rebus
3195 712 3272 757 ac
3315 692 3753 759 functionibus
3796 694 4250 763 ecclesiasticis
4291 718 4444 781 per-

2485 797 2722 859 parum
2765 775 3171 843 adiuvamur.
3233 779 3383 844 Non
3427 777 3599 862 quod
3643 800 3754 844 eos
3796 780 4291 847 matrimonium
4342 783 4446 848 in-

2487 860 2722 945 dignos
2765 863 3042 942 efficiat,
3098 886 3330 931 verum
3373 872 3639 948 propter
3681 866 3868 930 varia
3910 866 4265 948 obstacula,
4310 867 4443 934 dis-

2486 947 2859 1027 tractiones,
2905 958 3333 1016 avocamenta
3375 960 3445 1016 et
3487 950 3679 1034 plura
3720 950 4234 1019 intervenientia
4276 974 4444 1038 quae

2484 1053 2745 1099 omnem
2781 1035 3218 1117 aptitudinem
3252 1034 3336 1101 ad
3357 1037 3622 1120 negotia
3640 1036 3947 1103 ecclcsiae
3983 1039 4448 1121 pertractanda

2484 1118 2619 1184 illis
2662 1121 3024 1186 excutiunt.
3113 1121 3438 1202 Secundo,
3485 1122 3660 1206 quod
3698 1124 4002 1188 nonnihil
4037 1125 4292 1191 decoris
4324 1147 4444 1191 au-

2484 1206 2896 1289 toritatisque
2952 1209 3445 1273 matrimonium
3501 1217 3617 1274 aut
3668 1208 4021 1275 caelibatus
4077 1212 4443 1279 ministerio

2486 1288 2738 1356 Christi
2781 1293 3132 1358 conciliare
3187 1291 3449 1372 debeat,
3514 1294 3686 1360 absit
3739 1295 3804 1359 id
3866 1317 3906 1360 a
3950 1295 4133 1362 nobis
4177 1299 4440 1364 sentire.

2488 1375 2615 1441 Sat
2652 1376 2952 1460 equidem
3009 1400 3130 1461 per
3183 1401 3254 1444 se
3306 1380 3585 1446 sublime
3643 1380 4103 1465 excellensque
4162 1392 4262 1450 est
4318 1384 4444 1449 mi-

2486 1462 2836 1528 nisterium
2881 1463 3134 1529 Christi
3177 1474 3247 1529 et
3288 1487 3421 1530 non
3463 1468 3720 1551 ineptas
3764 1476 3881 1531 aut
3920 1469 4248 1551 qualesvis
4296 1490 4446 1552 per·

2487 1568 2684 1613 sonas
2727 1548 2852 1614 sibi
2898 1550 3220 1617 vendicat.
3306 1551 3389 1616 In
3446 1555 3688 1618 nostris
3732 1554 4109 1635 regionibus
4148 1555 4281 1619 iam
4325 1554 4446 1621 du-

2489 1633 2646 1699 dum
2691 1634 2999 1701 coenobia
3019 1635 3296 1715 deserta,
3332 1638 3464 1703 imo
3503 1639 3734 1703 maiori
3779 1659 3861 1703 ex
3904 1648 4094 1722 parte
4137 1640 4450 1708 demolita

2488 1720 2758 1804 soloque
2792 1731 3072 1804 aequata
3106 1731 3278 1788 sunt.
3346 1722 3726 1789 caelibatus
3770 1735 3839 1789 et
3872 1726 4271 1791 existimatio
4305 1727 4448 1795 eius

2489 1805 2685 1888 plane
2730 1810 3020 1874 evanuit.
3108 1810 3214 1874 Ad
3272 1809 3445 1875 solos
3503 1810 3829 1879 duntaxat
3883 1812 4250 1877 sacerdotes
4294 1833 4449 1880 eum

2487 1893 2823 1974 pertinere
2862 1915 2938 1959 ac
2979 1914 3181 1977 penes
3215 1916 3326 1960 eos
3361 1896 3665 1960 nonnihil
3711 1898 4028 1961 momenti
4076 1897 4336 1977 habere,
4375 1899 4448 1965 hi

2488 1977 2611 2041 soli
2655 1978 2991 2045 affirmant
3035 1982 3148 2063 qui
3202 2003 3336 2046 non
3400 2002 3668 2064 prorsus
3723 2001 3763 2044 a
3817 2001 3990 2065 papa
4034 1982 4443 2050 defecerunt:

2488 2061 2654 2129 alias
2695 2065 2955 2130 nullum
2989 2088 3229 2131 nomen
3271 2066 3649 2150 nullamque
3684 2068 4104 2133 autoritatem
4138 2069 4211 2133 in
4245 2069 4449 2155 vulgo

2488 2148 2704 2214 habet.
2794 2150 2990 2229 Quod
3032 2173 3189 2218 vero
3235 2153 3537 2218 nonnihil
3585 2153 3830 2237 gloriae
3875 2174 4095 2219 coram
4139 2155 4313 2234 Deo,
4379 2163 4449 2222 et

2485 2234 2637 2317 plus
2679 2235 2988 2318 quiddam
3032 2258 3228 2320 quam
3272 2240 3481 2304 maior
3523 2239 3803 2304 facilitas
3847 2240 4272 2323 aptitudoque
4308 2238 4449 2307 Do-

2487 2320 2669 2385 mino
2713 2322 3040 2387 serviendi
3077 2344 3162 2388 cx
3205 2325 3527 2390 caelibatu
3567 2323 3649 2388 ad
3694 2346 3815 2389 nos
3851 2325 4118 2391 accedat
4160 2327 4449 2393 derivet-

2486 2426 2631 2489 quc,
2678 2407 2894 2491 opinio
2938 2408 3100 2474 haec
3143 2410 3582 2475 remotissima
3615 2421 3717 2475 cst
3751 2432 3791 2475 a
3825 2411 4029 2490 nobis,
4076 2434 4289 2496 neque
4325 2412 4446 2478 ali-

2487 2492 2748 2574 quando
2802 2494 2874 2557 in
2928 2503 3217 2559 mentem
3271 2506 3566 2561 nostram
3623 2496 3841 2562 subiit.
3948 2498 4204 2578 Terti0,
4271 2497 4449 2583 quod

2481 2578 2720 2643 attinet
2763 2577 2846 2643 ad
2901 2579 3066 2664 legis
3119 2580 3476 2647 caelibibus
3520 2582 4097 2664 praescriptionem
4125 2636 4140 2661 ,
4196 2586 4444 2651 severi-

2488 2670 2822 2747 tatemque
2878 2686 3044 2749 quae
3099 2687 3210 2732 eos
3259 2689 3300 2732 a
3342 2668 3766 2733 matrimonio
3820 2668 4033 2733 veluti
4091 2690 4164 2734 re
4221 2671 4446 2739 minus

2488 2748 2881 2816 conducibili
2915 2759 3058 2829 etc„
3104 2752 3301 2817 etiam
3336 2754 3406 2818 in
3442 2753 3717 2818 articulo
3752 2756 4160 2821 necessitatis
4196 2757 4446 2821 abster-

2490 2845 2662 2914 reat,
2719 2858 2850 2902 non
2905 2846 2973 2902 te
3031 2837 3236 2903 lateat
3288 2860 3409 2904 nos
3466 2845 3677 2904 totum
3719 2839 3785 2904 id
3832 2861 4041 2923 papae
4084 2841 4444 2924 reliquisse,

2488 2920 2574 2985 ad
2618 2921 2833 3005 legem
2876 2924 3200 3006 perfectae
3236 2924 3576 3003 libertatis,
3622 2925 3891 3007 spiritus
3928 2938 4152 2992 tamen
4197 2934 4266 2992 et
4308 2949 4445 2993 non

2489 3008 2726 3087 carnis,
2771 3009 3172 3094 confugisse:
3214 3011 3309 3075 ita
3347 3011 3521 3093 quod
3563 3009 3774 3075 veluti
3816 3010 3900 3075 ad
3942 3018 4217 3089 caetera,
4262 3014 4446 3079 simi-

2490 3093 2643 3159 liter
2698 3115 2817 3160 nec
2876 3096 2960 3160 ad
3016 3096 3406 3162 caelibatum
3463 3097 3681 3178 (cuius
3739 3096 3918 3163 cordi
3958 3098 4292 3163 Dominus
4340 3099 4444 3164 in-

2489 3180 2677 3243 fluxu
2724 3180 3006 3263 quodam
3049 3179 3119 3246 id
3153 3203 3288 3246 non
3320 3183 3760 3259 instillaverit,
3810 3189 3884 3248 ut
3916 3183 4080 3249 velit
4112 3185 4447 3268 possitque

2489 3272 2724 3349 sponte
2768 3287 2844 3331 ac
2878 3268 3159 3333 libenter
3200 3288 3320 3350 per
3353 3269 3666 3335 virtutem
3689 3267 3817 3332 Dei
3855 3289 3927 3333 se
3965 3271 4319 3347 continere,
4364 3291 4446 3338 ea

2488 3351 2628 3417 sola
2660 3352 3025 3419 intentione
3060 3361 3137 3419 ut
3168 3354 3428 3421 facilius
3460 3376 3536 3420 ae
3571 3353 3939 3436 expeditius
3973 3355 4140 3420 citra
4174 3355 4445 3423 distrac-

2488 3438 2700 3502 tiones
2744 3446 2812 3502 et
2855 3450 3278 3505 avocamenta
3321 3440 3467 3505 Deo
3507 3440 3581 3504 in
3620 3439 3893 3506 ecclesia
3935 3440 4076 3506 eius
4119 3442 4444 3509 inservire

2490 3526 2714 3605 queat)
2759 3525 3087 3591 neminem
3123 3526 3343 3607 aliqua
3385 3547 3475 3605 re,
3521 3533 3710 3591 extra
3754 3526 3925 3592 hanc
3947 3527 4075 3591 Dei
4112 3527 4446 3595 internam

2489 3609 2982 3693 impulsionem,
3042 3610 3368 3694 adigimus
3422 3618 3541 3676 aut
3596 3613 3917 3695 cogimus:
3984 3614 4265 3679 scientes
4323 3634 4446 3682 nos

2488 3715 2624 3760 non
2669 3716 2807 3761 esse
2854 3695 3296 3763 dominatores
3339 3697 3630 3763 cordium
3678 3698 4148 3776 humanorum,
4208 3718 4446 3765 verum

2490 3801 2714 3847 servos
2755 3781 2951 3861 illius,
2996 3783 3101 3849 cui
3146 3783 3444 3848 habitare
3478 3784 3546 3847 in
3584 3783 3714 3848 illis
3750 3783 4228 3865 complacuerit.
4296 3785 4445 3853 Hoc

2490 3876 2713 3932 tamen
2755 3866 2959 3933 libere
2998 3869 3297 3946 fatemur,
3356 3866 3528 3951 quod
3570 3869 3762 3934 sicuti
3805 3868 3887 3933 ad
3930 3878 4190 3936 caetera
4229 3869 4446 3938 cordis

2489 3948 2664 4016 dona
2680 3962 2951 4019 externe
2986 3954 3541 4030 administramus,
3579 3964 3646 4018 et
3680 3954 3889 4036 primo
3911 3955 4203 4020 omnium
4240 3955 4444 4024 verbo

2488 4038 2817 4122 evangelii
2852 4039 2936 4105 ad
2971 4039 3374 4123 assequenda
3394 4041 3844 4123 potiundaque
3879 4062 3975 4119 ea,
4013 4039 4248 4106 deinde
4284 4061 4444 4109 vero

2488 4121 2571 4187 ad
2627 4145 2997 4192 successum
3056 4134 3125 4191 et
3179 4127 3741 4192 conservationem
3796 4127 3869 4190 in
3924 4128 4072 4205 eis,=
4119 4128 4249 4192 iam
4305 4148 4443 4194 non

2488 4209 2626 4274 solo
2679 4211 2884 4277 verbo
2939 4211 3180 4291 vocali,
3235 4233 3464 4278 verum
3524 4213 3724 4277 etiam
3782 4212 4105 4296 praesidio
4145 4212 4444 4280 laudabi-

2486 4295 2653 4360 lium
2693 4297 3176 4363 ordinationum
3222 4306 3289 4364 et
3329 4299 3594 4375 rituum,
3640 4318 3803 4381 quae
3846 4299 4131 4364 iustitiae
4176 4298 4331 4364 fidei
4374 4305 4446 4365 et

2490 4381 2797 4466 decalogo
2849 4405 2983 4449 non
3027 4393 3403 4469 repugnant
3451 4406 3662 4468 neque
3706 4405 3784 4449 ca
3819 4385 4090 4463 violant,
4149 4382 4326 4449 idem
4374 4391 4444 4452 et

2488 4467 2562 4531 in
2616 4488 2812 4535 causa
2873 4470 3226 4536 caelibatus
3282 4470 3588 4536 facimus:
3654 4471 3934 4536 scientes
3999 4471 4445 4538 ministerium

2488 4564 2784 4620 nostrum
2840 4556 2922 4621 iis
2965 4554 3229 4621 demum
3282 4557 3698 4640 profuturum
3756 4566 3823 4621 et
3877 4557 4232 4622 utilitatem
4288 4556 4446 4623 alla-

2488 4650 2731 4719 turum,
2776 4642 2848 4706 in
2891 4640 3124 4724 quibus
3170 4642 3457 4708 Domino
3513 4642 3976 4725 complacuerit
4029 4664 4194 4725 opus
4246 4662 4443 4709 suum

2487 4728 2764 4810 operari,
2810 4727 2921 4792 ubi
2967 4749 3122 4792 vero
3179 4729 3470 4810 operatio
3529 4729 3691 4792 haec
3734 4727 3956 4793 divina
4002 4729 4262 4793 interne
4303 4747 4443 4795 ces·

2487 4823 2620 4891 sat,
2677 4814 2769 4879 ibi
2823 4820 2890 4878 et
2940 4813 3376 4878 ministerium
3436 4823 3734 4879 nostrum
3780 4814 3952 4878 illico
3998 4813 4248 4880 dest-itit
4290 4812 4442 4878 nul-

2484 4899 2749 4982 lamque
2792 4899 3075 4984 amplius
3116 4900 3471 4966 efficaciam
3517 4899 3731 4966 habet.
3832 4900 4176 4965 Eiusmodi
4220 4907 4444 4965 autem

2485 4987 2598 5068 qui
2640 4986 2888 5050 donum
2931 4984 3056 5052 hoc
3099 4985 3454 5068 perdiderit
3473 4987 3618 5051 Deo
3660 4985 4168 5051 commendatur.
4236 4985 4445 5051 Prae·
4557 5043 4562 5049 .

2486 5079 2749 5155 ceptum
2796 5072 3120 5172 siquidem
3163 5069 3465 5151 Domini,
3522 5071 3825 5222 quiddinh
3858 5092 3937 5137 ea
3992 5090 4214 5171 causa·
4245 5089 4445 5220 ptbrro

2484 5157 2967 5309 ztfflw
2992 5157 4446 5327 :223.1¹322233¹⁸.„.t1g.3⁰‡153t,matzatz

2484 5328 2869 5396 mortalibus
2933 5328 3646 5415 scandalizantibusque
3711 5349 3781 5395 se
3858 5349 3993 5394 non
4070 5327 4445 5412 polluendo,

3929 5430 4026 5484 16*

4315 425 4521 491 246‘
