<?xml version="1.0" encoding="UTF-8"?>
<!DOCTYPE html PUBLIC "-//W3C//DTD XHTML 1.0 Transitional//EN"
    "http://www.w3.org/TR/xhtml1/DTD/xhtml1-transitional.dtd">
<html xmlns="http://www.w3.org/1999/xhtml" xml:lang="en" lang="en">
 <head>
  <title>
</title>
<meta http-equiv="Content-Type" content="text/html;charset=utf-8" />
  <meta name='ocr-system' content='tesseract 3.04.00' />
  <meta name='ocr-capabilities' content='ocr_page ocr_carea ocr_par ocr_line ocrx_word'/>
</head>
<body>
  <div class='ocr_page' id='page_1' title='image "./ioanniscalvinio13unkngoog_0342.png"; bbox 0 0 5050 6167; ppageno 0'>
   <div class='ocr_carea' id='block_1_1' title="bbox 583 458 711 520">
    <p class='ocr_par' dir='ltr' id='par_1_1' title="bbox 583 458 711 520">
     <span class='ocr_line' id='line_1_1' title="bbox 583 458 711 520; baseline 0.008 -1"><span class='ocrx_word' id='word_1_1' title='bbox 583 458 711 520; x_wconf 79' lang='lat'><strong>655</strong></span> 
     </span>
    </p>
   </div>
   <div class='ocr_carea' id='block_1_2' title="bbox 581 640 2543 880">
    <p class='ocr_par' dir='ltr' id='par_1_2' title="bbox 581 640 2543 880">
     <span class='ocr_line' id='line_1_2' title="bbox 583 640 2543 726; baseline -0.001 -19"><span class='ocrx_word' id='word_1_2' title='bbox 583 641 979 726; x_wconf 82' lang='lat' dir='ltr'><strong>Integritate</strong></span> <span class='ocrx_word' id='word_1_3' title='bbox 1020 641 1317 707; x_wconf 85' lang='lat' dir='ltr'><strong>doctrina</strong></span> <span class='ocrx_word' id='word_1_4' title='bbox 1372 648 1438 707; x_wconf 86' lang='lat' dir='ltr'><strong>et</strong></span> <span class='ocrx_word' id='word_1_5' title='bbox 1493 640 1866 707; x_wconf 79' lang='lat' dir='ltr'><strong>eruditione</strong></span> <span class='ocrx_word' id='word_1_6' title='bbox 1909 660 2167 706; x_wconf 89' lang='lat' dir='ltr'><strong>summo</strong></span> <span class='ocrx_word' id='word_1_7' title='bbox 2210 640 2355 704; x_wconf 86' lang='lat' dir='ltr'><strong>viro</strong></span> <span class='ocrx_word' id='word_1_8' title='bbox 2397 641 2543 706; x_wconf 93' lang='lat' dir='ltr'><strong>Do-</strong></span> 
     </span>
     <span class='ocr_line' id='line_1_3' title="bbox 581 725 2540 794; baseline -0.001 -1"><span class='ocrx_word' id='word_1_9' title='bbox 581 729 766 793; x_wconf 87' lang='lat' dir='ltr'><strong>mino</strong></span> <span class='ocrx_word' id='word_1_10' title='bbox 856 727 1092 793; x_wconf 91' lang='lat' dir='ltr'><strong>Ioanni</strong></span> <span class='ocrx_word' id='word_1_11' title='bbox 1183 727 1465 794; x_wconf 83' lang='lat' dir='ltr'><strong>Calvino</strong></span> <span class='ocrx_word' id='word_1_12' title='bbox 1545 727 2036 794; x_wconf 82' lang='lat' dir='ltr'><strong>Genevensium</strong></span> <span class='ocrx_word' id='word_1_13' title='bbox 2121 725 2540 793; x_wconf 87' lang='lat' dir='ltr'><strong>ecclesiastae</strong></span> 
     </span>
     <span class='ocr_line' id='line_1_4' title="bbox 1122 811 1998 880; baseline -0.003 -1"><span class='ocrx_word' id='word_1_14' title='bbox 1122 814 1333 880; x_wconf 90' lang='lat' dir='ltr'><strong>amico</strong></span> <span class='ocrx_word' id='word_1_15' title='bbox 1376 833 1495 879; x_wconf 91' lang='lat' dir='ltr'><strong>suo</strong></span> <span class='ocrx_word' id='word_1_16' title='bbox 1538 813 1704 878; x_wconf 90' lang='lat' dir='ltr'><strong>bene</strong></span> <span class='ocrx_word' id='word_1_17' title='bbox 1744 811 1998 877; x_wconf 89' lang='lat' dir='ltr'><strong>merito.</strong></span> 
     </span>
    </p>
   </div>
   <div class='ocr_carea' id='block_1_3' title="bbox 562 946 2536 4372">
    <p class='ocr_par' dir='ltr' id='par_1_3' title="bbox 562 946 2536 4372">
     <span class='ocr_line' id='line_1_5' title="bbox 755 946 2535 1033; baseline -0.002 -17"><span class='ocrx_word' id='word_1_18' title='bbox 755 948 827 1016; x_wconf 80' lang='lat' dir='ltr'><strong>S.</strong></span> <span class='ocrx_word' id='word_1_19' title='bbox 892 951 970 1016; x_wconf 92' lang='lat' dir='ltr'><strong>P.</strong></span> <span class='ocrx_word' id='word_1_20' title='bbox 1041 949 1182 1015; x_wconf 73' lang='lat' dir='ltr'><strong>Gur</strong></span> <span class='ocrx_word' id='word_1_21' title='bbox 1245 949 1463 1015; x_wconf 90' lang='lat' dir='ltr'><strong>minus</strong></span> <span class='ocrx_word' id='word_1_22' title='bbox 1529 949 2040 1033; x_wconf 85' lang='lat' dir='ltr'><strong>exoptatissimis</strong></span> <span class='ocrx_word' id='word_1_23' title='bbox 2105 948 2239 1013; x_wconf 90' lang='lat' dir='ltr'><strong>tuis</strong></span> <span class='ocrx_word' id='word_1_24' title='bbox 2309 946 2535 1028; x_wconf 90' lang='lat' dir='ltr'><strong>literis,</strong></span> 
     </span>
     <span class='ocr_line' id='line_1_6' title="bbox 582 1032 2535 1120; baseline 0 -20"><span class='ocrx_word' id='word_1_25' title='bbox 582 1035 709 1100; x_wconf 87' lang='lat' dir='ltr'><strong>Vir</strong></span> <span class='ocrx_word' id='word_1_26' title='bbox 750 1035 1156 1120; x_wconf 82' lang='lat' dir='ltr'><strong>gravissime,</strong></span> <span class='ocrx_word' id='word_1_27' title='bbox 1202 1034 1452 1101; x_wconf 88' lang='lat' dir='ltr'><strong>decimo</strong></span> <span class='ocrx_word' id='word_1_28' title='bbox 1495 1042 1680 1100; x_wconf 88' lang='lat' dir='ltr'><strong>sexto</strong></span> <span class='ocrx_word' id='word_1_29' title='bbox 1717 1034 1857 1101; x_wconf 84' lang='lat' dir='ltr'><strong>Cal.</strong></span> <span class='ocrx_word' id='word_1_30' title='bbox 1895 1032 2147 1118; x_wconf 82' lang='lat' dir='ltr'>Aprilis</span> <span class='ocrx_word' id='word_1_31' title='bbox 2193 1055 2233 1098; x_wconf 92' lang='lat' dir='ltr'><strong>a</strong></span> <span class='ocrx_word' id='word_1_32' title='bbox 2276 1054 2381 1098; x_wconf 92' lang='lat' dir='ltr'><strong>me</strong></span> <span class='ocrx_word' id='word_1_33' title='bbox 2426 1055 2535 1100; x_wconf 89' lang='lat' dir='ltr'><strong>ac-</strong></span> 
     </span>
     <span class='ocr_line' id='line_1_7' title="bbox 581 1119 2536 1207; baseline -0.003 -18"><span class='ocrx_word' id='word_1_34' title='bbox 581 1122 805 1204; x_wconf 88' lang='lat' dir='ltr'><strong>ceptis,</strong></span> <span class='ocrx_word' id='word_1_35' title='bbox 841 1120 891 1207; x_wconf 90' lang='lat'><strong>¹)</strong></span> <span class='ocrx_word' id='word_1_36' title='bbox 935 1121 1110 1186; x_wconf 90' lang='lat' dir='ltr'><strong>illico</strong></span> <span class='ocrx_word' id='word_1_37' title='bbox 1147 1130 1223 1185; x_wconf 90' lang='lat' dir='ltr'><strong>ut</strong></span> <span class='ocrx_word' id='word_1_38' title='bbox 1263 1141 1384 1203; x_wconf 87' lang='lat' dir='ltr'><strong>par</strong></span> <span class='ocrx_word' id='word_1_39' title='bbox 1423 1121 1550 1185; x_wconf 85' lang='lat' dir='ltr'><strong>fuit</strong></span> <span class='ocrx_word' id='word_1_40' title='bbox 1590 1129 1657 1186; x_wconf 89' lang='lat' dir='ltr'><strong>et</strong></span> <span class='ocrx_word' id='word_1_41' title='bbox 1692 1119 1982 1185; x_wconf 91' lang='lat' dir='ltr'><strong>studium</strong></span> <span class='ocrx_word' id='word_1_42' title='bbox 2018 1139 2177 1203; x_wconf 82' lang='lat' dir='ltr'><strong>erga</strong></span> <span class='ocrx_word' id='word_1_43' title='bbox 2209 1129 2278 1183; x_wconf 89' lang='lat' dir='ltr'><strong>te</strong></span> <span class='ocrx_word' id='word_1_44' title='bbox 2313 1140 2536 1184; x_wconf 88' lang='lat' dir='ltr'><strong>meum</strong></span> 
     </span>
     <span class='ocr_line' id='line_1_8' title="bbox 579 1204 2536 1290; baseline -0.001 -19"><span class='ocrx_word' id='word_1_45' title='bbox 579 1207 884 1290; x_wconf 80' lang='lat' dir='ltr'><strong>exigebat</strong></span> <span class='ocrx_word' id='word_1_46' title='bbox 940 1205 1418 1290; x_wconf 82' lang='lat' dir='ltr'><strong>responderim,</strong></span> <span class='ocrx_word' id='word_1_47' title='bbox 1484 1208 1555 1271; x_wconf 92' lang='lat' dir='ltr'><strong>in</strong></span> <span class='ocrx_word' id='word_1_48' title='bbox 1608 1226 1806 1272; x_wconf 89' lang='lat' dir='ltr'><strong>causa</strong></span> <span class='ocrx_word' id='word_1_49' title='bbox 1861 1206 2013 1283; x_wconf 87' lang='lat' dir='ltr'><strong>fuit,</strong></span> <span class='ocrx_word' id='word_1_50' title='bbox 2079 1225 2215 1269; x_wconf 91' lang='lat' dir='ltr'><strong>non</strong></span> <span class='ocrx_word' id='word_1_51' title='bbox 2271 1204 2536 1288; x_wconf 89' lang='lat' dir='ltr'><strong>quidem</strong></span> 
     </span>
     <span class='ocr_line' id='line_1_9' title="bbox 577 1291 2534 1377; baseline -0.004 -16"><span class='ocrx_word' id='word_1_52' title='bbox 577 1314 730 1361; x_wconf 82' lang='lat' dir='ltr'><strong>mea</strong></span> <span class='ocrx_word' id='word_1_53' title='bbox 770 1291 1193 1377; x_wconf 80' lang='lat' dir='ltr'><strong>negligentia,</strong></span> <span class='ocrx_word' id='word_1_54' title='bbox 1237 1295 1348 1375; x_wconf 90' lang='lat' dir='ltr'><strong>qui</strong></span> <span class='ocrx_word' id='word_1_55' title='bbox 1392 1291 1686 1376; x_wconf 84' lang='lat' dir='ltr'><strong>singulas</strong></span> <span class='ocrx_word' id='word_1_56' title='bbox 1725 1300 1872 1357; x_wconf 86' lang='lat' dir='ltr'><strong>tuas</strong></span> <span class='ocrx_word' id='word_1_57' title='bbox 1927 1296 2030 1369; x_wconf 87' lang='lat' dir='ltr'><strong>(ut</strong></span> <span class='ocrx_word' id='word_1_58' title='bbox 2071 1311 2231 1356; x_wconf 89' lang='lat' dir='ltr'><strong>sane</strong></span> <span class='ocrx_word' id='word_1_59' title='bbox 2273 1311 2534 1355; x_wconf 88' lang='lat' dir='ltr'><strong>meren-</strong></span> 
     </span>
     <span class='ocr_line' id='line_1_10' title="bbox 578 1374 2535 1461; baseline -0.001 -18"><span class='ocrx_word' id='word_1_60' title='bbox 578 1384 689 1443; x_wconf 88' lang='lat' dir='ltr'><strong>tur</strong></span> <span class='ocrx_word' id='word_1_61' title='bbox 753 1378 917 1445; x_wconf 87' lang='lat' dir='ltr'><strong>meis</strong></span> <span class='ocrx_word' id='word_1_62' title='bbox 963 1378 1133 1443; x_wconf 85' lang='lat' dir='ltr'><strong>binis</strong></span> <span class='ocrx_word' id='word_1_63' title='bbox 1168 1398 1245 1443; x_wconf 89' lang='lat' dir='ltr'><strong>ac</strong></span> <span class='ocrx_word' id='word_1_64' title='bbox 1279 1378 1483 1443; x_wconf 88' lang='lat' dir='ltr'><strong>ternis</strong></span> <span class='ocrx_word' id='word_1_65' title='bbox 1516 1397 1796 1460; x_wconf 88' lang='lat' dir='ltr'><strong>pensare</strong></span> <span class='ocrx_word' id='word_1_66' title='bbox 1834 1378 1919 1452; x_wconf 92' lang='lat' dir='ltr'><strong>(si</strong></span> <span class='ocrx_word' id='word_1_67' title='bbox 1955 1374 2276 1461; x_wconf 89' lang='lat' dir='ltr'><strong>pensandi</strong></span> <span class='ocrx_word' id='word_1_68' title='bbox 2311 1374 2535 1460; x_wconf 90' lang='lat' dir='ltr'><strong>aliqua</strong></span> 
     </span>
     <span class='ocr_line' id='line_1_11' title="bbox 575 1461 2532 1547; baseline -0.002 -18"><span class='ocrx_word' id='word_1_69' title='bbox 575 1474 747 1535; x_wconf 77' lang='lat' dir='ltr'><strong>ratio</strong></span> <span class='ocrx_word' id='word_1_70' title='bbox 782 1464 982 1545; x_wconf 85' lang='lat' dir='ltr'><strong>esset)</strong></span> <span class='ocrx_word' id='word_1_71' title='bbox 1019 1463 1297 1546; x_wconf 89' lang='lat' dir='ltr'><strong>cupiam,</strong></span> <span class='ocrx_word' id='word_1_72' title='bbox 1334 1484 1565 1529; x_wconf 92' lang='lat' dir='ltr'><strong>verum</strong></span> <span class='ocrx_word' id='word_1_73' title='bbox 1592 1463 1816 1528; x_wconf 88' lang='lat' dir='ltr'><strong>uxoris</strong></span> <span class='ocrx_word' id='word_1_74' title='bbox 1852 1463 2065 1547; x_wconf 85' lang='lat' dir='ltr'><strong>primo</strong></span> <span class='ocrx_word' id='word_1_75' title='bbox 2093 1461 2532 1546; x_wconf 85' lang='lat' dir='ltr'><strong>puerperium,</strong></span> 
     </span>
     <span class='ocr_line' id='line_1_12' title="bbox 578 1545 2533 1632; baseline 0 -18"><span class='ocrx_word' id='word_1_76' title='bbox 578 1545 813 1614; x_wconf 89' lang='lat' dir='ltr'><strong>deinde</strong></span> <span class='ocrx_word' id='word_1_77' title='bbox 872 1549 1264 1615; x_wconf 89' lang='lat' dir='ltr'><strong>nunciorum</strong></span> <span class='ocrx_word' id='word_1_78' title='bbox 1317 1548 1625 1632; x_wconf 88' lang='lat' dir='ltr'><strong>penuria,</strong></span> <span class='ocrx_word' id='word_1_79' title='bbox 1682 1548 1879 1632; x_wconf 90' lang='lat' dir='ltr'><strong>paulo</strong></span> <span class='ocrx_word' id='word_1_80' title='bbox 1934 1556 2084 1632; x_wconf 87' lang='lat' dir='ltr'><strong>post</strong></span> <span class='ocrx_word' id='word_1_81' title='bbox 2141 1568 2344 1631; x_wconf 89' lang='lat' dir='ltr'><strong>usque</strong></span> <span class='ocrx_word' id='word_1_82' title='bbox 2402 1547 2533 1614; x_wconf 91' lang='lat' dir='ltr'><strong>huc</strong></span> 
     </span>
     <span class='ocr_line' id='line_1_13' title="bbox 574 1633 2530 1718; baseline -0.002 -18"><span class='ocrx_word' id='word_1_83' title='bbox 574 1634 879 1701; x_wconf 89' lang='lat' dir='ltr'><strong>assiduus</strong></span> <span class='ocrx_word' id='word_1_84' title='bbox 936 1635 1203 1700; x_wconf 78' lang='lat' dir='ltr'><strong>morbus</strong></span> <span class='ocrx_word' id='word_1_85' title='bbox 1262 1634 1529 1699; x_wconf 88' lang='lat' dir='ltr'><strong>obstitit.</strong></span> <span class='ocrx_word' id='word_1_86' title='bbox 1620 1634 1903 1718; x_wconf 86' lang='lat' dir='ltr'><strong>Affligor</strong></span> <span class='ocrx_word' id='word_1_87' title='bbox 1964 1633 2142 1698; x_wconf 89' lang='lat' dir='ltr'><strong>enim</strong></span> <span class='ocrx_word' id='word_1_88' title='bbox 2205 1634 2530 1716; x_wconf 89' lang='lat' dir='ltr'><strong>permissu</strong></span> 
     </span>
     <span class='ocr_line' id='line_1_14' title="bbox 573 1717 2531 1803; baseline -0.002 -17"><span class='ocrx_word' id='word_1_89' title='bbox 573 1720 850 1786; x_wconf 89' lang='lat' dir='ltr'><strong>Domini</strong></span> <span class='ocrx_word' id='word_1_90' title='bbox 885 1720 1177 1786; x_wconf 81' lang='lat' dir='ltr'><strong>febribus</strong></span> <span class='ocrx_word' id='word_1_91' title='bbox 1222 1720 1615 1802; x_wconf 89' lang='lat' dir='ltr'><strong>epidemicis,</strong></span> <span class='ocrx_word' id='word_1_92' title='bbox 1671 1740 1836 1803; x_wconf 89' lang='lat' dir='ltr'><strong>quae</strong></span> <span class='ocrx_word' id='word_1_93' title='bbox 1883 1717 1980 1784; x_wconf 91' lang='lat' dir='ltr'><strong>bis</strong></span> <span class='ocrx_word' id='word_1_94' title='bbox 2022 1740 2128 1784; x_wconf 92' lang='lat' dir='ltr'><strong>me</strong></span> <span class='ocrx_word' id='word_1_95' title='bbox 2173 1717 2255 1784; x_wconf 87' lang='lat' dir='ltr'><strong>ad</strong></span> <span class='ocrx_word' id='word_1_96' title='bbox 2299 1719 2531 1784; x_wconf 90' lang='lat' dir='ltr'><strong>mortis</strong></span> 
     </span>
     <span class='ocr_line' id='line_1_15' title="bbox 573 1804 2530 1890; baseline -0.003 -17"><span class='ocrx_word' id='word_1_97' title='bbox 573 1805 960 1884; x_wconf 74' lang='lat' dir='ltr'><strong>discrimen,</strong></span> <span class='ocrx_word' id='word_1_98' title='bbox 1018 1810 1332 1888; x_wconf 85' lang='lat' dir='ltr'><strong>tanquam</strong></span> <span class='ocrx_word' id='word_1_99' title='bbox 1375 1804 1458 1870; x_wconf 90' lang='lat' dir='ltr'><strong>ad</strong></span> <span class='ocrx_word' id='word_1_100' title='bbox 1512 1806 1715 1871; x_wconf 90' lang='lat' dir='ltr'><strong>aciem</strong></span> <span class='ocrx_word' id='word_1_101' title='bbox 1771 1804 1877 1889; x_wconf 91' lang='lat' dir='ltr'><strong>(ut</strong></span> <span class='ocrx_word' id='word_1_102' title='bbox 1919 1804 2054 1871; x_wconf 83' lang='lat' dir='ltr'><strong>dici</strong></span> <span class='ocrx_word' id='word_1_103' title='bbox 2091 1804 2284 1890; x_wconf 89' lang='lat' dir='ltr'><strong>solet)</strong></span> <span class='ocrx_word' id='word_1_104' title='bbox 2326 1825 2530 1869; x_wconf 88' lang='lat' dir='ltr'><strong>nova-</strong></span> 
     </span>
     <span class='ocr_line' id='line_1_16' title="bbox 575 1889 2532 1975; baseline -0.001 -19"><span class='ocrx_word' id='word_1_105' title='bbox 575 1892 762 1957; x_wconf 90' lang='lat' dir='ltr'><strong>culae</strong></span> <span class='ocrx_word' id='word_1_106' title='bbox 815 1891 1207 1975; x_wconf 86' lang='lat' dir='ltr'><strong>adegerunt,</strong></span> <span class='ocrx_word' id='word_1_107' title='bbox 1266 1890 1348 1957; x_wconf 90' lang='lat' dir='ltr'><strong>ab</strong></span> <span class='ocrx_word' id='word_1_108' title='bbox 1402 1891 1590 1956; x_wconf 91' lang='lat' dir='ltr'><strong>initio</strong></span> <span class='ocrx_word' id='word_1_109' title='bbox 1634 1889 1957 1973; x_wconf 77' lang='lat' dir='ltr'><strong>Quintilis</strong></span> <span class='ocrx_word' id='word_1_110' title='bbox 1997 1891 2073 1955; x_wconf 89' lang='lat' dir='ltr'><strong>in</strong></span> <span class='ocrx_word' id='word_1_111' title='bbox 2116 1898 2532 1973; x_wconf 79' lang='lat' dir='ltr'><strong>praesentem</strong></span> 
     </span>
     <span class='ocr_line' id='line_1_17' title="bbox 574 1975 2532 2060; baseline -0.001 -18"><span class='ocrx_word' id='word_1_112' title='bbox 574 1998 784 2060; x_wconf 86' lang='lat' dir='ltr'><strong>usque</strong></span> <span class='ocrx_word' id='word_1_113' title='bbox 839 1976 1043 2056; x_wconf 91' lang='lat' dir='ltr'><strong>diem,</strong></span> <span class='ocrx_word' id='word_1_114' title='bbox 1099 1976 1280 2042; x_wconf 89' lang='lat' dir='ltr'><strong>haud</strong></span> <span class='ocrx_word' id='word_1_115' title='bbox 1322 1975 1516 2043; x_wconf 91' lang='lat' dir='ltr'><strong>dubie</strong></span> <span class='ocrx_word' id='word_1_116' title='bbox 1559 1997 1689 2041; x_wconf 92' lang='lat' dir='ltr'><strong>non</strong></span> <span class='ocrx_word' id='word_1_117' title='bbox 1746 1995 2061 2043; x_wconf 89' lang='lat' dir='ltr'><strong>evasurus</strong></span> <span class='ocrx_word' id='word_1_118' title='bbox 2102 1975 2231 2042; x_wconf 91' lang='lat' dir='ltr'><strong>nisi</strong></span> <span class='ocrx_word' id='word_1_119' title='bbox 2273 1976 2532 2060; x_wconf 90' lang='lat' dir='ltr'><strong>piorum</strong></span> 
     </span>
     <span class='ocr_line' id='line_1_18' title="bbox 576 2061 2532 2146; baseline -0.001 -18"><span class='ocrx_word' id='word_1_120' title='bbox 576 2061 877 2146; x_wconf 77' lang='lat' dir='ltr'><strong>precibus</strong></span> <span class='ocrx_word' id='word_1_121' title='bbox 918 2062 1203 2140; x_wconf 85' lang='lat' dir='ltr'><strong>adiutus,</strong></span> <span class='ocrx_word' id='word_1_122' title='bbox 1247 2083 1525 2146; x_wconf 88' lang='lat' dir='ltr'><strong>quorum</strong></span> <span class='ocrx_word' id='word_1_123' title='bbox 1560 2082 1762 2146; x_wconf 88' lang='lat' dir='ltr'><strong>quum</strong></span> <span class='ocrx_word' id='word_1_124' title='bbox 1805 2068 1880 2127; x_wconf 89' lang='lat' dir='ltr'><strong>tu</strong></span> <span class='ocrx_word' id='word_1_125' title='bbox 1917 2062 2192 2127; x_wconf 88' lang='lat' dir='ltr'><strong>antistes</strong></span> <span class='ocrx_word' id='word_1_126' title='bbox 2235 2082 2306 2127; x_wconf 90' lang='lat' dir='ltr'><strong>es</strong></span> <span class='ocrx_word' id='word_1_127' title='bbox 2341 2082 2532 2145; x_wconf 90' lang='lat' dir='ltr'><strong>opem</strong></span> 
     </span>
     <span class='ocr_line' id='line_1_19' title="bbox 575 2145 2531 2232; baseline -0.001 -19"><span class='ocrx_word' id='word_1_128' title='bbox 575 2157 763 2213; x_wconf 88' lang='lat' dir='ltr'><strong>tuam</strong></span> <span class='ocrx_word' id='word_1_129' title='bbox 805 2146 1157 2232; x_wconf 84' lang='lat' dir='ltr'><strong>diligenter</strong></span> <span class='ocrx_word' id='word_1_130' title='bbox 1198 2147 1497 2230; x_wconf 91' lang='lat' dir='ltr'><strong>imploro,</strong></span> <span class='ocrx_word' id='word_1_131' title='bbox 1553 2156 1631 2212; x_wconf 90' lang='grc' dir='ltr'><strong>ιιι</strong></span> <span class='ocrx_word' id='word_1_132' title='bbox 1689 2156 1762 2213; x_wconf 82' lang='grc' dir='ltr'><strong>ιιι</strong></span> <span class='ocrx_word' id='word_1_133' title='bbox 1813 2168 2086 2232; x_wconf 89' lang='lat' dir='ltr'><strong>quoque,</strong></span> <span class='ocrx_word' id='word_1_134' title='bbox 2144 2148 2201 2212; x_wconf 88' lang='lat' dir='ltr'><strong>si</strong></span> <span class='ocrx_word' id='word_1_135' title='bbox 2242 2145 2531 2212; x_wconf 88' lang='lat' dir='ltr'><strong>Domino</strong></span> 
     </span>
     <span class='ocr_line' id='line_1_20' title="bbox 574 2233 2530 2317; baseline -0.001 -17"><span class='ocrx_word' id='word_1_136' title='bbox 574 2233 831 2317; x_wconf 84' lang='lat' dir='ltr'><strong>placeat</strong></span> <span class='ocrx_word' id='word_1_137' title='bbox 885 2233 1062 2301; x_wconf 87' lang='lat' dir='ltr'><strong>hunc</strong></span> <span class='ocrx_word' id='word_1_138' title='bbox 1118 2233 1386 2299; x_wconf 85' lang='lat' dir='ltr'><strong>calicem</strong></span> <span class='ocrx_word' id='word_1_139' title='bbox 1443 2254 1484 2299; x_wconf 90' lang='lat' dir='ltr'><strong>a</strong></span> <span class='ocrx_word' id='word_1_140' title='bbox 1539 2254 1646 2297; x_wconf 92' lang='lat' dir='ltr'><strong>me</strong></span> <span class='ocrx_word' id='word_1_141' title='bbox 1705 2242 2022 2314; x_wconf 88' lang='lat' dir='ltr'><strong>avertere,</strong></span> <span class='ocrx_word' id='word_1_142' title='bbox 2076 2253 2340 2300; x_wconf 89' lang='lat' dir='ltr'><strong>mecum</strong></span> <span class='ocrx_word' id='word_1_143' title='bbox 2383 2252 2530 2298; x_wconf 91' lang='lat' dir='ltr'><strong>ores</strong></span> 
     </span>
     <span class='ocr_line' id='line_1_21' title="bbox 573 2317 2528 2397; baseline -0.002 -12"><span class='ocrx_word' id='word_1_144' title='bbox 573 2327 652 2385; x_wconf 89' lang='lat' dir='ltr'><strong>ut</strong></span> <span class='ocrx_word' id='word_1_145' title='bbox 693 2320 812 2384; x_wconf 88' lang='lat' dir='ltr'><strong>fiat</strong></span> <span class='ocrx_word' id='word_1_146' title='bbox 854 2318 1158 2385; x_wconf 88' lang='lat' dir='ltr'><strong>voluntas</strong></span> <span class='ocrx_word' id='word_1_147' title='bbox 1202 2318 1491 2384; x_wconf 89' lang='lat' dir='ltr'><strong>Domini.</strong></span> <span class='ocrx_word' id='word_1_148' title='bbox 1582 2318 1935 2385; x_wconf 79' lang='lat' dir='ltr'><strong>Caeterum</strong></span> <span class='ocrx_word' id='word_1_149' title='bbox 1977 2340 2144 2384; x_wconf 90' lang='lat' dir='ltr'><strong>uxor</strong></span> <span class='ocrx_word' id='word_1_150' title='bbox 2199 2326 2265 2385; x_wconf 91' lang='lat' dir='ltr'><strong>et</strong></span> <span class='ocrx_word' id='word_1_151' title='bbox 2309 2317 2528 2397; x_wconf 87' lang='lat' dir='ltr'><strong>filiola,</strong></span> 
     </span>
     <span class='ocr_line' id='line_1_22' title="bbox 573 2402 2531 2490; baseline -0.001 -19"><span class='ocrx_word' id='word_1_152' title='bbox 573 2405 684 2471; x_wconf 88' lang='lat' dir='ltr'><strong>cui</strong></span> <span class='ocrx_word' id='word_1_153' title='bbox 726 2404 952 2486; x_wconf 90' lang='lat' dir='ltr'><strong>quinto</strong></span> <span class='ocrx_word' id='word_1_154' title='bbox 1010 2404 1274 2469; x_wconf 89' lang='lat' dir='ltr'><strong>demum</strong></span> <span class='ocrx_word' id='word_1_155' title='bbox 1328 2424 1503 2469; x_wconf 91' lang='lat' dir='ltr'><strong>anno</strong></span> <span class='ocrx_word' id='word_1_156' title='bbox 1528 2402 1587 2490; x_wconf 78' lang='lat'><strong>2)</strong></span> <span class='ocrx_word' id='word_1_157' title='bbox 1631 2412 1700 2469; x_wconf 86' lang='lat' dir='ltr'><strong>et</strong></span> <span class='ocrx_word' id='word_1_158' title='bbox 1740 2403 1928 2469; x_wconf 91' lang='lat' dir='ltr'><strong>velut</strong></span> <span class='ocrx_word' id='word_1_159' title='bbox 1981 2403 2295 2470; x_wconf 89' lang='lat' dir='ltr'><strong>divinitus</strong></span> <span class='ocrx_word' id='word_1_160' title='bbox 2339 2403 2531 2469; x_wconf 87' lang='lat' dir='ltr'><strong>datae</strong></span> 
     </span>
     <span class='ocr_line' id='line_1_23' title="bbox 580 2488 2533 2569; baseline -0.002 -12"><span class='ocrx_word' id='word_1_161' title='bbox 580 2489 940 2557; x_wconf 72' lang='lat' dir='ltr'><strong>Theodorus</strong></span> <span class='ocrx_word' id='word_1_162' title='bbox 981 2511 1223 2557; x_wconf 93' lang='lat' dir='ltr'><strong>nomen</strong></span> <span class='ocrx_word' id='word_1_163' title='bbox 1266 2488 1492 2569; x_wconf 91' lang='lat' dir='ltr'><strong>indidi,</strong></span> <span class='ocrx_word' id='word_1_164' title='bbox 1538 2490 1698 2556; x_wconf 90' lang='lat' dir='ltr'><strong>satis</strong></span> <span class='ocrx_word' id='word_1_165' title='bbox 1731 2490 1897 2554; x_wconf 90' lang='lat' dir='ltr'><strong>bene</strong></span> <span class='ocrx_word' id='word_1_166' title='bbox 1932 2490 2178 2555; x_wconf 87' lang='lat' dir='ltr'><strong>valent.</strong></span> <span class='ocrx_word' id='word_1_167' title='bbox 2245 2488 2533 2554; x_wconf 80' lang='lat' dir='ltr'><strong>Familia</strong></span> 
     </span>
     <span class='ocr_line' id='line_1_24' title="bbox 573 2573 2531 2659; baseline -0.002 -18"><span class='ocrx_word' id='word_1_168' title='bbox 573 2576 826 2659; x_wconf 89' lang='lat' dir='ltr'><strong>reliqua</strong></span> <span class='ocrx_word' id='word_1_169' title='bbox 868 2575 1005 2641; x_wconf 84' lang='lat' dir='ltr'><strong>fere</strong></span> <span class='ocrx_word' id='word_1_170' title='bbox 1048 2583 1123 2640; x_wconf 90' lang='lat' dir='ltr'><strong>ut</strong></span> <span class='ocrx_word' id='word_1_171' title='bbox 1166 2595 1305 2659; x_wconf 84' lang='lat' dir='ltr'><strong>ego.</strong></span> <span class='ocrx_word' id='word_1_172' title='bbox 1376 2573 1565 2656; x_wconf 81' lang='lat' dir='ltr'><strong>Quae</strong></span> <span class='ocrx_word' id='word_1_173' title='bbox 1608 2585 1681 2641; x_wconf 89' lang='grc' dir='ltr'><strong>ιιι</strong></span> <span class='ocrx_word' id='word_1_174' title='bbox 1718 2575 1929 2640; x_wconf 89' lang='lat' dir='ltr'><strong>literis</strong></span> <span class='ocrx_word' id='word_1_175' title='bbox 1973 2574 2058 2640; x_wconf 88' lang='lat' dir='ltr'><strong>ad</strong></span> <span class='ocrx_word' id='word_1_176' title='bbox 2101 2573 2531 2656; x_wconf 70' lang='grc' dir='ltr'><strong>κατηχουμένην</strong></span> 
     </span>
     <span class='ocr_line' id='line_1_25' title="bbox 573 2659 2530 2745; baseline -0.002 -16"><span class='ocrx_word' id='word_1_177' title='bbox 573 2669 760 2729; x_wconf 82' lang='lat' dir='ltr'><strong>tuam</strong></span> <span class='ocrx_word' id='word_1_178' title='bbox 785 2662 844 2739; x_wconf 63' lang='grc' dir='ltr'><strong>Β)</strong></span> <span class='ocrx_word' id='word_1_179' title='bbox 903 2661 1154 2729; x_wconf 84' lang='lat' dir='ltr'><strong>vereris</strong></span> <span class='ocrx_word' id='word_1_180' title='bbox 1197 2664 1340 2745; x_wconf 74' lang='grc' dir='ltr'><strong>περὶ</strong></span> <span class='ocrx_word' id='word_1_181' title='bbox 1380 2666 1484 2724; x_wconf 72' lang='grc' dir='ltr'><strong>τοῦ</strong></span> <span class='ocrx_word' id='word_1_182' title='bbox 1525 2659 1970 2745; x_wconf 72' lang='grc' dir='ltr'><strong><em>αὐτοκράτορος,</em></strong></span> <span class='ocrx_word' id='word_1_183' title='bbox 2018 2661 2274 2744; x_wconf 89' lang='lat' dir='ltr'><strong>pridem</strong></span> <span class='ocrx_word' id='word_1_184' title='bbox 2311 2659 2530 2725; x_wconf 87' lang='lat' dir='ltr'><strong>timeri</strong></span> 
     </span>
     <span class='ocr_line' id='line_1_26' title="bbox 573 2744 2532 2830; baseline -0.001 -17"><span class='ocrx_word' id='word_1_185' title='bbox 573 2768 613 2813; x_wconf 91' lang='lat' dir='ltr'><strong>a</strong></span> <span class='ocrx_word' id='word_1_186' title='bbox 652 2746 1059 2829; x_wconf 87' lang='lat' dir='ltr'><strong>principibus</strong></span> <span class='ocrx_word' id='word_1_187' title='bbox 1101 2746 1504 2812; x_wconf 79' lang='lat' dir='ltr'><strong>nostratibus</strong></span> <span class='ocrx_word' id='word_1_188' title='bbox 1551 2768 1634 2811; x_wconf 93' lang='lat' dir='ltr'><strong>ex</strong></span> <span class='ocrx_word' id='word_1_189' title='bbox 1693 2744 2097 2812; x_wconf 80' lang='lat' dir='ltr'><strong>scholaribus</strong></span> <span class='ocrx_word' id='word_1_190' title='bbox 2140 2744 2532 2830; x_wconf 88' lang='lat' dir='ltr'><strong>quibusdam</strong></span> 
     </span>
     <span class='ocr_line' id='line_1_27' title="bbox 571 2830 2526 2912; baseline -0.002 -14"><span class='ocrx_word' id='word_1_191' title='bbox 571 2832 930 2899; x_wconf 85' lang='lat' dir='ltr'><strong>audieram.</strong></span> <span class='ocrx_word' id='word_1_192' title='bbox 1014 2833 1218 2912; x_wconf 90' lang='lat' dir='ltr'><strong>Deus,</strong></span> <span class='ocrx_word' id='word_1_193' title='bbox 1262 2833 1335 2898; x_wconf 92' lang='lat' dir='ltr'><strong>in</strong></span> <span class='ocrx_word' id='word_1_194' title='bbox 1380 2832 1566 2898; x_wconf 89' lang='lat' dir='ltr'><strong>cuius</strong></span> <span class='ocrx_word' id='word_1_195' title='bbox 1600 2852 1802 2898; x_wconf 92' lang='lat' dir='ltr'><strong>manu</strong></span> <span class='ocrx_word' id='word_1_196' title='bbox 1838 2830 2034 2897; x_wconf 87' lang='lat' dir='ltr'><strong>corda</strong></span> <span class='ocrx_word' id='word_1_197' title='bbox 2075 2853 2147 2896; x_wconf 90' lang='lat' dir='ltr'><strong>re</strong></span> <span class='ocrx_word' id='word_1_198' title='bbox 2195 2853 2308 2896; x_wconf 90' lang='lat' dir='ltr'><strong>um</strong></span> <span class='ocrx_word' id='word_1_199' title='bbox 2352 2840 2526 2910; x_wconf 88' lang='lat' dir='ltr'><strong>sunt,</strong></span> 
     </span>
     <span class='ocr_line' id='line_1_28' title="bbox 569 2915 2526 3000; baseline 0 -17"><span class='ocrx_word' id='word_1_200' title='bbox 569 2915 685 2983; x_wconf 88' lang='lat' dir='ltr'><strong>det</strong></span> <span class='ocrx_word' id='word_1_201' title='bbox 727 2917 1191 2985; x_wconf 87' lang='lat' dir='ltr'><strong>afflictissimae</strong></span> <span class='ocrx_word' id='word_1_202' title='bbox 1234 2917 1542 2985; x_wconf 87' lang='lat' dir='ltr'><strong>ecclesiae</strong></span> <span class='ocrx_word' id='word_1_203' title='bbox 1600 2938 1759 2984; x_wconf 90' lang='lat' dir='ltr'><strong>suae</strong></span> <span class='ocrx_word' id='word_1_204' title='bbox 1800 2938 2043 3000; x_wconf 89' lang='lat' dir='ltr'><strong>pacem.</strong></span> <span class='ocrx_word' id='word_1_205' title='bbox 2196 2938 2316 2982; x_wconf 90' lang='lat' dir='ltr'><strong>ene</strong></span> <span class='ocrx_word' id='word_1_206' title='bbox 2361 2918 2526 2996; x_wconf 87' lang='lat' dir='ltr'><strong>vale,</strong></span> 
     </span>
     <span class='ocr_line' id='line_1_29' title="bbox 569 3000 2531 3087; baseline 0.001 -18"><span class='ocrx_word' id='word_1_207' title='bbox 569 3011 773 3086; x_wconf 86' lang='lat' dir='ltr'><strong>atque</strong></span> <span class='ocrx_word' id='word_1_208' title='bbox 836 3004 894 3069; x_wconf 91' lang='lat' dir='ltr'><strong>si</strong></span> <span class='ocrx_word' id='word_1_209' title='bbox 961 3013 1144 3087; x_wconf 87' lang='lat' dir='ltr'><strong>potes</strong></span> <span class='ocrx_word' id='word_1_210' title='bbox 1208 3004 1584 3086; x_wconf 85' lang='lat' dir='ltr'><strong>frequenter</strong></span> <span class='ocrx_word' id='word_1_211' title='bbox 1648 3002 1732 3069; x_wconf 91' lang='lat' dir='ltr'><strong>ad</strong></span> <span class='ocrx_word' id='word_1_212' title='bbox 1797 3024 1916 3068; x_wconf 93' lang='lat' dir='ltr'><strong>nos</strong></span> <span class='ocrx_word' id='word_1_213' title='bbox 1983 3003 2209 3068; x_wconf 89' lang='lat' dir='ltr'><strong>scribe.</strong></span> <span class='ocrx_word' id='word_1_214' title='bbox 2295 3000 2531 3071; x_wconf 80' lang='lat' dir='ltr'><strong>Saluta</strong></span> 
     </span>
     <span class='ocr_line' id='line_1_30' title="bbox 577 3086 2530 3175; baseline -0.004 -17"><span class='ocrx_word' id='word_1_215' title='bbox 577 3108 735 3158; x_wconf 84' lang='lat' dir='ltr'><strong>vero</strong></span> <span class='ocrx_word' id='word_1_216' title='bbox 770 3089 1130 3172; x_wconf 85' lang='lat' dir='ltr'><strong>plurimum</strong></span> <span class='ocrx_word' id='word_1_217' title='bbox 1152 3086 1371 3155; x_wconf 91' lang='lat' dir='ltr'><strong>verbis</strong></span> <span class='ocrx_word' id='word_1_218' title='bbox 1401 3097 1709 3155; x_wconf 88' lang='lat' dir='ltr'><strong>renatum</strong></span> <span class='ocrx_word' id='word_1_219' title='bbox 1744 3089 1928 3154; x_wconf 88' lang='lat' dir='ltr'><strong>velut</strong></span> <span class='ocrx_word' id='word_1_220' title='bbox 1958 3090 2032 3175; x_wconf 82' lang='grc' dir='ltr'><strong>τῇ</strong></span> <span class='ocrx_word' id='word_1_221' title='bbox 2049 3091 2447 3173; x_wconf 69' lang='grc' dir='ltr'>πειθαγορικῇ</span> <span class='ocrx_word' id='word_1_222' title='bbox 2473 3086 2530 3174; x_wconf 90' lang='lat'><strong>⁴)</strong></span> 
     </span>
     <span class='ocr_line' id='line_1_31' title="bbox 565 3173 2532 3258; baseline 0.001 -21"><span class='ocrx_word' id='word_1_223' title='bbox 565 3173 1020 3258; x_wconf 77' lang='grc' dir='ltr'>μειεμψυχώσει</span> <span class='ocrx_word' id='word_1_224' title='bbox 1066 3175 1409 3241; x_wconf 87' lang='lat' dir='ltr'><strong>Maronem</strong></span> <span class='ocrx_word' id='word_1_225' title='bbox 1453 3195 1533 3239; x_wconf 94' lang='lat' dir='ltr'><strong>ex</strong></span> <span class='ocrx_word' id='word_1_226' title='bbox 1581 3173 1946 3240; x_wconf 83' lang='lat' dir='ltr'><strong>Mantuano</strong></span> <span class='ocrx_word' id='word_1_227' title='bbox 1992 3173 2316 3258; x_wconf 88' lang='lat' dir='ltr'><strong>quondam</strong></span> <span class='ocrx_word' id='word_1_228' title='bbox 2353 3194 2532 3239; x_wconf 90' lang='lat' dir='ltr'><strong>nunc</strong></span> 
     </span>
     <span class='ocr_line' id='line_1_32' title="bbox 569 3259 2526 3345; baseline 0 -20"><span class='ocrx_word' id='word_1_229' title='bbox 569 3271 869 3327; x_wconf 83' lang='lat' dir='ltr'><strong>vestrum</strong></span> <span class='ocrx_word' id='word_1_230' title='bbox 911 3260 1174 3325; x_wconf 86' lang='lat' dir='ltr'><strong>factum.</strong></span> <span class='ocrx_word' id='word_1_231' title='bbox 1205 3259 1261 3345; x_wconf 65' lang='grc' dir='ltr'><strong>ὅ)</strong></span> <span class='ocrx_word' id='word_1_232' title='bbox 1350 3261 1488 3326; x_wconf 89' lang='lat' dir='ltr'><strong>Nec</strong></span> <span class='ocrx_word' id='word_1_233' title='bbox 1530 3280 1666 3325; x_wconf 91' lang='lat' dir='ltr'><strong>non</strong></span> <span class='ocrx_word' id='word_1_234' title='bbox 1725 3259 1783 3324; x_wconf 89' lang='lat' dir='ltr'><strong>si</strong></span> <span class='ocrx_word' id='word_1_235' title='bbox 1827 3260 2174 3326; x_wconf 89' lang='lat' dir='ltr'><strong>molestum</strong></span> <span class='ocrx_word' id='word_1_236' title='bbox 2231 3281 2364 3326; x_wconf 93' lang='lat' dir='ltr'><strong>non</strong></span> <span class='ocrx_word' id='word_1_237' title='bbox 2408 3269 2526 3338; x_wconf 86' lang='lat' dir='ltr'><strong>est,</strong></span> 
     </span>
     <span class='ocr_line' id='line_1_33' title="bbox 574 3343 2530 3430; baseline -0.001 -17"><span class='ocrx_word' id='word_1_238' title='bbox 574 3344 856 3413; x_wconf 74' lang='lat' dir='ltr'><strong>coelium</strong></span> <span class='ocrx_word' id='word_1_239' title='bbox 925 3343 1293 3423; x_wconf 79' lang='lat' dir='ltr'><strong>Secundum,</strong></span> <span class='ocrx_word' id='word_1_240' title='bbox 1364 3343 1448 3411; x_wconf 90' lang='lat' dir='ltr'><strong>ad</strong></span> <span class='ocrx_word' id='word_1_241' title='bbox 1514 3365 1708 3429; x_wconf 89' lang='lat' dir='ltr'><strong>quem</strong></span> <span class='ocrx_word' id='word_1_242' title='bbox 1775 3346 2179 3430; x_wconf 85' lang='lat' dir='ltr'><strong>scripsissem</strong></span> <span class='ocrx_word' id='word_1_243' title='bbox 2246 3346 2303 3411; x_wconf 89' lang='lat' dir='ltr'><strong>si</strong></span> <span class='ocrx_word' id='word_1_244' title='bbox 2367 3344 2530 3429; x_wconf 88' lang='lat' dir='ltr'><strong>quid</strong></span> 
     </span>
     <span class='ocr_line' id='line_1_34' title="bbox 568 3429 2529 3500; baseline -0.001 -3"><span class='ocrx_word' id='word_1_245' title='bbox 568 3433 733 3497; x_wconf 88' lang='lat' dir='ltr'><strong>certi</strong></span> <span class='ocrx_word' id='word_1_246' title='bbox 790 3429 871 3496; x_wconf 90' lang='lat' dir='ltr'><strong>de</strong></span> <span class='ocrx_word' id='word_1_247' title='bbox 924 3432 1122 3496; x_wconf 90' lang='lat' dir='ltr'><strong>rebus</strong></span> <span class='ocrx_word' id='word_1_248' title='bbox 1178 3432 1321 3497; x_wconf 88' lang='lat' dir='ltr'><strong>eius</strong></span> <span class='ocrx_word' id='word_1_249' title='bbox 1379 3430 1543 3496; x_wconf 88' lang='lat' dir='ltr'><strong>mihi</strong></span> <span class='ocrx_word' id='word_1_250' title='bbox 1600 3431 2015 3498; x_wconf 74' lang='lat' dir='ltr'><strong>constitisset.</strong></span> <span class='ocrx_word' id='word_1_251' title='bbox 2101 3430 2385 3499; x_wconf 87' lang='lat' dir='ltr'><strong>Interim</strong></span> <span class='ocrx_word' id='word_1_252' title='bbox 2444 3430 2529 3500; x_wconf 85' lang='lat' dir='ltr'><strong>ad</strong></span> 
     </span>
     <span class='ocr_line' id='line_1_35' title="bbox 570 3515 2528 3597; baseline -0.001 -14"><span class='ocrx_word' id='word_1_253' title='bbox 570 3515 852 3583; x_wconf 85' lang='lat' dir='ltr'><strong>eundem</strong></span> <span class='ocrx_word' id='word_1_254' title='bbox 920 3516 1042 3582; x_wconf 89' lang='lat' dir='ltr'><strong>has</strong></span> <span class='ocrx_word' id='word_1_255' title='bbox 1102 3515 1329 3583; x_wconf 89' lang='lat' dir='ltr'><strong>literas</strong></span> <span class='ocrx_word' id='word_1_256' title='bbox 1385 3516 1720 3583; x_wconf 88' lang='lat' dir='ltr'><strong>Basileam</strong></span> <span class='ocrx_word' id='word_1_257' title='bbox 1777 3515 2331 3597; x_wconf 86' lang='lat' dir='ltr'><strong>transmittendas,</strong></span> <span class='ocrx_word' id='word_1_258' title='bbox 2395 3517 2528 3583; x_wconf 91' lang='lat' dir='ltr'><strong>nisi</strong></span> 
     </span>
     <span class='ocr_line' id='line_1_36' title="bbox 564 3601 2526 3686; baseline 0.001 -19"><span class='ocrx_word' id='word_1_259' title='bbox 564 3602 800 3668; x_wconf 88' lang='lat' dir='ltr'><strong>melior</strong></span> <span class='ocrx_word' id='word_1_260' title='bbox 833 3609 950 3667; x_wconf 85' lang='lat' dir='ltr'><strong>aut</strong></span> <span class='ocrx_word' id='word_1_261' title='bbox 983 3602 1162 3685; x_wconf 91' lang='lat' dir='ltr'><strong>prior</strong></span> <span class='ocrx_word' id='word_1_262' title='bbox 1195 3602 1312 3668; x_wconf 87' lang='lat' dir='ltr'><strong>tibi</strong></span> <span class='ocrx_word' id='word_1_263' title='bbox 1351 3622 1421 3667; x_wconf 87' lang='lat' dir='ltr'><strong>se</strong></span> <span class='ocrx_word' id='word_1_264' title='bbox 1457 3603 1687 3671; x_wconf 86' lang='lat' dir='ltr'><strong>offerat</strong></span> <span class='ocrx_word' id='word_1_265' title='bbox 1722 3601 2030 3667; x_wconf 85' lang='lat' dir='ltr'><strong>mittendi</strong></span> <span class='ocrx_word' id='word_1_266' title='bbox 2071 3603 2339 3681; x_wconf 87' lang='lat' dir='ltr'><strong>occasio,</strong></span> <span class='ocrx_word' id='word_1_267' title='bbox 2375 3624 2526 3686; x_wconf 88' lang='lat' dir='ltr'><strong>per·</strong></span> 
     </span>
     <span class='ocr_line' id='line_1_37' title="bbox 566 3685 2526 3772; baseline 0 -19"><span class='ocrx_word' id='word_1_268' title='bbox 566 3689 725 3753; x_wconf 86' lang='lat' dir='ltr'><strong>ferri</strong></span> <span class='ocrx_word' id='word_1_269' title='bbox 769 3708 1007 3771; x_wconf 88' lang='lat' dir='ltr'><strong>quaeso</strong></span> <span class='ocrx_word' id='word_1_270' title='bbox 1053 3708 1212 3753; x_wconf 87' lang='lat' dir='ltr'><strong>cura</strong></span> <span class='ocrx_word' id='word_1_271' title='bbox 1255 3685 1484 3772; x_wconf 89' lang='lat' dir='ltr'><strong>(pudet</strong></span> <span class='ocrx_word' id='word_1_272' title='bbox 1542 3687 1807 3769; x_wconf 85' lang='lat' dir='ltr'><strong>quidem</strong></span> <span class='ocrx_word' id='word_1_273' title='bbox 1861 3710 1966 3753; x_wconf 91' lang='lat' dir='ltr'><strong>me</strong></span> <span class='ocrx_word' id='word_1_274' title='bbox 2026 3688 2224 3753; x_wconf 90' lang='lat' dir='ltr'><strong>huius</strong></span> <span class='ocrx_word' id='word_1_275' title='bbox 2283 3710 2526 3772; x_wconf 86' lang='lat' dir='ltr'><strong>appen-</strong></span> 
     </span>
     <span class='ocr_line' id='line_1_38' title="bbox 563 3772 2525 3858; baseline 0 -20"><span class='ocrx_word' id='word_1_276' title='bbox 563 3773 748 3852; x_wconf 89' lang='lat' dir='ltr'><strong>dicis,</strong></span> <span class='ocrx_word' id='word_1_277' title='bbox 790 3773 904 3839; x_wconf 90' lang='lat' dir='ltr'><strong>sed</strong></span> <span class='ocrx_word' id='word_1_278' title='bbox 943 3772 1247 3840; x_wconf 88' lang='lat' dir='ltr'><strong>voluntas</strong></span> <span class='ocrx_word' id='word_1_279' title='bbox 1291 3773 1360 3837; x_wconf 90' lang='lat' dir='ltr'><strong>in</strong></span> <span class='ocrx_word' id='word_1_280' title='bbox 1395 3773 1806 3857; x_wconf 85' lang='lat' dir='ltr'><strong>gravioribus</strong></span> <span class='ocrx_word' id='word_1_281' title='bbox 1851 3783 1918 3839; x_wconf 89' lang='lat' dir='ltr'><strong>et</strong></span> <span class='ocrx_word' id='word_1_282' title='bbox 1951 3774 2067 3840; x_wconf 88' lang='lat' dir='ltr'><strong>tibi</strong></span> <span class='ocrx_word' id='word_1_283' title='bbox 2115 3780 2184 3839; x_wconf 92' lang='lat' dir='ltr'><strong>et</strong></span> <span class='ocrx_word' id='word_1_284' title='bbox 2216 3773 2342 3858; x_wconf 87' lang='lat' dir='ltr'><strong>ipsi</strong></span> <span class='ocrx_word' id='word_1_285' title='bbox 2388 3795 2525 3840; x_wconf 90' lang='lat' dir='ltr'><strong>ser-</strong></span> 
     </span>
     <span class='ocr_line' id='line_1_39' title="bbox 567 3857 2526 3941; baseline 0 -17"><span class='ocrx_word' id='word_1_286' title='bbox 567 3857 790 3925; x_wconf 89' lang='lat' dir='ltr'><strong>viendi</strong></span> <span class='ocrx_word' id='word_1_287' title='bbox 834 3880 940 3924; x_wconf 93' lang='lat' dir='ltr'><strong>me</strong></span> <span class='ocrx_word' id='word_1_288' title='bbox 983 3857 1281 3941; x_wconf 86' lang='lat' dir='ltr'><strong>impellit,</strong></span> <span class='ocrx_word' id='word_1_289' title='bbox 1327 3867 1400 3924; x_wconf 89' lang='grc' dir='ltr'><strong>ιιι</strong></span> <span class='ocrx_word' id='word_1_290' title='bbox 1435 3860 1713 3924; x_wconf 87' lang='lat' dir='ltr'><strong>frontem</strong></span> <span class='ocrx_word' id='word_1_291' title='bbox 1760 3860 2108 3941; x_wconf 87' lang='lat' dir='ltr'><strong>perfricem</strong></span> <span class='ocrx_word' id='word_1_292' title='bbox 2154 3869 2221 3924; x_wconf 89' lang='lat' dir='ltr'><strong>et</strong></span> <span class='ocrx_word' id='word_1_293' title='bbox 2262 3859 2329 3924; x_wconf 93' lang='lat' dir='ltr'><strong>id</strong></span> <span class='ocrx_word' id='word_1_294' title='bbox 2374 3881 2526 3925; x_wconf 91' lang='lat' dir='ltr'><strong>one-</strong></span> 
     </span>
     <span class='ocr_line' id='line_1_40' title="bbox 563 3943 2528 4028; baseline 0 -18"><span class='ocrx_word' id='word_1_295' title='bbox 563 3946 656 4010; x_wconf 89' lang='lat' dir='ltr'><strong>ris</strong></span> <span class='ocrx_word' id='word_1_296' title='bbox 702 3945 929 4009; x_wconf 83' lang='lat' dir='ltr'><strong>amicis</strong></span> <span class='ocrx_word' id='word_1_297' title='bbox 981 3943 1348 4028; x_wconf 86' lang='lat' dir='ltr'><strong>imponam)</strong></span> <span class='ocrx_word' id='word_1_298' title='bbox 1409 3943 1520 4009; x_wconf 91' lang='lat' dir='ltr'><strong>ubi</strong></span> <span class='ocrx_word' id='word_1_299' title='bbox 1585 3952 1805 4009; x_wconf 84' lang='lat' dir='ltr'><strong>tamen</strong></span> <span class='ocrx_word' id='word_1_300' title='bbox 1865 3944 2202 4011; x_wconf 89' lang='lat' dir='ltr'><strong>commode</strong></span> <span class='ocrx_word' id='word_1_301' title='bbox 2257 3945 2324 4010; x_wconf 91' lang='lat' dir='ltr'><strong>id</strong></span> <span class='ocrx_word' id='word_1_302' title='bbox 2382 3946 2528 4010; x_wconf 89' lang='lat' dir='ltr'><strong>fieri</strong></span> 
     </span>
     <span class='ocr_line' id='line_1_41' title="bbox 565 4027 2525 4114; baseline 0.001 -21"><span class='ocrx_word' id='word_1_303' title='bbox 565 4030 839 4114; x_wconf 88' lang='lat' dir='ltr'><strong>poterit:</strong></span> <span class='ocrx_word' id='word_1_304' title='bbox 887 4027 1079 4094; x_wconf 87' lang='lat' dir='ltr'><strong>aliter</strong></span> <span class='ocrx_word' id='word_1_305' title='bbox 1123 4030 1299 4095; x_wconf 91' lang='lat' dir='ltr'><strong>enim</strong></span> <span class='ocrx_word' id='word_1_306' title='bbox 1345 4030 1511 4095; x_wconf 86' lang='lat' dir='ltr'><strong>nole.</strong></span> <span class='ocrx_word' id='word_1_307' title='bbox 1578 4030 1832 4095; x_wconf 89' lang='lat' dir='ltr'><strong>Iterum</strong></span> <span class='ocrx_word' id='word_1_308' title='bbox 1876 4031 2039 4107; x_wconf 90' lang='lat' dir='ltr'><strong>vale,</strong></span> <span class='ocrx_word' id='word_1_309' title='bbox 2087 4031 2194 4096; x_wconf 89' lang='lat' dir='ltr'><strong>vir</strong></span> <span class='ocrx_word' id='word_1_310' title='bbox 2234 4031 2525 4114; x_wconf 86' lang='lat' dir='ltr'><strong>integer-</strong></span> 
     </span>
     <span class='ocr_line' id='line_1_42' title="bbox 566 4113 2526 4198; baseline 0 -19"><span class='ocrx_word' id='word_1_311' title='bbox 566 4115 750 4180; x_wconf 88' lang='lat' dir='ltr'><strong>rime.</strong></span> <span class='ocrx_word' id='word_1_312' title='bbox 842 4113 1108 4181; x_wconf 78' lang='lat' dir='ltr'><strong>Salutat</strong></span> <span class='ocrx_word' id='word_1_313' title='bbox 1170 4116 1411 4179; x_wconf 90' lang='lat' dir='ltr'><strong>iterum</strong></span> <span class='ocrx_word' id='word_1_314' title='bbox 1477 4123 1543 4180; x_wconf 92' lang='lat' dir='ltr'><strong>te</strong></span> <span class='ocrx_word' id='word_1_315' title='bbox 1611 4123 1920 4198; x_wconf 85' lang='lat' dir='ltr'><strong>tuamque</strong></span> <span class='ocrx_word' id='word_1_316' title='bbox 1984 4116 2222 4197; x_wconf 72' lang='grc' dir='ltr'>γνήσιον</span> <span class='ocrx_word' id='word_1_317' title='bbox 2285 4116 2526 4196; x_wconf 69' lang='grc' dir='ltr'><strong><em>σύζυγον</em></strong></span> 
     </span>
     <span class='ocr_line' id='line_1_43' title="bbox 564 4200 2520 4287; baseline 0 -21"><span class='ocrx_word' id='word_1_318' title='bbox 564 4223 735 4266; x_wconf 88' lang='lat' dir='ltr'><strong>uxor</strong></span> <span class='ocrx_word' id='word_1_319' title='bbox 779 4222 927 4266; x_wconf 88' lang='lat' dir='ltr'><strong>mea</strong></span> <span class='ocrx_word' id='word_1_320' title='bbox 969 4222 1135 4283; x_wconf 91' lang='lat' dir='ltr'><strong>quae</strong></span> <span class='ocrx_word' id='word_1_321' title='bbox 1179 4200 1421 4267; x_wconf 89' lang='lat' dir='ltr'><strong>nudius</strong></span> <span class='ocrx_word' id='word_1_322' title='bbox 1466 4201 1698 4266; x_wconf 90' lang='lat' dir='ltr'><strong>tertius</strong></span> <span class='ocrx_word' id='word_1_323' title='bbox 1759 4201 1901 4284; x_wconf 88' lang='lat' dir='ltr'><strong>ipsa</strong></span> <span class='ocrx_word' id='word_1_324' title='bbox 1944 4223 2196 4285; x_wconf 90' lang='lat' dir='ltr'><strong>quoque</strong></span> <span class='ocrx_word' id='word_1_325' title='bbox 2239 4203 2520 4287; x_wconf 83' lang='lat' dir='ltr'><strong>scripsit.</strong></span> 
     </span>
     <span class='ocr_line' id='line_1_44' title="bbox 562 4286 2524 4372; baseline 0 -19"><span class='ocrx_word' id='word_1_326' title='bbox 562 4289 674 4354; x_wconf 84' lang='lat' dir='ltr'><strong>Ex</strong></span> <span class='ocrx_word' id='word_1_327' title='bbox 750 4286 903 4352; x_wconf 88' lang='lat' dir='ltr'><strong>aula</strong></span> <span class='ocrx_word' id='word_1_328' title='bbox 978 4288 1083 4365; x_wconf 74' lang='grc' dir='ltr'><strong>τῆς</strong></span> <span class='ocrx_word' id='word_1_329' title='bbox 1147 4286 1324 4351; x_wconf 77' lang='grc' dir='ltr'><strong><em>πάνυ.</em></strong></span> <span class='ocrx_word' id='word_1_330' title='bbox 1446 4287 1792 4353; x_wconf 78' lang='lat' dir='ltr'><strong>Feri-ariae</strong></span> <span class='ocrx_word' id='word_1_331' title='bbox 1859 4288 1990 4372; x_wconf 85' lang='lat' dir='ltr'><strong>viij.</strong></span> <span class='ocrx_word' id='word_1_332' title='bbox 2076 4286 2260 4353; x_wconf 83' lang='lat' dir='ltr'><strong>eidus</strong></span> <span class='ocrx_word' id='word_1_333' title='bbox 2340 4288 2524 4353; x_wconf 84' lang='lat' dir='ltr'><strong>xbris</strong></span> 
     </span>
    </p>
   </div>
   <div class='ocr_carea' id='block_1_4' title="bbox 562 4371 966 4440">
    <p class='ocr_par' dir='ltr' id='par_1_4' title="bbox 562 4371 966 4440">
     <span class='ocr_line' id='line_1_45' title="bbox 562 4371 966 4440; baseline -0.005 0"><span class='ocrx_word' id='word_1_334' title='bbox 562 4371 966 4440; x_wconf 81' lang='lat' dir='ltr'>MDXLIIL</span> 
     </span>
    </p>
   </div>
   <div class='ocr_carea' id='block_1_5' title="bbox 564 4546 972 4557">
    <p class='ocr_par' dir='ltr' id='par_1_5' title="bbox 564 4546 972 4557">
     <span class='ocr_line' id='line_1_46' title="bbox 564 4546 972 4557; baseline -0.007 -1"><span class='ocrx_word' id='word_1_335' title='bbox 564 4550 670 4557; x_wconf 76' lang='lat'><strong>..———</strong></span> <span class='ocrx_word' id='word_1_336' title='bbox 713 4546 972 4557; x_wconf 68' lang='lat'><strong>——-—-—-</strong></span> 
     </span>
    </p>
   </div>
   <div class='ocr_carea' id='block_1_6' title="bbox 561 4631 2518 4965">
    <p class='ocr_par' dir='ltr' id='par_1_6' title="bbox 561 4631 2518 4965">
     <span class='ocr_line' id='line_1_47' title="bbox 604 4631 1454 4693; baseline -0.008 -2"><span class='ocrx_word' id='word_1_337' title='bbox 604 4631 736 4691; x_wconf 69' lang='lat'><strong>522.</strong></span> <span class='ocrx_word' id='word_1_338' title='bbox 783 4632 834 4693; x_wconf 86' lang='lat' dir='ltr'><strong>l)</strong></span> <span class='ocrx_word' id='word_1_339' title='bbox 881 4631 1039 4685; x_wconf 82' lang='lat' dir='ltr'><strong>Tales</strong></span> <span class='ocrx_word' id='word_1_340' title='bbox 1071 4645 1188 4684; x_wconf 76' lang='lat' dir='ltr'><strong>non</strong></span> <span class='ocrx_word' id='word_1_341' title='bbox 1219 4636 1454 4685; x_wconf 58' lang='lat' dir='ltr'><strong>astam</strong></span> 
     </span>
     <span class='ocr_line' id='line_1_48' title="bbox 767 4699 1420 4766; baseline -0.005 -14"><span class='ocrx_word' id='word_1_342' title='bbox 767 4699 830 4752; x_wconf 75' lang='lat'><strong>2»</strong></span> <span class='ocrx_word' id='word_1_343' title='bbox 870 4699 952 4766; x_wconf 77' lang='lat' dir='ltr'><strong>Cf.</strong></span> <span class='ocrx_word' id='word_1_344' title='bbox 994 4699 1072 4754; x_wconf 89' lang='lat' dir='ltr'><strong>N.</strong></span> <span class='ocrx_word' id='word_1_345' title='bbox 1112 4699 1177 4751; x_wconf 87' lang='grc'><strong>79</strong></span> <span class='ocrx_word' id='word_1_346' title='bbox 1213 4712 1269 4752; x_wconf 82' lang='lat' dir='ltr'><strong>et</strong></span> <span class='ocrx_word' id='word_1_347' title='bbox 1302 4700 1420 4752; x_wconf 82' lang='lat'><strong>433.</strong></span> 
     </span>
     <span class='ocr_line' id='line_1_49' title="bbox 770 4767 2516 4835; baseline -0.001 -13"><span class='ocrx_word' id='word_1_348' title='bbox 770 4768 829 4825; x_wconf 61' lang='lat'><strong>3,</strong></span> <span class='ocrx_word' id='word_1_349' title='bbox 872 4768 1007 4822; x_wconf 77' lang='lat' dir='ltr'><strong>Nisi</strong></span> <span class='ocrx_word' id='word_1_350' title='bbox 1056 4768 1237 4821; x_wconf 62' lang='lat' dir='ltr'><strong>insum</strong></span> <span class='ocrx_word' id='word_1_351' title='bbox 1294 4767 1596 4822; x_wconf 78' lang='lat' dir='ltr'><strong>Ducissam</strong></span> <span class='ocrx_word' id='word_1_352' title='bbox 1645 4768 1738 4821; x_wconf 76' lang='lat' dir='ltr'><strong>hie</strong></span> <span class='ocrx_word' id='word_1_353' title='bbox 1792 4768 1959 4822; x_wconf 62' lang='lat' dir='ltr'><strong>{omna</strong></span> <span class='ocrx_word' id='word_1_354' title='bbox 2010 4768 2167 4824; x_wconf 78' lang='lat' dir='ltr'><strong>dicas</strong></span> <span class='ocrx_word' id='word_1_355' title='bbox 2239 4767 2405 4835; x_wconf 68' lang='lat' dir='ltr'><strong>sacae</strong></span> <span class='ocrx_word' id='word_1_356' title='bbox 2449 4767 2516 4822; x_wconf 83' lang='lat' dir='ltr'><strong>de</strong></span> 
     </span>
     <span class='ocr_line' id='line_1_50' title="bbox 561 4808 2518 4918; baseline -0.002 -22"><span class='ocrx_word' id='word_1_357' title='bbox 561 4841 738 4896; x_wconf 69' lang='lat' dir='ltr'><strong>Ama</strong></span> <span class='ocrx_word' id='word_1_358' title='bbox 791 4837 858 4892; x_wconf 83' lang='lat' dir='ltr'><strong>de</strong></span> <span class='ocrx_word' id='word_1_359' title='bbox 912 4836 1237 4918; x_wconf 56' lang='lat' dir='ltr'><strong>Parthenay</strong></span> <span class='ocrx_word' id='word_1_360' title='bbox 1292 4837 1576 4906; x_wconf 68' lang='lat' dir='ltr'><strong>eoyo&#39;tabis,</strong></span> <span class='ocrx_word' id='word_1_361' title='bbox 1638 4852 1805 4917; x_wconf 62' lang='lat' dir='ltr'><strong>quam</strong></span> <span class='ocrx_word' id='word_1_362' title='bbox 1853 4838 1920 4891; x_wconf 75' lang='lat' dir='ltr'><strong>in</strong></span> <span class='ocrx_word' id='word_1_363' title='bbox 1971 4838 2106 4892; x_wconf 75' lang='lat' dir='ltr'><strong>aula</strong></span> <span class='ocrx_word' id='word_1_364' title='bbox 2156 4808 2518 4892; x_wconf 42' lang='lat' dir='ltr'><strong>&amp;errat-tensi</strong></span> 
     </span>
     <span class='ocr_line' id='line_1_51' title="bbox 562 4906 2056 4965; baseline -0.005 0"><span class='ocrx_word' id='word_1_365' title='bbox 562 4912 873 4965; x_wconf 64' lang='lat' dir='ltr'><strong>corsanum</strong></span> <span class='ocrx_word' id='word_1_366' title='bbox 906 4906 1008 4960; x_wconf 67' lang='lat' dir='ltr'><strong>tan</strong></span> <span class='ocrx_word' id='word_1_367' title='bbox 1040 4907 1345 4961; x_wconf 74' lang='lat' dir='ltr'><strong>occurrisse</strong></span> <span class='ocrx_word' id='word_1_368' title='bbox 1378 4907 1688 4960; x_wconf 76' lang='lat' dir='ltr'><strong>meminens</strong></span> <span class='ocrx_word' id='word_1_369' title='bbox 1720 4922 1787 4959; x_wconf 81' lang='lat' dir='ltr'><strong>m</strong></span> <span class='ocrx_word' id='word_1_370' title='bbox 1820 4906 1900 4961; x_wconf 89' lang='lat' dir='ltr'><strong>N.</strong></span> <span class='ocrx_word' id='word_1_371' title='bbox 1937 4906 2056 4960; x_wconf 76' lang='lat'><strong>374.</strong></span> 
     </span>
    </p>
   </div>
   <div class='ocr_carea' id='block_1_7' title="bbox 1420 4454 2342 4537">
    <p class='ocr_par' dir='ltr' id='par_1_7' title="bbox 1420 4454 2342 4537">
     <span class='ocr_line' id='line_1_52' title="bbox 1420 4454 2342 4537; baseline 0.001 -14"><span class='ocrx_word' id='word_1_372' title='bbox 1420 4458 1701 4525; x_wconf 85' lang='lat' dir='ltr'><strong>Ioannes</strong></span> <span class='ocrx_word' id='word_1_373' title='bbox 1748 4454 1780 4520; x_wconf 81' lang='grc' dir='ltr'>ὅ</span> <span class='ocrx_word' id='word_1_374' title='bbox 1822 4458 2100 4537; x_wconf 63' lang='lat' dir='ltr'><strong>Eutime«,-</strong></span> <span class='ocrx_word' id='word_1_375' title='bbox 2143 4457 2177 4522; x_wconf 79' lang='grc' dir='ltr'>ὅ</span> <span class='ocrx_word' id='word_1_376' title='bbox 2222 4457 2342 4532; x_wconf 85' lang='grc' dir='ltr'><strong><em>σός.</em></strong></span> 
     </span>
    </p>
   </div>
   <div class='ocr_carea' id='block_1_8' title="bbox 560 4975 2514 5183">
    <p class='ocr_par' dir='ltr' id='par_1_8' title="bbox 560 4975 2514 5183">
     <span class='ocr_line' id='line_1_53' title="bbox 770 4975 2514 5111; baseline -0.001 -13"><span class='ocrx_word' id='word_1_377' title='bbox 770 4975 832 5105; x_wconf 52' lang='lat' dir='ltr'><strong>g}</strong></span> <span class='ocrx_word' id='word_1_378' title='bbox 867 4976 1013 5097; x_wconf 58' lang='lat' dir='ltr'><strong>mis</strong></span> <span class='ocrx_word' id='word_1_379' title='bbox 1046 5043 1137 5097; x_wconf 77' lang='lat' dir='ltr'><strong>hic</strong></span> <span class='ocrx_word' id='word_1_380' title='bbox 1168 5044 1340 5098; x_wconf 79' lang='lat' dir='ltr'><strong>lateat</strong></span> <span class='ocrx_word' id='word_1_381' title='bbox 1369 5048 1533 5110; x_wconf 76' lang='lat' dir='ltr'><strong>poeta</strong></span> <span class='ocrx_word' id='word_1_382' title='bbox 1567 5040 1791 5096; x_wconf 74' lang='lat' dir='ltr'><strong>italicus</strong></span> <span class='ocrx_word' id='word_1_383' title='bbox 1824 5048 1876 5095; x_wconf 81' lang='lat' dir='ltr'><strong>et</strong></span> <span class='ocrx_word' id='word_1_384' title='bbox 1909 5043 2126 5111; x_wconf 73' lang='lat' dir='ltr'><strong>qm&#39;dem</strong></span> <span class='ocrx_word' id='word_1_385' title='bbox 2156 5043 2514 5098; x_wconf 74' lang='lat' dir='ltr'><strong>Mantuanus</strong></span> 
     </span>
     <span class='ocr_line' id='line_1_54' title="bbox 560 5110 2514 5183; baseline -0.002 -14"><span class='ocrx_word' id='word_1_386' title='bbox 560 5113 786 5183; x_wconf 57' lang='lat' dir='ltr'><strong>rariori</strong></span> <span class='ocrx_word' id='word_1_387' title='bbox 949 5115 959 5126; x_wconf 86' lang='lat'><strong><em>‘</em></strong></span> <span class='ocrx_word' id='word_1_388' title='bbox 1004 5113 1263 5167; x_wconf 76' lang='lat' dir='ltr'><strong>addictus</strong></span> <span class='ocrx_word' id='word_1_389' title='bbox 1308 5117 1360 5165; x_wconf 78' lang='lat' dir='ltr'><strong>et</strong></span> <span class='ocrx_word' id='word_1_390' title='bbox 1408 5112 1557 5165; x_wconf 76' lang='lat' dir='ltr'><strong>ham</strong></span> <span class='ocrx_word' id='word_1_391' title='bbox 1606 5110 1672 5165; x_wconf 88' lang='lat' dir='ltr'><strong>ob</strong></span> <span class='ocrx_word' id='word_1_392' title='bbox 1726 5126 1952 5166; x_wconf 79' lang='lat' dir='ltr'><strong>eausam</strong></span> <span class='ocrx_word' id='word_1_393' title='bbox 2000 5111 2249 5166; x_wconf 72' lang='lat' dir='ltr'><strong>Genevae</strong></span> <span class='ocrx_word' id='word_1_394' title='bbox 2294 5118 2396 5166; x_wconf 77' lang='lat' dir='ltr'><strong>aut</strong></span> <span class='ocrx_word' id='word_1_395' title='bbox 2447 5112 2514 5166; x_wconf 75' lang='lat' dir='ltr'><strong>in</strong></span> 
     </span>
    </p>
   </div>
   <div class='ocr_carea' id='block_1_9' title="bbox 559 5180 2513 5378">
    <p class='ocr_par' dir='ltr' id='par_1_9' title="bbox 559 5180 2513 5378">
     <span class='ocr_line' id='line_1_55' title="bbox 561 5180 2513 5251; baseline -0.002 -12"><span class='ocrx_word' id='word_1_396' title='bbox 561 5182 822 5239; x_wconf 75' lang='lat' dir='ltr'><strong>Helvetia</strong></span> <span class='ocrx_word' id='word_1_397' title='bbox 863 5182 1074 5251; x_wconf 61' lang='grc' dir='ltr'><strong>ἄφευε,</strong></span> <span class='ocrx_word' id='word_1_398' title='bbox 1121 5187 1263 5236; x_wconf 79' lang='lat' dir='ltr'><strong>certo</strong></span> <span class='ocrx_word' id='word_1_399' title='bbox 1310 5180 1377 5234; x_wconf 82' lang='lat' dir='ltr'><strong>de</strong></span> <span class='ocrx_word' id='word_1_400' title='bbox 1457 5180 1539 5234; x_wconf 81' lang='lat' dir='ltr'><strong>ire</strong></span> <span class='ocrx_word' id='word_1_401' title='bbox 1583 5195 1699 5233; x_wconf 74' lang='lat' dir='ltr'><strong>non</strong></span> <span class='ocrx_word' id='word_1_402' title='bbox 1744 5181 2010 5235; x_wconf 73' lang='lat' dir='ltr'><strong>ausimus.</strong></span> <span class='ocrx_word' id='word_1_403' title='bbox 2083 5182 2402 5249; x_wconf 72' lang='lat' dir='ltr'><strong>Coqitamus</strong></span> <span class='ocrx_word' id='word_1_404' title='bbox 2446 5182 2513 5235; x_wconf 82' lang='lat' dir='ltr'><strong>de</strong></span> 
     </span>
     <span class='ocr_line' id='line_1_56' title="bbox 563 5248 2509 5333; baseline 0.001 -30"><span class='ocrx_word' id='word_1_405' title='bbox 563 5248 824 5316; x_wconf 65' lang='grc' dir='ltr'><strong>ψευδωνιῖ</strong></span> <span class='ocrx_word' id='word_1_406' title='bbox 868 5270 910 5333; x_wconf 63' lang='lat' dir='ltr'><strong>«p</strong></span> <span class='ocrx_word' id='word_1_407' title='bbox 943 5252 1036 5306; x_wconf 72' lang='lat' dir='ltr'><strong>illo</strong></span> <span class='ocrx_word' id='word_1_408' title='bbox 1073 5248 1342 5331; x_wconf 64' lang='lat' dir='ltr'><strong>Bsarcello</strong></span> <span class='ocrx_word' id='word_1_409' title='bbox 1419 5250 1696 5318; x_wconf 73' lang='lat' dir='ltr'><strong>alinqem&#39;o</strong></span> <span class='ocrx_word' id='word_1_410' title='bbox 1734 5251 2008 5316; x_wconf 80' lang='lat' dir='ltr'><strong>(Renato),</strong></span> <span class='ocrx_word' id='word_1_411' title='bbox 2046 5256 2270 5305; x_wconf 74' lang='lat' dir='ltr'><strong>auctore</strong></span> <span class='ocrx_word' id='word_1_412' title='bbox 2291 5265 2509 5331; x_wconf 53' lang='lat' dir='ltr'><strong>poento-</strong></span> 
     </span>
     <span class='ocr_line' id='line_1_57' title="bbox 559 5318 2512 5378; baseline -0.002 0"><span class='ocrx_word' id='word_1_413' title='bbox 559 5321 635 5378; x_wconf 67' lang='lat' dir='ltr'><strong>u&#39;s</strong></span> <span class='ocrx_word' id='word_1_414' title='bbox 874 5320 1229 5374; x_wconf 64' lang='lat' dir='ltr'><strong>mser-ibatur.-</strong></span> <span class='ocrx_word' id='word_1_415' title='bbox 1281 5318 1561 5372; x_wconf 73' lang='lat' dir='ltr'><strong>Zodtaeus</strong></span> <span class='ocrx_word' id='word_1_416' title='bbox 1606 5324 1769 5372; x_wconf 74' lang='lat' dir='ltr'><strong>ottae.</strong></span> <span class='ocrx_word' id='word_1_417' title='bbox 1860 5318 1948 5372; x_wconf 88' lang='lat' dir='ltr'><strong>De</strong></span> <span class='ocrx_word' id='word_1_418' title='bbox 1990 5334 2117 5374; x_wconf 76' lang='lat' dir='ltr'><strong>vero</strong></span> <span class='ocrx_word' id='word_1_419' title='bbox 2164 5324 2348 5374; x_wconf 75' lang='lat' dir='ltr'><strong>autem</strong></span> <span class='ocrx_word' id='word_1_420' title='bbox 2390 5335 2512 5374; x_wconf 65' lang='lat' dir='ltr'><strong>etus</strong></span> 
     </span>
    </p>
   </div>
   <div class='ocr_carea' id='block_1_10' title="bbox 556 5387 2292 5457">
    <p class='ocr_par' dir='ltr' id='par_1_10' title="bbox 556 5387 2292 5457">
     <span class='ocr_line' id='line_1_58' title="bbox 556 5387 2292 5457; baseline -0.003 -9"><span class='ocrx_word' id='word_1_421' title='bbox 556 5406 780 5448; x_wconf 71' lang='lat' dir='ltr'><strong>nomm</strong></span> <span class='ocrx_word' id='word_1_422' title='bbox 819 5389 943 5445; x_wconf 83' lang='lat' dir='ltr'><strong>VV.</strong></span> <span class='ocrx_word' id='word_1_423' title='bbox 980 5388 1120 5444; x_wconf 89' lang='lat' dir='ltr'><strong>DD.</strong></span> <span class='ocrx_word' id='word_1_424' title='bbox 1155 5392 1426 5457; x_wconf 60' lang='lat' dir='ltr'><strong>querutum</strong></span> <span class='ocrx_word' id='word_1_425' title='bbox 1457 5388 1663 5442; x_wconf 76' lang='lat' dir='ltr'><strong>seimus</strong></span> <span class='ocrx_word' id='word_1_426' title='bbox 1692 5387 1958 5457; x_wconf 67' lang='lat' dir='ltr'><strong>hodieque</strong></span> <span class='ocrx_word' id='word_1_427' title='bbox 1990 5388 2292 5457; x_wconf 69' lang='lat' dir='ltr'><strong>ambiyumt.</strong></span> 
     </span>
    </p>
   </div>
   <div class='ocr_carea' id='block_1_11' title="bbox 2129 449 3044 519">
    <p class='ocr_par' dir='ltr' id='par_1_11' title="bbox 2129 449 3044 519">
     <span class='ocr_line' id='line_1_59' title="bbox 2129 449 3044 519; baseline 0.003 -3"><span class='ocrx_word' id='word_1_428' title='bbox 2129 449 2659 519; x_wconf 74' lang='lat' dir='ltr'>EPIS&#39;DOLAE</span> <span class='ocrx_word' id='word_1_429' title='bbox 2706 454 3044 519; x_wconf 77' lang='lat'><strong>522—525</strong></span> 
     </span>
    </p>
   </div>
   <div class='ocr_carea' id='block_1_12' title="bbox 2568 642 2603 5404">
    <p class='ocr_par' dir='ltr' id='par_1_12' title="bbox 2568 642 2603 5404">
     <span class='ocr_line' id='line_1_60' title="bbox 2568 642 2603 5404; baseline 0 0"><span class='ocrx_word' id='word_1_430' title='bbox 2568 642 2603 5404; x_wconf 95' lang='lat' dir='ltr'><strong> </strong></span> 
     </span>
    </p>
   </div>
   <div class='ocr_carea' id='block_1_13' title="bbox 4474 458 4602 521">
    <p class='ocr_par' dir='ltr' id='par_1_13' title="bbox 4474 458 4602 521">
     <span class='ocr_line' id='line_1_61' title="bbox 4474 458 4602 521; baseline 0.008 -1"><span class='ocrx_word' id='word_1_431' title='bbox 4474 458 4602 521; x_wconf 76' lang='lat'><strong>656</strong></span> 
     </span>
    </p>
   </div>
   <div class='ocr_carea' id='block_1_14' title="bbox 3132 640 4113 830">
    <p class='ocr_par' dir='ltr' id='par_1_14' title="bbox 3132 640 4113 830">
     <span class='ocr_line' id='line_1_62' title="bbox 3544 640 3696 713; baseline 0.013 -2"><span class='ocrx_word' id='word_1_432' title='bbox 3544 640 3696 713; x_wconf 73' lang='lat'><strong>523.</strong></span> 
     </span>
     <span class='ocr_line' id='line_1_63' title="bbox 3132 759 4113 830; baseline 0.001 -2"><span class='ocrx_word' id='word_1_433' title='bbox 3132 759 3631 830; x_wconf 82' lang='lat' dir='ltr'>FARELLUS</span> <span class='ocrx_word' id='word_1_434' title='bbox 3675 760 4113 830; x_wconf 78' lang='lat' dir='ltr'><strong>GALVINO.</strong></span> 
     </span>
    </p>
   </div>
   <div class='ocr_carea' id='block_1_15' title="bbox 2635 898 4597 1241">
    <p class='ocr_par' dir='ltr' id='par_1_15' title="bbox 2635 898 4597 1241">
     <span class='ocr_line' id='line_1_64' title="bbox 2816 898 4597 981; baseline 0.001 -18"><span class='ocrx_word' id='word_1_435' title='bbox 2816 899 3063 964; x_wconf 80' lang='lat' dir='ltr'><strong>Novum</strong></span> <span class='ocrx_word' id='word_1_436' title='bbox 3136 898 3389 966; x_wconf 73' lang='lat' dir='ltr'><strong>Calvini</strong></span> <span class='ocrx_word' id='word_1_437' title='bbox 3464 920 3621 981; x_wconf 77' lang='lat' dir='ltr'><strong>opus</strong></span> <span class='ocrx_word' id='word_1_438' title='bbox 3697 900 3929 980; x_wconf 66' lang='lat' dir='ltr'><strong>aceepit</strong></span> <span class='ocrx_word' id='word_1_439' title='bbox 4002 904 4059 965; x_wconf 75' lang='lat' dir='ltr'><strong>et</strong></span> <span class='ocrx_word' id='word_1_440' title='bbox 4132 899 4459 966; x_wconf 66' lang='lat' dir='ltr'><strong>militm</strong></span> <span class='ocrx_word' id='word_1_441' title='bbox 4522 901 4597 965; x_wconf 73' lang='lat' dir='ltr'><strong>in</strong></span> 
     </span>
     <span class='ocr_line' id='line_1_65' title="bbox 2639 985 4597 1068; baseline 0.001 -19"><span class='ocrx_word' id='word_1_442' title='bbox 2639 985 2869 1050; x_wconf 79' lang='lat' dir='ltr'><strong>edendo</strong></span> <span class='ocrx_word' id='word_1_443' title='bbox 2921 985 3165 1065; x_wconf 75' lang='lat' dir='ltr'><strong>probat.</strong></span> <span class='ocrx_word' id='word_1_444' title='bbox 3271 986 3439 1067; x_wconf 77' lang='lat' dir='ltr'><strong>Quid</strong></span> <span class='ocrx_word' id='word_1_445' title='bbox 3502 987 3573 1050; x_wconf 68' lang='lat' dir='ltr'><strong>ia</strong></span> <span class='ocrx_word' id='word_1_446' title='bbox 3634 987 3871 1068; x_wconf 62' lang='grc' dir='ltr'><strong>περσεία</strong></span> <span class='ocrx_word' id='word_1_447' title='bbox 3933 986 4343 1052; x_wconf 68' lang='lat' dir='ltr'><strong>successionis</strong></span> <span class='ocrx_word' id='word_1_448' title='bbox 4400 986 4597 1050; x_wconf 73' lang='lat' dir='ltr'><strong>Aneti</strong></span> 
     </span>
     <span class='ocr_line' id='line_1_66' title="bbox 2639 1070 4593 1155; baseline 0.001 -20"><span class='ocrx_word' id='word_1_449' title='bbox 2639 1075 2847 1135; x_wconf 66' lang='lat' dir='ltr'><strong>actum</strong></span> <span class='ocrx_word' id='word_1_450' title='bbox 2888 1072 2973 1134; x_wconf 76' lang='lat' dir='ltr'><strong>sit</strong></span> <span class='ocrx_word' id='word_1_451' title='bbox 3013 1071 3175 1136; x_wconf 73' lang='lat' dir='ltr'><strong>inter</strong></span> <span class='ocrx_word' id='word_1_452' title='bbox 3216 1071 3478 1155; x_wconf 74' lang='lat' dir='ltr'><strong>eolleyas</strong></span> <span class='ocrx_word' id='word_1_453' title='bbox 3521 1072 3785 1154; x_wconf 66' lang='lat' dir='ltr'><strong>exponit.</strong></span> <span class='ocrx_word' id='word_1_454' title='bbox 3868 1070 4071 1136; x_wconf 54' lang='lat' dir='ltr'><strong>Vires</strong></span> <span class='ocrx_word' id='word_1_455' title='bbox 4103 1091 4300 1137; x_wconf 77' lang='lat' dir='ltr'><strong>eausa</strong></span> <span class='ocrx_word' id='word_1_456' title='bbox 4335 1070 4593 1137; x_wconf 75' lang='lat' dir='ltr'><strong>Bemae</strong></span> 
     </span>
     <span class='ocr_line' id='line_1_67' title="bbox 2635 1154 4349 1241; baseline -0.001 -21"><span class='ocrx_word' id='word_1_457' title='bbox 2635 1155 2901 1238; x_wconf 75' lang='lat' dir='ltr'><strong>feliciter</strong></span> <span class='ocrx_word' id='word_1_458' title='bbox 2944 1161 3101 1236; x_wconf 78' lang='lat' dir='ltr'><strong>acta,</strong></span> <span class='ocrx_word' id='word_1_459' title='bbox 3148 1158 3294 1222; x_wconf 69' lang='lat' dir='ltr'><strong>itm</strong></span> <span class='ocrx_word' id='word_1_460' title='bbox 3335 1158 3674 1241; x_wconf 75' lang='lat' dir='ltr'><strong>leyatomm</strong></span> <span class='ocrx_word' id='word_1_461' title='bbox 3715 1158 3891 1238; x_wconf 78' lang='lat' dir='ltr'><strong>apud</strong></span> <span class='ocrx_word' id='word_1_462' title='bbox 3933 1154 4349 1223; x_wconf 65' lang='lat' dir='ltr'><strong>Basdeenses.</strong></span> 
     </span>
    </p>
   </div>
   <div class='ocr_carea' id='block_1_16' title="bbox 2640 1292 4589 1429">
    <p class='ocr_par' dir='ltr' id='par_1_16' title="bbox 2640 1292 4589 1429">
     <span class='ocr_line' id='line_1_68' title="bbox 2640 1292 4589 1429; baseline 0.001 -82"><span class='ocrx_word' id='word_1_463' title='bbox 2640 1293 2753 1358; x_wconf 84' lang='lat' dir='ltr'><strong>(Ex</strong></span> <span class='ocrx_word' id='word_1_464' title='bbox 2800 1293 3134 1363; x_wconf 79' lang='lat' dir='ltr'><strong>autographo</strong></span> <span class='ocrx_word' id='word_1_465' title='bbox 3178 1294 3322 1348; x_wconf 89' lang='lat' dir='ltr'><strong>Bibl.</strong></span> <span class='ocrx_word' id='word_1_466' title='bbox 3344 1300 3648 1416; x_wconf 61' lang='grc' dir='ltr'><strong>ίρειειοιῚῙιῙιιι</strong></span> <span class='ocrx_word' id='word_1_467' title='bbox 3663 1293 4161 1429; x_wconf 42' lang='grc' dir='ltr'><strong>Ν1δῖ9106οῗιιιοιιεἰιιιιι,</strong></span> <span class='ocrx_word' id='word_1_468' title='bbox 4211 1292 4351 1362; x_wconf 81' lang='lat' dir='ltr'><strong>Epp.</strong></span> <span class='ocrx_word' id='word_1_469' title='bbox 4387 1293 4589 1348; x_wconf 80' lang='lat' dir='ltr'><strong>Farelli</strong></span> 
     </span>
     <span class='ocr_line' id='line_1_69' title="bbox 3367 1379 3850 1417; baseline -0.006 0"><span class='ocrx_word' id='word_1_470' title='bbox 3367 1379 3524 1417; x_wconf 77' lang='lat' dir='ltr'><strong>ascio.</strong></span> <span class='ocrx_word' id='word_1_471' title='bbox 3617 1404 3628 1416; x_wconf 93' lang='lat'><strong>.</strong></span> <span class='ocrx_word' id='word_1_472' title='bbox 3718 1403 3730 1415; x_wconf 88' lang='lat'><strong>.</strong></span> <span class='ocrx_word' id='word_1_473' title='bbox 3838 1402 3850 1414; x_wconf 90' lang='lat'><strong>.</strong></span> 
     </span>
    </p>
   </div>
   <div class='ocr_carea' id='block_1_17' title="bbox 2637 1497 4585 1738">
    <p class='ocr_par' dir='ltr' id='par_1_17' title="bbox 2637 1497 4585 1738">
     <span class='ocr_line' id='line_1_70' title="bbox 2809 1497 4585 1581; baseline 0.001 -16"><span class='ocrx_word' id='word_1_474' title='bbox 2809 1499 3063 1566; x_wconf 81' lang='lat' dir='ltr'><strong>Christi</strong></span> <span class='ocrx_word' id='word_1_475' title='bbox 3114 1519 3304 1565; x_wconf 90' lang='lat' dir='ltr'><strong>servo</strong></span> <span class='ocrx_word' id='word_1_476' title='bbox 3354 1500 3591 1564; x_wconf 91' lang='lat' dir='ltr'><strong>Ioanni</strong></span> <span class='ocrx_word' id='word_1_477' title='bbox 3634 1497 3912 1565; x_wconf 87' lang='lat' dir='ltr'><strong>Oalvino</strong></span> <span class='ocrx_word' id='word_1_478' title='bbox 3969 1500 4218 1581; x_wconf 87' lang='lat' dir='ltr'><strong>pastori</strong></span> <span class='ocrx_word' id='word_1_479' title='bbox 4276 1499 4585 1566; x_wconf 83' lang='lat' dir='ltr'><strong>ecelesiae</strong></span> 
     </span>
     <span class='ocr_line' id='line_1_71' title="bbox 2637 1584 4396 1738; baseline -0.002 -86"><span class='ocrx_word' id='word_1_480' title='bbox 2637 1586 3049 1652; x_wconf 83' lang='lat' dir='ltr'><strong>Genevensis</strong></span> <span class='ocrx_word' id='word_1_481' title='bbox 3094 1584 3464 1652; x_wconf 89' lang='lat' dir='ltr'><strong>doctissimo</strong></span> <span class='ocrx_word' id='word_1_482' title='bbox 3508 1594 3579 1651; x_wconf 91' lang='lat' dir='ltr'><strong>et</strong></span> <span class='ocrx_word' id='word_1_483' title='bbox 3618 1604 3749 1649; x_wconf 90' lang='lat' dir='ltr'><strong>non</strong></span> <span class='ocrx_word' id='word_1_484' title='bbox 3792 1584 4014 1650; x_wconf 89' lang='lat' dir='ltr'><strong>minus</strong></span> <span class='ocrx_word' id='word_1_485' title='bbox 4055 1584 4396 1738; x_wconf 53' lang='lat' dir='ltr'><strong>Pgenevae</strong></span> 
     </span>
    </p>
   </div>
   <div class='ocr_carea' id='block_1_18' title="bbox 2623 1788 4591 4361">
    <p class='ocr_par' dir='ltr' id='par_1_18' title="bbox 2632 1788 4591 2714">
     <span class='ocr_line' id='line_1_72' title="bbox 2807 1788 4587 1874; baseline -0.003 -16"><span class='ocrx_word' id='word_1_486' title='bbox 2807 1789 2877 1858; x_wconf 80' lang='lat' dir='ltr'><strong>S.</strong></span> <span class='ocrx_word' id='word_1_487' title='bbox 2943 1791 3079 1857; x_wconf 92' lang='lat' dir='ltr'><strong>Per</strong></span> <span class='ocrx_word' id='word_1_488' title='bbox 3145 1789 3655 1873; x_wconf 73' lang='lat' dir='ltr'><strong>christophorum</strong></span> <span class='ocrx_word' id='word_1_489' title='bbox 3688 1795 3736 1867; x_wconf 87' lang='lat'><strong>¹)</strong></span> <span class='ocrx_word' id='word_1_490' title='bbox 3801 1789 4021 1872; x_wconf 89' lang='lat' dir='ltr'><strong>accepi</strong></span> <span class='ocrx_word' id='word_1_491' title='bbox 4084 1807 4248 1872; x_wconf 88' lang='lat' dir='ltr'><strong>opus</strong></span> <span class='ocrx_word' id='word_1_492' title='bbox 4312 1797 4501 1854; x_wconf 90' lang='lat' dir='ltr'><strong>tuum</strong></span> <span class='ocrx_word' id='word_1_493' title='bbox 4527 1788 4587 1874; x_wconf 79' lang='lat'><strong>²)</strong></span> 
     </span>
     <span class='ocr_line' id='line_1_73' title="bbox 2633 1877 4589 1960; baseline -0.002 -18"><span class='ocrx_word' id='word_1_494' title='bbox 2633 1877 2767 1944; x_wconf 85' lang='lat' dir='ltr'><strong>iam</strong></span> <span class='ocrx_word' id='word_1_495' title='bbox 2829 1897 3037 1960; x_wconf 89' lang='lat' dir='ltr'><strong>paene</strong></span> <span class='ocrx_word' id='word_1_496' title='bbox 3103 1877 3476 1943; x_wconf 89' lang='lat' dir='ltr'><strong>absolutum</strong></span> <span class='ocrx_word' id='word_1_497' title='bbox 3542 1882 3610 1940; x_wconf 91' lang='lat' dir='ltr'><strong>et</strong></span> <span class='ocrx_word' id='word_1_498' title='bbox 3674 1893 4010 1953; x_wconf 87' lang='lat' dir='ltr'><strong>excusum,</strong></span> <span class='ocrx_word' id='word_1_499' title='bbox 4078 1882 4268 1957; x_wconf 88' lang='lat' dir='ltr'><strong>teque</strong></span> <span class='ocrx_word' id='word_1_500' title='bbox 4332 1884 4589 1959; x_wconf 91' lang='lat' dir='ltr'><strong>partem</strong></span> 
     </span>
     <span class='ocr_line' id='line_1_74' title="bbox 2632 1959 4585 2043; baseline 0 -17"><span class='ocrx_word' id='word_1_501' title='bbox 2632 1961 2954 2027; x_wconf 89' lang='lat' dir='ltr'><strong>librorum</strong></span> <span class='ocrx_word' id='word_1_502' title='bbox 2997 1972 3110 2028; x_wconf 90' lang='lat' dir='ltr'><strong>tuo</strong></span> <span class='ocrx_word' id='word_1_503' title='bbox 3155 1963 3421 2027; x_wconf 87' lang='lat' dir='ltr'><strong>nomine</strong></span> <span class='ocrx_word' id='word_1_504' title='bbox 3465 1979 3806 2043; x_wconf 90' lang='lat' dir='ltr'><strong>expresso,</strong></span> <span class='ocrx_word' id='word_1_505' title='bbox 3867 1959 4065 2025; x_wconf 89' lang='lat' dir='ltr'><strong>aliam</strong></span> <span class='ocrx_word' id='word_1_506' title='bbox 4121 1960 4317 2025; x_wconf 88' lang='lat' dir='ltr'><strong>tacito</strong></span> <span class='ocrx_word' id='word_1_507' title='bbox 4372 1960 4585 2026; x_wconf 89' lang='lat' dir='ltr'><strong>edere.</strong></span> 
     </span>
     <span class='ocr_line' id='line_1_75' title="bbox 2634 2043 4591 2130; baseline -0.001 -18"><span class='ocrx_word' id='word_1_508' title='bbox 2634 2046 2831 2130; x_wconf 81' lang='lat' dir='ltr'><strong>Quod</strong></span> <span class='ocrx_word' id='word_1_509' title='bbox 2883 2048 3177 2113; x_wconf 88' lang='lat' dir='ltr'><strong>consulto</strong></span> <span class='ocrx_word' id='word_1_510' title='bbox 3234 2049 3480 2113; x_wconf 85' lang='lat' dir='ltr'><strong>factum</strong></span> <span class='ocrx_word' id='word_1_511' title='bbox 3532 2044 3726 2111; x_wconf 85' lang='lat' dir='ltr'><strong>faciet</strong></span> <span class='ocrx_word' id='word_1_512' title='bbox 3783 2058 3857 2111; x_wconf 90' lang='grc' dir='ltr'><strong>ιιι</strong></span> <span class='ocrx_word' id='word_1_513' title='bbox 3912 2043 4309 2110; x_wconf 86' lang='lat' dir='ltr'><strong>commodius</strong></span> <span class='ocrx_word' id='word_1_514' title='bbox 4367 2052 4591 2111; x_wconf 89' lang='lat' dir='ltr'><strong>currat</strong></span> 
     </span>
     <span class='ocr_line' id='line_1_76' title="bbox 2634 2129 4589 2218; baseline 0.001 -21"><span class='ocrx_word' id='word_1_515' title='bbox 2634 2143 2701 2197; x_wconf 90' lang='lat' dir='ltr'><strong>et</strong></span> <span class='ocrx_word' id='word_1_516' title='bbox 2742 2133 3002 2218; x_wconf 85' lang='lat' dir='ltr'><strong>legatur</strong></span> <span class='ocrx_word' id='word_1_517' title='bbox 3046 2154 3226 2216; x_wconf 88' lang='lat' dir='ltr'><strong>opus.</strong></span> <span class='ocrx_word' id='word_1_518' title='bbox 3299 2130 3373 2198; x_wconf 77' lang='lat' dir='ltr'><strong>Si</strong></span> <span class='ocrx_word' id='word_1_519' title='bbox 3419 2144 3606 2196; x_wconf 90' lang='lat' dir='ltr'><strong>tuum</strong></span> <span class='ocrx_word' id='word_1_520' title='bbox 3650 2152 3891 2197; x_wconf 90' lang='lat' dir='ltr'><strong>nomen</strong></span> <span class='ocrx_word' id='word_1_521' title='bbox 3936 2129 4112 2215; x_wconf 91' lang='lat' dir='ltr'><strong>apud</strong></span> <span class='ocrx_word' id='word_1_522' title='bbox 4157 2130 4589 2198; x_wconf 77' lang='lat' dir='ltr'><strong>Caesarianos</strong></span> 
     </span>
     <span class='ocr_line' id='line_1_77' title="bbox 2634 2214 4588 2319; baseline -0.001 -35"><span class='ocrx_word' id='word_1_523' title='bbox 2634 2227 2703 2284; x_wconf 90' lang='lat' dir='ltr'><strong>et</strong></span> <span class='ocrx_word' id='word_1_524' title='bbox 2758 2217 3020 2285; x_wconf 89' lang='lat' dir='ltr'><strong>ordines</strong></span> <span class='ocrx_word' id='word_1_525' title='bbox 3083 2219 3340 2303; x_wconf 88' lang='lat' dir='ltr'><strong>imperii</strong></span> <span class='ocrx_word' id='word_1_526' title='bbox 3406 2226 3620 2319; x_wconf 86' lang='lat' dir='ltr'><strong>potest</strong></span> <span class='ocrx_word' id='word_1_527' title='bbox 3684 2214 3929 2300; x_wconf 89' lang='lat' dir='ltr'><strong>aliquid</strong></span> <span class='ocrx_word' id='word_1_528' title='bbox 3993 2215 4177 2299; x_wconf 90' lang='lat' dir='ltr'><strong>operi</strong></span> <span class='ocrx_word' id='word_1_529' title='bbox 4240 2217 4588 2283; x_wconf 84' lang='lat' dir='ltr'><strong>conciliare</strong></span> 
     </span>
     <span class='ocr_line' id='line_1_78' title="bbox 2632 2302 4586 2383; baseline -0.001 -13"><span class='ocrx_word' id='word_1_530' title='bbox 2632 2304 2893 2383; x_wconf 87' lang='lat' dir='ltr'><strong>favoris,</strong></span> <span class='ocrx_word' id='word_1_531' title='bbox 2953 2305 3242 2371; x_wconf 87' lang='lat' dir='ltr'><strong>servient</strong></span> <span class='ocrx_word' id='word_1_532' title='bbox 3284 2302 3433 2368; x_wconf 89' lang='lat' dir='ltr'><strong>libr1</strong></span> <span class='ocrx_word' id='word_1_533' title='bbox 3478 2324 3627 2370; x_wconf 88' lang='lat' dir='ltr'><strong>cum</strong></span> <span class='ocrx_word' id='word_1_534' title='bbox 3671 2311 3782 2368; x_wconf 92' lang='lat' dir='ltr'><strong>tuo</strong></span> <span class='ocrx_word' id='word_1_535' title='bbox 3827 2303 4123 2367; x_wconf 89' lang='lat' dir='ltr'><strong>nomine:</strong></span> <span class='ocrx_word' id='word_1_536' title='bbox 4185 2302 4243 2368; x_wconf 91' lang='lat' dir='ltr'><strong>si</strong></span> <span class='ocrx_word' id='word_1_537' title='bbox 4295 2302 4586 2368; x_wconf 89' lang='lat' dir='ltr'><strong>invidiae</strong></span> 
     </span>
     <span class='ocr_line' id='line_1_79' title="bbox 2634 2387 4586 2473; baseline -0.001 -18"><span class='ocrx_word' id='word_1_538' title='bbox 2634 2389 2880 2472; x_wconf 89' lang='lat' dir='ltr'><strong>aliquid</strong></span> <span class='ocrx_word' id='word_1_539' title='bbox 2914 2390 3174 2473; x_wconf 86' lang='lat' dir='ltr'><strong>pariant</strong></span> <span class='ocrx_word' id='word_1_540' title='bbox 3217 2388 3330 2453; x_wconf 89' lang='lat' dir='ltr'><strong>alii</strong></span> <span class='ocrx_word' id='word_1_541' title='bbox 3365 2389 3685 2455; x_wconf 88' lang='lat' dir='ltr'><strong>vitabunt.</strong></span> <span class='ocrx_word' id='word_1_542' title='bbox 3754 2387 3888 2454; x_wconf 80' lang='lat' dir='ltr'><strong>Sed</strong></span> <span class='ocrx_word' id='word_1_543' title='bbox 3931 2388 4001 2452; x_wconf 93' lang='lat' dir='ltr'><strong>in</strong></span> <span class='ocrx_word' id='word_1_544' title='bbox 4045 2395 4340 2471; x_wconf 89' lang='lat' dir='ltr'><strong>tempore</strong></span> <span class='ocrx_word' id='word_1_545' title='bbox 4384 2387 4586 2472; x_wconf 90' lang='lat' dir='ltr'><strong>dispi-</strong></span> 
     </span>
     <span class='ocr_line' id='line_1_80' title="bbox 2635 2472 4587 2558; baseline -0.002 -17"><span class='ocrx_word' id='word_1_546' title='bbox 2635 2474 2937 2542; x_wconf 82' lang='lat' dir='ltr'><strong>ciendum</strong></span> <span class='ocrx_word' id='word_1_547' title='bbox 2988 2475 3116 2540; x_wconf 89' lang='lat' dir='ltr'><strong>erit</strong></span> <span class='ocrx_word' id='word_1_548' title='bbox 3169 2474 3343 2558; x_wconf 92' lang='lat' dir='ltr'><strong>quod</strong></span> <span class='ocrx_word' id='word_1_549' title='bbox 3401 2486 3468 2540; x_wconf 86' lang='grc' dir='ltr'><strong>ιο</strong></span> <span class='ocrx_word' id='word_1_550' title='bbox 3524 2474 3827 2540; x_wconf 88' lang='lat' dir='ltr'><strong>existimo</strong></span> <span class='ocrx_word' id='word_1_551' title='bbox 3886 2494 4036 2541; x_wconf 89' lang='lat' dir='ltr'><strong>cum</strong></span> <span class='ocrx_word' id='word_1_552' title='bbox 4079 2472 4326 2540; x_wconf 80' lang='lat' dir='ltr'><strong>Bucero</strong></span> <span class='ocrx_word' id='word_1_553' title='bbox 4353 2476 4410 2557; x_wconf 76' lang='lat'><strong>⁸)</strong></span> <span class='ocrx_word' id='word_1_554' title='bbox 4454 2475 4587 2538; x_wconf 89' lang='lat' dir='ltr'><strong>iam</strong></span> 
     </span>
     <span class='ocr_line' id='line_1_81' title="bbox 2634 2558 4586 2640; baseline -0.002 -14"><span class='ocrx_word' id='word_1_555' title='bbox 2634 2568 2968 2627; x_wconf 88' lang='lat' dir='ltr'><strong>tractasse.</strong></span> <span class='ocrx_word' id='word_1_556' title='bbox 3050 2560 3375 2637; x_wconf 78' lang='lat' dir='ltr'><strong>Christus,</strong></span> <span class='ocrx_word' id='word_1_557' title='bbox 3422 2568 3499 2625; x_wconf 88' lang='lat' dir='ltr'><strong>ut</strong></span> <span class='ocrx_word' id='word_1_558' title='bbox 3539 2560 3611 2624; x_wconf 92' lang='lat' dir='ltr'><strong>in</strong></span> <span class='ocrx_word' id='word_1_559' title='bbox 3654 2559 3874 2625; x_wconf 90' lang='lat' dir='ltr'><strong>labore</strong></span> <span class='ocrx_word' id='word_1_560' title='bbox 3917 2559 4128 2625; x_wconf 88' lang='lat' dir='ltr'><strong>astitit</strong></span> <span class='ocrx_word' id='word_1_561' title='bbox 4170 2558 4586 2640; x_wconf 88' lang='lat' dir='ltr'><strong>absolvendo,</strong></span> 
     </span>
     <span class='ocr_line' id='line_1_82' title="bbox 2634 2644 3863 2714; baseline -0.002 -3"><span class='ocrx_word' id='word_1_562' title='bbox 2634 2647 2726 2712; x_wconf 88' lang='lat' dir='ltr'><strong>ita</strong></span> <span class='ocrx_word' id='word_1_563' title='bbox 2768 2648 2840 2712; x_wconf 89' lang='lat' dir='ltr'><strong>in</strong></span> <span class='ocrx_word' id='word_1_564' title='bbox 2886 2668 3188 2714; x_wconf 86' lang='lat' dir='ltr'><strong>successu</strong></span> <span class='ocrx_word' id='word_1_565' title='bbox 3234 2655 3301 2711; x_wconf 90' lang='lat' dir='ltr'><strong>et</strong></span> <span class='ocrx_word' id='word_1_566' title='bbox 3340 2645 3564 2712; x_wconf 83' lang='lat' dir='ltr'><strong>fructu</strong></span> <span class='ocrx_word' id='word_1_567' title='bbox 3604 2644 3863 2710; x_wconf 85' lang='lat' dir='ltr'><strong>laboris.</strong></span> 
     </span>
    </p>

    <p class='ocr_par' dir='ltr' id='par_1_19' title="bbox 2623 2730 4588 4361">
     <span class='ocr_line' id='line_1_83' title="bbox 2809 2730 4588 2814; baseline -0.003 -16"><span class='ocrx_word' id='word_1_568' title='bbox 2809 2731 2995 2814; x_wconf 81' lang='lat' dir='ltr'><strong>Quae</strong></span> <span class='ocrx_word' id='word_1_569' title='bbox 3047 2732 3358 2797; x_wconf 88' lang='lat' dir='ltr'><strong>fratribus</strong></span> <span class='ocrx_word' id='word_1_570' title='bbox 3415 2742 3529 2796; x_wconf 87' lang='lat' dir='ltr'><strong>tuo</strong></span> <span class='ocrx_word' id='word_1_571' title='bbox 3573 2739 3640 2795; x_wconf 90' lang='lat' dir='ltr'><strong>et</strong></span> <span class='ocrx_word' id='word_1_572' title='bbox 3682 2730 4079 2814; x_wconf 83' lang='lat' dir='ltr'><strong>collegarum</strong></span> <span class='ocrx_word' id='word_1_573' title='bbox 4125 2730 4393 2795; x_wconf 91' lang='lat' dir='ltr'><strong>nomine</strong></span> <span class='ocrx_word' id='word_1_574' title='bbox 4484 2748 4588 2793; x_wconf 90' lang='lat' dir='ltr'><strong>ro-</strong></span> 
     </span>
     <span class='ocr_line' id='line_1_84' title="bbox 2631 2813 4586 2903; baseline -0.003 -19"><span class='ocrx_word' id='word_1_575' title='bbox 2631 2819 2819 2902; x_wconf 86' lang='lat' dir='ltr'><strong>posui</strong></span> <span class='ocrx_word' id='word_1_576' title='bbox 2863 2840 3061 2902; x_wconf 89' lang='lat' dir='ltr'><strong>quam</strong></span> <span class='ocrx_word' id='word_1_577' title='bbox 3105 2817 3477 2903; x_wconf 83' lang='lat' dir='ltr'><strong>gratissima</strong></span> <span class='ocrx_word' id='word_1_578' title='bbox 3519 2818 3816 2881; x_wconf 87' lang='lat' dir='ltr'><strong>fuerunt:</strong></span> <span class='ocrx_word' id='word_1_579' title='bbox 3875 2822 4139 2880; x_wconf 89' lang='lat' dir='ltr'><strong>tantum</strong></span> <span class='ocrx_word' id='word_1_580' title='bbox 4182 2813 4353 2899; x_wconf 90' lang='lat' dir='ltr'><strong>quod</strong></span> <span class='ocrx_word' id='word_1_581' title='bbox 4493 2834 4586 2879; x_wconf 85' lang='lat' dir='ltr'><strong>m-</strong></span> 
     </span>
     <span class='ocr_line' id='line_1_85' title="bbox 2623 2899 4584 2987; baseline -0.003 -16"><span class='ocrx_word' id='word_1_582' title='bbox 2623 2904 2937 2987; x_wconf 78' lang='lat' dir='ltr'><strong>pinellum</strong></span> <span class='ocrx_word' id='word_1_583' title='bbox 2964 2907 3020 2980; x_wconf 88' lang='lat'><strong>⁴)</strong></span> <span class='ocrx_word' id='word_1_584' title='bbox 3068 2904 3319 2980; x_wconf 87' lang='lat' dir='ltr'><strong>attinet,</strong></span> <span class='ocrx_word' id='word_1_585' title='bbox 3367 2901 3727 2985; x_wconf 75' lang='lat' dir='ltr'><strong>Gapunculo</strong></span> <span class='ocrx_word' id='word_1_586' title='bbox 3763 2923 3894 2966; x_wconf 93' lang='lat' dir='ltr'><strong>non</strong></span> <span class='ocrx_word' id='word_1_587' title='bbox 3932 2899 4091 2965; x_wconf 91' lang='lat' dir='ltr'><strong>adeo</strong></span> <span class='ocrx_word' id='word_1_588' title='bbox 4136 2899 4260 2965; x_wconf 79' lang='lat' dir='ltr'><strong>fuit</strong></span> <span class='ocrx_word' id='word_1_589' title='bbox 4303 2912 4584 2985; x_wconf 82' lang='lat' dir='ltr'><strong>gratum.</strong></span> 
     </span>
     <span class='ocr_line' id='line_1_86' title="bbox 2634 2984 4588 3072; baseline -0.002 -18"><span class='ocrx_word' id='word_1_590' title='bbox 2634 2989 3022 3055; x_wconf 87' lang='lat' dir='ltr'><strong>Voluissent</strong></span> <span class='ocrx_word' id='word_1_591' title='bbox 3085 3010 3163 3055; x_wconf 87' lang='lat' dir='ltr'><strong>ea</strong></span> <span class='ocrx_word' id='word_1_592' title='bbox 3227 2989 3429 3072; x_wconf 89' lang='lat' dir='ltr'><strong>aliqui</strong></span> <span class='ocrx_word' id='word_1_593' title='bbox 3495 2987 3703 3052; x_wconf 85' lang='lat' dir='ltr'><strong>literis</strong></span> <span class='ocrx_word' id='word_1_594' title='bbox 3766 2984 4089 3065; x_wconf 88' lang='lat' dir='ltr'><strong>indicata,</strong></span> <span class='ocrx_word' id='word_1_595' title='bbox 4153 2987 4402 3070; x_wconf 83' lang='lat' dir='ltr'><strong>gratias</strong></span> <span class='ocrx_word' id='word_1_596' title='bbox 4468 2986 4588 3051; x_wconf 87' lang='lat' dir='ltr'><strong>tibi</strong></span> 
     </span>
     <span class='ocr_line' id='line_1_87' title="bbox 2634 3070 4587 3161; baseline -0.002 -21"><span class='ocrx_word' id='word_1_597' title='bbox 2634 3084 2843 3161; x_wconf 87' lang='lat' dir='ltr'><strong>agunt</strong></span> <span class='ocrx_word' id='word_1_598' title='bbox 2886 3083 2953 3140; x_wconf 90' lang='lat' dir='ltr'><strong>et</strong></span> <span class='ocrx_word' id='word_1_599' title='bbox 2994 3075 3336 3153; x_wconf 72' lang='lat' dir='ltr'><strong>fratribus,</strong></span> <span class='ocrx_word' id='word_1_600' title='bbox 3395 3081 3461 3140; x_wconf 92' lang='lat' dir='ltr'><strong>et</strong></span> <span class='ocrx_word' id='word_1_601' title='bbox 3503 3081 3737 3156; x_wconf 89' lang='lat' dir='ltr'><strong>petunt</strong></span> <span class='ocrx_word' id='word_1_602' title='bbox 3778 3070 3951 3155; x_wconf 90' lang='lat' dir='ltr'><strong>quod</strong></span> <span class='ocrx_word' id='word_1_603' title='bbox 3991 3092 4108 3137; x_wconf 92' lang='lat' dir='ltr'><strong>vos</strong></span> <span class='ocrx_word' id='word_1_604' title='bbox 4150 3072 4387 3156; x_wconf 88' lang='lat' dir='ltr'><strong>petitis,</strong></span> <span class='ocrx_word' id='word_1_605' title='bbox 4449 3091 4587 3136; x_wconf 90' lang='lat' dir='ltr'><strong>cre-</strong></span> 
     </span>
     <span class='ocr_line' id='line_1_88' title="bbox 2633 3152 4587 3245; baseline -0.004 -18"><span class='ocrx_word' id='word_1_606' title='bbox 2633 3161 2783 3227; x_wconf 86' lang='lat' dir='ltr'><strong>bras</strong></span> <span class='ocrx_word' id='word_1_607' title='bbox 2839 3162 2982 3227; x_wconf 90' lang='lat' dir='ltr'><strong>fieri</strong></span> <span class='ocrx_word' id='word_1_608' title='bbox 3026 3182 3065 3225; x_wconf 90' lang='lat' dir='ltr'><strong>a</strong></span> <span class='ocrx_word' id='word_1_609' title='bbox 3109 3160 3294 3225; x_wconf 92' lang='lat' dir='ltr'><strong>vobis</strong></span> <span class='ocrx_word' id='word_1_610' title='bbox 3347 3158 3841 3224; x_wconf 89' lang='lat' dir='ltr'><strong>admonitiones.</strong></span> <span class='ocrx_word' id='word_1_611' title='bbox 3933 3156 4173 3245; x_wconf 42' lang='lat' dir='ltr'><strong>Quum,</strong></span> <span class='ocrx_word' id='word_1_612' title='bbox 4201 3152 4412 3221; x_wconf 81' lang='lat' dir='ltr'><strong>multa</strong></span> <span class='ocrx_word' id='word_1_613' title='bbox 4455 3177 4587 3221; x_wconf 93' lang='lat' dir='ltr'><strong>non</strong></span> 
     </span>
     <span class='ocr_line' id='line_1_89' title="bbox 2631 3242 4587 3328; baseline -0.003 -16"><span class='ocrx_word' id='word_1_614' title='bbox 2631 3247 2776 3312; x_wconf 90' lang='lat' dir='ltr'><strong>sine</strong></span> <span class='ocrx_word' id='word_1_615' title='bbox 2818 3245 3153 3313; x_wconf 87' lang='lat' dir='ltr'><strong>stomacho</strong></span> <span class='ocrx_word' id='word_1_616' title='bbox 3197 3246 3441 3310; x_wconf 86' lang='lat' dir='ltr'><strong>diceret</strong></span> <span class='ocrx_word' id='word_1_617' title='bbox 3487 3243 3887 3328; x_wconf 77' lang='lat' dir='ltr'><strong>Capunculus</strong></span> <span class='ocrx_word' id='word_1_618' title='bbox 3926 3253 3992 3308; x_wconf 89' lang='lat' dir='ltr'><strong>et</strong></span> <span class='ocrx_word' id='word_1_619' title='bbox 4036 3250 4291 3308; x_wconf 89' lang='lat' dir='ltr'><strong>coetum</strong></span> <span class='ocrx_word' id='word_1_620' title='bbox 4335 3242 4587 3308; x_wconf 90' lang='lat' dir='ltr'><strong>detine-</strong></span> 
     </span>
     <span class='ocr_line' id='line_1_90' title="bbox 2633 3328 4586 3414; baseline -0.002 -17"><span class='ocrx_word' id='word_1_621' title='bbox 2633 3341 2762 3410; x_wconf 89' lang='lat' dir='ltr'><strong>ret,</strong></span> <span class='ocrx_word' id='word_1_622' title='bbox 2830 3331 3222 3398; x_wconf 84' lang='lat' dir='ltr'><strong>demandata</strong></span> <span class='ocrx_word' id='word_1_623' title='bbox 3277 3330 3435 3395; x_wconf 88' lang='lat' dir='ltr'><strong>mihi</strong></span> <span class='ocrx_word' id='word_1_624' title='bbox 3502 3330 3630 3394; x_wconf 89' lang='lat' dir='ltr'><strong>fuit</strong></span> <span class='ocrx_word' id='word_1_625' title='bbox 3684 3328 4025 3414; x_wconf 87' lang='lat' dir='ltr'><strong>provincia</strong></span> <span class='ocrx_word' id='word_1_626' title='bbox 4089 3349 4237 3395; x_wconf 89' lang='lat' dir='ltr'><strong>oum</strong></span> <span class='ocrx_word' id='word_1_627' title='bbox 4303 3336 4586 3413; x_wconf 89' lang='lat' dir='ltr'><strong>quatuor</strong></span> 
     </span>
     <span class='ocr_line' id='line_1_91' title="bbox 2632 3413 4582 3502; baseline -0.002 -20"><span class='ocrx_word' id='word_1_628' title='bbox 2632 3414 2765 3485; x_wconf 91' lang='lat' dir='ltr'><strong>illis</strong></span> <span class='ocrx_word' id='word_1_629' title='bbox 2799 3418 2913 3502; x_wconf 90' lang='lat' dir='ltr'><strong>qui</strong></span> <span class='ocrx_word' id='word_1_630' title='bbox 2948 3417 3193 3485; x_wconf 83' lang='lat' dir='ltr'><strong>decano</strong></span> <span class='ocrx_word' id='word_1_631' title='bbox 3232 3416 3460 3481; x_wconf 89' lang='lat' dir='ltr'><strong>adesse</strong></span> <span class='ocrx_word' id='word_1_632' title='bbox 3496 3414 3754 3481; x_wconf 86' lang='lat' dir='ltr'><strong>debent.</strong></span> <span class='ocrx_word' id='word_1_633' title='bbox 3820 3413 4205 3479; x_wconf 81' lang='lat' dir='ltr'><strong>Audivimus</strong></span> <span class='ocrx_word' id='word_1_634' title='bbox 4231 3413 4582 3493; x_wconf 90' lang='lat' dir='ltr'><strong>hominem,</strong></span> 
     </span>
     <span class='ocr_line' id='line_1_92' title="bbox 2632 3498 4584 3588; baseline -0.002 -20"><span class='ocrx_word' id='word_1_635' title='bbox 2632 3505 2742 3588; x_wconf 89' lang='lat' dir='ltr'><strong>qui</strong></span> <span class='ocrx_word' id='word_1_636' title='bbox 2784 3502 3052 3569; x_wconf 86' lang='lat' dir='ltr'><strong>tandem</strong></span> <span class='ocrx_word' id='word_1_637' title='bbox 3097 3501 3282 3581; x_wconf 84' lang='lat' dir='ltr'><strong>dixit,</strong></span> <span class='ocrx_word' id='word_1_638' title='bbox 3329 3522 3398 3566; x_wconf 91' lang='lat' dir='ltr'><strong>se</strong></span> <span class='ocrx_word' id='word_1_639' title='bbox 3434 3500 3606 3566; x_wconf 90' lang='lat' dir='ltr'><strong>velle</strong></span> <span class='ocrx_word' id='word_1_640' title='bbox 3642 3500 3864 3565; x_wconf 90' lang='lat' dir='ltr'><strong>omnia</strong></span> <span class='ocrx_word' id='word_1_641' title='bbox 3898 3499 4089 3564; x_wconf 76' lang='lat' dir='ltr'><strong>Aneti</strong></span> <span class='ocrx_word' id='word_1_642' title='bbox 4130 3506 4209 3565; x_wconf 88' lang='lat' dir='ltr'><strong>ut</strong></span> <span class='ocrx_word' id='word_1_643' title='bbox 4243 3500 4414 3565; x_wconf 90' lang='lat' dir='ltr'><strong>bona</strong></span> <span class='ocrx_word' id='word_1_644' title='bbox 4457 3498 4584 3564; x_wconf 87' lang='lat' dir='ltr'><strong>fide</strong></span> 
     </span>
     <span class='ocr_line' id='line_1_93' title="bbox 2629 3583 4584 3674; baseline -0.002 -20"><span class='ocrx_word' id='word_1_645' title='bbox 2629 3587 3026 3674; x_wconf 86' lang='lat' dir='ltr'><strong>pauperibus</strong></span> <span class='ocrx_word' id='word_1_646' title='bbox 3091 3586 3344 3665; x_wconf 85' lang='lat' dir='ltr'><strong>dentur,</strong></span> <span class='ocrx_word' id='word_1_647' title='bbox 3414 3593 3479 3650; x_wconf 91' lang='lat' dir='ltr'><strong>et</strong></span> <span class='ocrx_word' id='word_1_648' title='bbox 3542 3606 3743 3668; x_wconf 90' lang='lat' dir='ltr'><strong>quum</strong></span> <span class='ocrx_word' id='word_1_649' title='bbox 3810 3585 4086 3651; x_wconf 77' lang='lat' dir='ltr'><strong>Thomas</strong></span> <span class='ocrx_word' id='word_1_650' title='bbox 4147 3583 4453 3651; x_wconf 87' lang='lat' dir='ltr'><strong>suaderet</strong></span> <span class='ocrx_word' id='word_1_651' title='bbox 4509 3592 4584 3650; x_wconf 89' lang='grc' dir='ltr'><strong>ιιι</strong></span> 
     </span>
     <span class='ocr_line' id='line_1_94' title="bbox 2631 3668 4583 3758; baseline -0.003 -19"><span class='ocrx_word' id='word_1_652' title='bbox 2631 3677 2776 3741; x_wconf 87' lang='lat' dir='ltr'><strong>istic</strong></span> <span class='ocrx_word' id='word_1_653' title='bbox 2819 3675 3065 3758; x_wconf 88' lang='lat' dir='ltr'><strong>aliquos</strong></span> <span class='ocrx_word' id='word_1_654' title='bbox 3112 3673 3425 3756; x_wconf 82' lang='lat' dir='ltr'><strong>deligeret</strong></span> <span class='ocrx_word' id='word_1_655' title='bbox 3479 3672 3592 3755; x_wconf 89' lang='lat' dir='ltr'><strong>qui</strong></span> <span class='ocrx_word' id='word_1_656' title='bbox 3636 3668 3856 3736; x_wconf 85' lang='lat' dir='ltr'><strong>omnia</strong></span> <span class='ocrx_word' id='word_1_657' title='bbox 3912 3690 3950 3735; x_wconf 87' lang='lat' dir='ltr'><strong>a</strong></span> <span class='ocrx_word' id='word_1_658' title='bbox 3997 3668 4083 3736; x_wconf 90' lang='lat' dir='ltr'><strong>ud</strong></span> <span class='ocrx_word' id='word_1_659' title='bbox 4130 3668 4583 3752; x_wconf 76' lang='lat' dir='ltr'><strong>Gampinellum</strong></span> 
     </span>
     <span class='ocr_line' id='line_1_95' title="bbox 2631 3756 4584 3844; baseline -0.003 -18"><span class='ocrx_word' id='word_1_660' title='bbox 2631 3765 3114 3844; x_wconf 88' lang='lat' dir='ltr'><strong>componerent,</strong></span> <span class='ocrx_word' id='word_1_661' title='bbox 3160 3758 3267 3823; x_wconf 86' lang='lat' dir='ltr'><strong>hic</strong></span> <span class='ocrx_word' id='word_1_662' title='bbox 3310 3778 3416 3822; x_wconf 91' lang='lat' dir='ltr'><strong>me</strong></span> <span class='ocrx_word' id='word_1_663' title='bbox 3459 3767 3526 3822; x_wconf 91' lang='lat' dir='ltr'><strong>et</strong></span> <span class='ocrx_word' id='word_1_664' title='bbox 3574 3756 3880 3822; x_wconf 78' lang='lat' dir='ltr'><strong>Thomam</strong></span> <span class='ocrx_word' id='word_1_665' title='bbox 3964 3756 4194 3840; x_wconf 88' lang='lat' dir='ltr'><strong>elegit:</strong></span> <span class='ocrx_word' id='word_1_666' title='bbox 4245 3763 4312 3821; x_wconf 92' lang='lat' dir='ltr'><strong>et</strong></span> <span class='ocrx_word' id='word_1_667' title='bbox 4353 3777 4584 3839; x_wconf 92' lang='lat' dir='ltr'><strong>quam-</strong></span> 
     </span>
     <span class='ocr_line' id='line_1_96' title="bbox 2630 3841 4587 3927; baseline -0.003 -15"><span class='ocrx_word' id='word_1_668' title='bbox 2630 3848 2734 3912; x_wconf 90' lang='lat' dir='ltr'><strong>vis</strong></span> <span class='ocrx_word' id='word_1_669' title='bbox 2813 3846 3204 3921; x_wconf 75' lang='lat' dir='ltr'><strong>diceremuS,</strong></span> <span class='ocrx_word' id='word_1_670' title='bbox 3286 3842 3591 3926; x_wconf 86' lang='lat' dir='ltr'><strong>expedire</strong></span> <span class='ocrx_word' id='word_1_671' title='bbox 3670 3843 3881 3927; x_wconf 86' lang='lat' dir='ltr'><strong>magis</strong></span> <span class='ocrx_word' id='word_1_672' title='bbox 3960 3850 4034 3906; x_wconf 88' lang='lat' dir='ltr'><strong>ut</strong></span> <span class='ocrx_word' id='word_1_673' title='bbox 4109 3841 4257 3907; x_wconf 86' lang='lat' dir='ltr'><strong>istic</strong></span> <span class='ocrx_word' id='word_1_674' title='bbox 4334 3852 4450 3906; x_wconf 88' lang='lat' dir='ltr'><strong>aut</strong></span> <span class='ocrx_word' id='word_1_675' title='bbox 4513 3842 4587 3906; x_wconf 87' lang='lat' dir='ltr'><strong>in</strong></span> 
     </span>
     <span class='ocr_line' id='line_1_97' title="bbox 2629 3926 4586 4013; baseline -0.002 -17"><span class='ocrx_word' id='word_1_676' title='bbox 2629 3930 2771 3997; x_wconf 88' lang='lat' dir='ltr'><strong>loeo</strong></span> <span class='ocrx_word' id='word_1_677' title='bbox 2829 3930 3016 3997; x_wconf 90' lang='lat' dir='ltr'><strong>nobis</strong></span> <span class='ocrx_word' id='word_1_678' title='bbox 3077 3930 3386 3996; x_wconf 84' lang='lat' dir='ltr'><strong>viciniore</strong></span> <span class='ocrx_word' id='word_1_679' title='bbox 3442 3949 3601 4013; x_wconf 89' lang='lat' dir='ltr'><strong>quos</strong></span> <span class='ocrx_word' id='word_1_680' title='bbox 3656 3928 3855 3992; x_wconf 90' lang='lat' dir='ltr'><strong>vellet</strong></span> <span class='ocrx_word' id='word_1_681' title='bbox 3909 3926 4196 4011; x_wconf 85' lang='lat' dir='ltr'><strong>eligeret,</strong></span> <span class='ocrx_word' id='word_1_682' title='bbox 4254 3927 4406 3991; x_wconf 86' lang='lat' dir='ltr'><strong>licet</strong></span> <span class='ocrx_word' id='word_1_683' title='bbox 4449 3948 4586 3992; x_wconf 94' lang='lat' dir='ltr'><strong>non</strong></span> 
     </span>
     <span class='ocr_line' id='line_1_98' title="bbox 2633 4012 4584 4099; baseline -0.004 -15"><span class='ocrx_word' id='word_1_684' title='bbox 2633 4017 2822 4084; x_wconf 88' lang='lat' dir='ltr'><strong>valde</strong></span> <span class='ocrx_word' id='word_1_685' title='bbox 2889 4017 3109 4099; x_wconf 91' lang='lat' dir='ltr'><strong>ipsum</strong></span> <span class='ocrx_word' id='word_1_686' title='bbox 3165 4014 3248 4079; x_wconf 88' lang='lat' dir='ltr'><strong>ad</strong></span> <span class='ocrx_word' id='word_1_687' title='bbox 3304 4014 3426 4079; x_wconf 91' lang='lat' dir='ltr'><strong>hoc</strong></span> <span class='ocrx_word' id='word_1_688' title='bbox 3492 4012 3830 4097; x_wconf 89' lang='lat' dir='ltr'><strong>impellere</strong></span> <span class='ocrx_word' id='word_1_689' title='bbox 3899 4012 4397 4093; x_wconf 85' lang='lat' dir='ltr'><strong>tentaverimus,</strong></span> <span class='ocrx_word' id='word_1_690' title='bbox 4466 4032 4584 4077; x_wconf 91' lang='lat' dir='ltr'><strong>no-</strong></span> 
     </span>
     <span class='ocr_line' id='line_1_99' title="bbox 2630 4097 4582 4183; baseline -0.002 -16"><span class='ocrx_word' id='word_1_691' title='bbox 2630 4103 2756 4167; x_wconf 90' lang='lat' dir='ltr'><strong>luit</strong></span> <span class='ocrx_word' id='word_1_692' title='bbox 2811 4103 2881 4167; x_wconf 93' lang='lat' dir='ltr'><strong>in</strong></span> <span class='ocrx_word' id='word_1_693' title='bbox 2938 4102 3264 4167; x_wconf 89' lang='lat' dir='ltr'><strong>sententia</strong></span> <span class='ocrx_word' id='word_1_694' title='bbox 3317 4098 3690 4183; x_wconf 89' lang='lat' dir='ltr'><strong>perdurare.</strong></span> <span class='ocrx_word' id='word_1_695' title='bbox 3793 4098 4065 4163; x_wconf 82' lang='lat' dir='ltr'><strong>Fratres</strong></span> <span class='ocrx_word' id='word_1_696' title='bbox 4123 4097 4338 4182; x_wconf 88' lang='lat' dir='ltr'><strong>itaque</strong></span> <span class='ocrx_word' id='word_1_697' title='bbox 4393 4099 4582 4163; x_wconf 88' lang='lat' dir='ltr'><strong>volu-</strong></span> 
     </span>
     <span class='ocr_line' id='line_1_100' title="bbox 2632 4183 4585 4269; baseline -0.002 -16"><span class='ocrx_word' id='word_1_698' title='bbox 2632 4196 2829 4253; x_wconf 90' lang='lat' dir='ltr'><strong>erunt</strong></span> <span class='ocrx_word' id='word_1_699' title='bbox 2873 4186 2955 4252; x_wconf 92' lang='lat' dir='ltr'><strong>ad</strong></span> <span class='ocrx_word' id='word_1_700' title='bbox 2999 4208 3114 4253; x_wconf 92' lang='lat' dir='ltr'><strong>vos</strong></span> <span class='ocrx_word' id='word_1_701' title='bbox 3160 4185 3530 4264; x_wconf 86' lang='lat' dir='ltr'><strong>scriberem,</strong></span> <span class='ocrx_word' id='word_1_702' title='bbox 3581 4183 4009 4269; x_wconf 69' lang='lat' dir='ltr'><strong>quunculum</strong></span> <span class='ocrx_word' id='word_1_703' title='bbox 4051 4183 4222 4249; x_wconf 91' lang='lat' dir='ltr'><strong>nolle</strong></span> <span class='ocrx_word' id='word_1_704' title='bbox 4264 4184 4585 4267; x_wconf 86' lang='lat' dir='ltr'><strong>impedire</strong></span> 
     </span>
     <span class='ocr_line' id='line_1_101' title="bbox 2632 4269 4579 4361; baseline -0.002 -23"><span class='ocrx_word' id='word_1_705' title='bbox 2632 4275 2979 4361; x_wconf 87' lang='lat' dir='ltr'><strong>quominus</strong></span> <span class='ocrx_word' id='word_1_706' title='bbox 3035 4274 3222 4337; x_wconf 88' lang='lat' dir='ltr'><strong>iuxta</strong></span> <span class='ocrx_word' id='word_1_707' title='bbox 3283 4270 3615 4337; x_wconf 88' lang='lat' dir='ltr'><strong>testatoris</strong></span> <span class='ocrx_word' id='word_1_708' title='bbox 3666 4269 4072 4335; x_wconf 87' lang='lat' dir='ltr'><strong>voluntatem</strong></span> <span class='ocrx_word' id='word_1_709' title='bbox 4127 4271 4290 4335; x_wconf 90' lang='lat' dir='ltr'><strong>fiant</strong></span> <span class='ocrx_word' id='word_1_710' title='bbox 4339 4270 4579 4351; x_wconf 86' lang='lat' dir='ltr'><strong>omnia,</strong></span> 
     </span>
    </p>
   </div>
   <div class='ocr_carea' id='block_1_19' title="bbox 2580 4354 4583 4442">
    <p class='ocr_par' dir='ltr' id='par_1_20' title="bbox 2580 4354 4583 4442">
     <span class='ocr_line' id='line_1_102' title="bbox 2580 4354 4583 4442; baseline -0.001 -19"><span class='ocrx_word' id='word_1_711' title='bbox 2580 4405 2588 4423; x_wconf 89' lang='lat'><strong>.</strong></span> <span class='ocrx_word' id='word_1_712' title='bbox 2630 4370 2698 4425; x_wconf 90' lang='lat' dir='ltr'><strong>et</strong></span> <span class='ocrx_word' id='word_1_713' title='bbox 2749 4360 2820 4423; x_wconf 89' lang='lat' dir='ltr'><strong>in</strong></span> <span class='ocrx_word' id='word_1_714' title='bbox 2875 4358 2999 4425; x_wconf 90' lang='lat' dir='ltr'><strong>hoc</strong></span> <span class='ocrx_word' id='word_1_715' title='bbox 3053 4357 3458 4442; x_wconf 87' lang='lat' dir='ltr'><strong>provinciam</strong></span> <span class='ocrx_word' id='word_1_716' title='bbox 3501 4357 3688 4421; x_wconf 90' lang='lat' dir='ltr'><strong>nobis</strong></span> <span class='ocrx_word' id='word_1_717' title='bbox 3740 4354 4008 4420; x_wconf 83' lang='lat' dir='ltr'><strong>dedisse.</strong></span> <span class='ocrx_word' id='word_1_718' title='bbox 4099 4354 4371 4440; x_wconf 84' lang='lat' dir='ltr'><strong>Deligat</strong></span> <span class='ocrx_word' id='word_1_719' title='bbox 4413 4356 4583 4421; x_wconf 89' lang='lat' dir='ltr'><strong>alter</strong></span> 
     </span>
    </p>
   </div>
   <div class='ocr_carea' id='block_1_20' title="bbox 2626 4442 4580 4614">
    <p class='ocr_par' dir='ltr' id='par_1_21' title="bbox 2626 4442 4580 4614">
     <span class='ocr_line' id='line_1_103' title="bbox 2629 4442 4580 4529; baseline -0.002 -18"><span class='ocrx_word' id='word_1_720' title='bbox 2629 4465 2788 4529; x_wconf 88' lang='lat' dir='ltr'><strong>quos</strong></span> <span class='ocrx_word' id='word_1_721' title='bbox 2832 4444 3026 4525; x_wconf 91' lang='lat' dir='ltr'><strong>volet,</strong></span> <span class='ocrx_word' id='word_1_722' title='bbox 3070 4445 3415 4527; x_wconf 86' lang='lat' dir='ltr'><strong>omniaque</strong></span> <span class='ocrx_word' id='word_1_723' title='bbox 3449 4442 3821 4508; x_wconf 83' lang='lat' dir='ltr'><strong>inventario</strong></span> <span class='ocrx_word' id='word_1_724' title='bbox 3855 4448 4193 4507; x_wconf 88' lang='lat' dir='ltr'><strong>notentur:</strong></span> <span class='ocrx_word' id='word_1_725' title='bbox 4237 4442 4378 4524; x_wconf 91' lang='lat' dir='ltr'><strong>ipse</strong></span> <span class='ocrx_word' id='word_1_726' title='bbox 4414 4460 4580 4525; x_wconf 88' lang='lat' dir='ltr'><strong>quae</strong></span> 
     </span>
     <span class='ocr_line' id='line_1_104' title="bbox 2626 4526 4577 4614; baseline -0.002 -18"><span class='ocrx_word' id='word_1_727' title='bbox 2626 4530 2828 4597; x_wconf 86' lang='lat' dir='ltr'><strong>habet</strong></span> <span class='ocrx_word' id='word_1_728' title='bbox 2878 4528 3192 4614; x_wconf 88' lang='lat' dir='ltr'><strong>producet</strong></span> <span class='ocrx_word' id='word_1_729' title='bbox 3240 4537 3308 4594; x_wconf 90' lang='lat' dir='ltr'><strong>et</strong></span> <span class='ocrx_word' id='word_1_730' title='bbox 3357 4527 3530 4612; x_wconf 89' lang='lat' dir='ltr'><strong>quod</strong></span> <span class='ocrx_word' id='word_1_731' title='bbox 3586 4528 3920 4594; x_wconf 89' lang='lat' dir='ltr'><strong>decretum</strong></span> <span class='ocrx_word' id='word_1_732' title='bbox 3984 4526 4182 4592; x_wconf 88' lang='lat' dir='ltr'><strong>fuerit</strong></span> <span class='ocrx_word' id='word_1_733' title='bbox 4246 4538 4577 4611; x_wconf 89' lang='lat' dir='ltr'><strong>sequetur,</strong></span> 
     </span>
    </p>
   </div>
   <div class='ocr_carea' id='block_1_21' title="bbox 2614 4763 4575 5455">
    <p class='ocr_par' dir='ltr' id='par_1_22' title="bbox 2624 4763 4575 4967">
     <span class='ocr_line' id='line_1_105' title="bbox 2826 4763 4221 4836; baseline -0.001 -17"><span class='ocrx_word' id='word_1_734' title='bbox 2826 4766 2887 4829; x_wconf 81' lang='lat'><strong>2)</strong></span> <span class='ocrx_word' id='word_1_735' title='bbox 2926 4767 3246 4836; x_wconf 69' lang='lat' dir='ltr'><strong>Supplicem</strong></span> <span class='ocrx_word' id='word_1_736' title='bbox 3279 4766 3709 4824; x_wconf 60' lang='lat' dir='ltr'><strong>amatio-em</strong></span> <span class='ocrx_word' id='word_1_737' title='bbox 3742 4766 3821 4820; x_wconf 78' lang='lat' dir='ltr'><strong>ad</strong></span> <span class='ocrx_word' id='word_1_738' title='bbox 3856 4766 4161 4821; x_wconf 61' lang='lat' dir='ltr'><strong>Gaesarem.</strong></span> <span class='ocrx_word' id='word_1_739' title='bbox 4213 4763 4221 4772; x_wconf 84' lang='lat'><em>&#39;</em></span> 
     </span>
     <span class='ocr_line' id='line_1_106' title="bbox 2624 4834 4575 4967; baseline 0 -76"><span class='ocrx_word' id='word_1_740' title='bbox 2624 4903 2718 4967; x_wconf 69' lang='lat' dir='ltr'><strong>(N</strong></span> <span class='ocrx_word' id='word_1_741' title='bbox 2764 4838 3018 4963; x_wconf 61' lang='lat' dir='ltr'><strong>5131))qui</strong></span> <span class='ocrx_word' id='word_1_742' title='bbox 3067 4837 3294 4891; x_wconf 77' lang='lat' dir='ltr'><strong>Calvino</strong></span> <span class='ocrx_word' id='word_1_743' title='bbox 3339 4842 3404 4890; x_wconf 77' lang='lat' dir='ltr'><strong>ut</strong></span> <span class='ocrx_word' id='word_1_744' title='bbox 3459 4836 3620 4889; x_wconf 76' lang='lat' dir='ltr'><strong>talem</strong></span> <span class='ocrx_word' id='word_1_745' title='bbox 3671 4834 3874 4889; x_wconf 62' lang='lat' dir='ltr'><strong>libr-mn</strong></span> <span class='ocrx_word' id='word_1_746' title='bbox 3929 4835 4108 4890; x_wconf 74' lang='lat' dir='ltr'><strong>ederet</strong></span> <span class='ocrx_word' id='word_1_747' title='bbox 4148 4841 4314 4890; x_wconf 66' lang='lat' dir='ltr'><strong>auctor</strong></span> <span class='ocrx_word' id='word_1_748' title='bbox 4367 4836 4575 4902; x_wconf 71' lang='lat' dir='ltr'><strong>fuerat.</strong></span> 
     </span>
    </p>

    <p class='ocr_par' dir='ltr' id='par_1_23' title="bbox 2614 4972 4575 5455">
     <span class='ocr_line' id='line_1_107' title="bbox 2827 4972 4575 5043; baseline 0.002 -18"><span class='ocrx_word' id='word_1_749' title='bbox 2827 4972 3175 5042; x_wconf 79' lang='lat' dir='ltr'><strong>4)Quaese</strong></span> <span class='ocrx_word' id='word_1_750' title='bbox 3454 4972 4575 5043; x_wconf 57' lang='lat' dir='ltr'><strong>obsmametexaliisepimloe</strong></span> 
     </span>
     <span class='ocr_line' id='line_1_108' title="bbox 2618 5040 4573 5109; baseline 0.002 -15"><span class='ocrx_word' id='word_1_751' title='bbox 2618 5041 2841 5095; x_wconf 72' lang='lat' dir='ltr'><strong>minime</strong></span> <span class='ocrx_word' id='word_1_752' title='bbox 2874 5041 3244 5097; x_wconf 71' lang='lat' dir='ltr'><strong>illustrantur.</strong></span> <span class='ocrx_word' id='word_1_753' title='bbox 3316 5041 3384 5096; x_wconf 77' lang='lat' dir='ltr'><strong>Si</strong></span> <span class='ocrx_word' id='word_1_754' title='bbox 3418 5040 3553 5109; x_wconf 69' lang='lat' dir='ltr'><strong>quid</strong></span> <span class='ocrx_word' id='word_1_755' title='bbox 3584 5041 3831 5094; x_wconf 73' lang='lat' dir='ltr'><strong>videmus</strong></span> <span class='ocrx_word' id='word_1_756' title='bbox 3863 5041 4053 5109; x_wconf 67' lang='lat' dir='ltr'><strong>osy-’tur</strong></span> <span class='ocrx_word' id='word_1_757' title='bbox 4098 5040 4165 5095; x_wconf 77' lang='lat' dir='ltr'><strong>de</strong></span> <span class='ocrx_word' id='word_1_758' title='bbox 4208 5042 4367 5096; x_wconf 70' lang='lat' dir='ltr'><strong>bonis</strong></span> <span class='ocrx_word' id='word_1_759' title='bbox 4401 5043 4573 5097; x_wconf 68' lang='lat' dir='ltr'><strong>Aucti</strong></span> 
     </span>
     <span class='ocr_line' id='line_1_109' title="bbox 2620 5109 4566 5180; baseline 0.001 -16"><span class='ocrx_word' id='word_1_760' title='bbox 2620 5111 2912 5165; x_wconf 76' lang='lat' dir='ltr'><strong>cuiusdam</strong></span> <span class='ocrx_word' id='word_1_761' title='bbox 2945 5128 3013 5167; x_wconf 72' lang='lat' dir='ltr'><strong>ece</strong></span> <span class='ocrx_word' id='word_1_762' title='bbox 3045 5115 3364 5166; x_wconf 73' lang='lat' dir='ltr'><strong>testamento</strong></span> <span class='ocrx_word' id='word_1_763' title='bbox 3397 5110 3532 5162; x_wconf 70' lang='lat' dir='ltr'><strong>uswi</strong></span> <span class='ocrx_word' id='word_1_764' title='bbox 3564 5110 3778 5175; x_wconf 69' lang='lat' dir='ltr'><strong>publico</strong></span> <span class='ocrx_word' id='word_1_765' title='bbox 3815 5109 4124 5177; x_wconf 71' lang='lat' dir='ltr'><strong>destinatis,</strong></span> <span class='ocrx_word' id='word_1_766' title='bbox 4174 5115 4227 5164; x_wconf 75' lang='lat' dir='ltr'><strong>et</strong></span> <span class='ocrx_word' id='word_1_767' title='bbox 4269 5128 4309 5164; x_wconf 78' lang='lat' dir='ltr'><strong>a</strong></span> <span class='ocrx_word' id='word_1_768' title='bbox 4344 5109 4566 5180; x_wconf 66' lang='lat' dir='ltr'><strong>Campo·-</strong></span> 
     </span>
     <span class='ocr_line' id='line_1_110' title="bbox 2617 5178 4569 5250; baseline 0.001 -16"><span class='ocrx_word' id='word_1_769' title='bbox 2617 5180 2757 5234; x_wconf 73' lang='lat' dir='ltr'><strong>nello</strong></span> <span class='ocrx_word' id='word_1_770' title='bbox 2804 5180 3206 5250; x_wconf 73' lang='lat' dir='ltr'><strong>(champerello</strong></span> <span class='ocrx_word' id='word_1_771' title='bbox 3260 5178 3566 5233; x_wconf 75' lang='lat' dir='ltr'><strong>Genevensi</strong></span> <span class='ocrx_word' id='word_1_772' title='bbox 3609 5184 3827 5246; x_wconf 76' lang='lat' dir='ltr'><strong>pastore</strong></span> <span class='ocrx_word' id='word_1_773' title='bbox 3839 5178 3893 5248; x_wconf 71' lang='grc'><strong>9)</strong></span> <span class='ocrx_word' id='word_1_774' title='bbox 3950 5179 4260 5233; x_wconf 58' lang='lat' dir='ltr'><strong>ustam</strong></span> <span class='ocrx_word' id='word_1_775' title='bbox 4314 5186 4569 5235; x_wconf 62' lang='lat' dir='ltr'><strong>metatore</strong></span> 
     </span>
     <span class='ocr_line' id='line_1_111' title="bbox 2616 5247 4569 5318; baseline 0.001 -16"><span class='ocrx_word' id='word_1_776' title='bbox 2616 5249 2937 5317; x_wconf 73' lang='lat' dir='ltr'><strong>repetendis.</strong></span> <span class='ocrx_word' id='word_1_777' title='bbox 3039 5250 3194 5318; x_wconf 77' lang='lat' dir='ltr'><strong>Quae</strong></span> <span class='ocrx_word' id='word_1_778' title='bbox 3244 5248 3312 5303; x_wconf 81' lang='lat' dir='ltr'><strong>de</strong></span> <span class='ocrx_word' id='word_1_779' title='bbox 3369 5249 3687 5315; x_wconf 60' lang='lat' dir='ltr'><strong>Commendo</strong></span> <span class='ocrx_word' id='word_1_780' title='bbox 3739 5248 4021 5314; x_wconf 72' lang='lat' dir='ltr'><strong>dicmttwr,</strong></span> <span class='ocrx_word' id='word_1_781' title='bbox 4075 5247 4331 5317; x_wconf 71' lang='lat' dir='ltr'><strong>quamvis</strong></span> <span class='ocrx_word' id='word_1_782' title='bbox 4378 5265 4569 5304; x_wconf 63' lang='lat' dir='ltr'><strong>mrum</strong></span> 
     </span>
     <span class='ocr_line' id='line_1_112' title="bbox 2617 5316 4571 5388; baseline -0.001 -15"><span class='ocrx_word' id='word_1_783' title='bbox 2617 5333 2838 5373; x_wconf 75' lang='lat' dir='ltr'><strong>sensum</strong></span> <span class='ocrx_word' id='word_1_784' title='bbox 2870 5319 3057 5372; x_wconf 67' lang='lat' dir='ltr'><strong>minus</strong></span> <span class='ocrx_word' id='word_1_785' title='bbox 3091 5319 3446 5387; x_wconf 68' lang='grc' dir='ltr'>ααίηραηιιω,</span> <span class='ocrx_word' id='word_1_786' title='bbox 3482 5317 3785 5371; x_wconf 70' lang='grc' dir='ltr'>οσιωιάιηιι.</span> <span class='ocrx_word' id='word_1_787' title='bbox 3811 5333 3934 5371; x_wconf 76' lang='lat' dir='ltr'><strong>eum</strong></span> <span class='ocrx_word' id='word_1_788' title='bbox 3964 5332 4141 5388; x_wconf 63' lang='lat' dir='ltr'><strong>usque</strong></span> <span class='ocrx_word' id='word_1_789' title='bbox 4176 5316 4399 5373; x_wconf 75' lang='lat' dir='ltr'><strong>Farello</strong></span> <span class='ocrx_word' id='word_1_790' title='bbox 4435 5333 4571 5374; x_wconf 69' lang='lat' dir='ltr'><strong>eon·-</strong></span> 
     </span>
     <span class='ocr_line' id='line_1_113' title="bbox 2614 5386 3828 5455; baseline -0.002 -12"><span class='ocrx_word' id='word_1_791' title='bbox 2614 5389 2853 5443; x_wconf 59' lang='grc' dir='ltr'><strong>εγω-ἱππ</strong></span> <span class='ocrx_word' id='word_1_792' title='bbox 2882 5388 3075 5455; x_wconf 64' lang='grc' dir='ltr'>ῥήσει.</span> <span class='ocrx_word' id='word_1_793' title='bbox 3146 5388 3237 5442; x_wconf 89' lang='lat' dir='ltr'><strong>De</strong></span> <span class='ocrx_word' id='word_1_794' title='bbox 3268 5387 3447 5442; x_wconf 67' lang='lat' dir='ltr'><strong>Aneto</strong></span> <span class='ocrx_word' id='word_1_795' title='bbox 3483 5387 3554 5453; x_wconf 76' lang='lat' dir='ltr'><strong>cl.</strong></span> <span class='ocrx_word' id='word_1_796' title='bbox 3592 5386 3672 5442; x_wconf 88' lang='lat' dir='ltr'><strong>N.</strong></span> <span class='ocrx_word' id='word_1_797' title='bbox 3707 5386 3828 5441; x_wconf 82' lang='grc'><strong>498.</strong></span> 
     </span>
    </p>
   </div>
   <div class='ocr_carea' id='block_1_22' title="bbox 2625 4655 2901 4663">
    <p class='ocr_par' dir='ltr' id='par_1_24' title="bbox 2625 4655 2901 4663">
     <span class='ocr_line' id='line_1_114' title="bbox 2625 4655 2901 4663; baseline 0 1504"><span class='ocrx_word' id='word_1_798' title='bbox 2625 4655 2901 4663; x_wconf 95' lang='lat' dir='ltr'><strong> </strong></span> 
     </span>
    </p>
   </div>
  </div>
 </body>
</html>
