5050 6167
681 416 809 478 415

683 601 788 664 nis
867 595 1321 663 vexationibus
1398 614 1474 659 ac
1554 590 2033 675 direptionibus
2113 588 2484 655 Goslariam
2570 596 2636 652 et

680 684 1129 750 Brunsvicum
1172 702 1246 745 eo
1291 677 1634 763 redegerat
1674 684 1753 743 ut
1793 679 1968 741 intra
2002 677 2333 740 trimestre
2377 685 2637 756 tempus

684 779 804 836 aut
863 768 1132 834 urbibus
1202 766 1336 830 illis
1400 765 1646 848 potitus
1714 771 1887 829 esset
1938 771 2055 827 aut
2109 761 2190 825 ad
2250 782 2361 826 eas
2413 759 2635 825 condi·

683 858 895 922 tiones
939 852 1389 935 compulisset,
1447 859 1522 914 ut
1573 849 1769 932 paulo
1820 856 1973 931 post
2024 848 2216 931 potiri
2274 846 2404 911 illis
2448 844 2637 910 facile

772 941 1018 1006 tuisset.
1133 938 1269 1002 Diu
1323 935 1579 1000 distulit
1631 943 1893 999 nostros
1951 933 2262 1016 iniquitas
2322 933 2637 1013 temporis

733 1027 883 1092 uius
925 1035 1195 1109 propter
1232 1022 1476 1088 bellum
1520 1021 1884 1086 Turcicum.
1975 1017 2109 1084 Sed
2156 1027 2452 1084 extrema
2495 1038 2640 1081 nos-

683 1123 938 1178 trarum
1005 1108 1267 1174 urbium
1321 1109 1702 1183 necessitas,
1770 1115 1836 1169 et
1890 1112 2103 1170 metus
2161 1126 2244 1168 ne
2309 1113 2639 1188 tyrannus

685 1199 815 1264 illis
851 1198 1095 1280 potitus
1139 1194 1381 1260 vicinia
1438 1190 1745 1258 evaderet
1798 1189 2252 1267 intolerabilia,
2307 1189 2640 1272 compule-

686 1292 846 1350 runt
910 1282 1244 1365 negligere
1297 1278 1614 1342 invidiam
1681 1276 1879 1341 huius
1935 1277 2263 1358 temporis.
2364 1273 2642 1339 Decima

688 1391 865 1436 nona
907 1368 1062 1432 Iulii
1118 1365 1436 1430 indictum
1491 1362 1732 1428 bellum
1790 1370 1915 1438 est,
1974 1362 2178 1444 copiis
2219 1362 2463 1425 nostris
2506 1361 2640 1424 iam

687 1458 824 1521 fere
868 1452 1123 1519 coactis.
1214 1451 1408 1515 Miles
1460 1449 1693 1531 cupide
1736 1447 2069 1524 confluxit,
2126 1457 2461 1529 utcunque
2505 1447 2640 1509 iam

690 1539 1054 1609 Germania
1097 1536 1452 1602 delectibus
1496 1534 1578 1598 ad
1623 1535 1862 1599 bellum
1909 1543 2136 1597 contra
2178 1534 2443 1608 Turcos,
2503 1543 2641 1594 tam

689 1623 938 1691 dudum
981 1644 1021 1687 a
1042 1621 1453 1688 Caesarianis
1505 1619 1744 1685 habitis
1788 1625 2017 1685 contra
2041 1618 2330 1696 Gallum,
2376 1628 2442 1680 et
2485 1617 2639 1681 sub-

690 1709 996 1777 ductione
1032 1729 1254 1773 eorum
1289 1708 1401 1789 qui
1425 1704 1508 1770 ad
1532 1706 1801 1772 Gallum
1842 1705 2076 1789 dilapsi
2113 1712 2282 1778 sunt,
2321 1703 2641 1768 exhausta

691 1799 793 1862 sit.
861 1793 1038 1861 Socii
1083 1793 1354 1878 tyranni
1390 1811 1474 1857 ex
1507 1790 1764 1857 foedere
1800 1789 2177 1855 adversario
2214 1788 2430 1854 adhuc
2471 1787 2640 1852 nihil

688 1891 973 1958 movent,
1020 1881 1145 1945 nisi
1190 1876 1360 1961 quod
1382 1877 1629 1943 Bavari
1672 1887 1742 1941 et
1781 1874 2248 1941 Ferdinandici
2293 1896 2447 1940 suos
2488 1893 2639 1956 pro-

687 1966 1006 2033 vinciales
1061 1965 1287 2029 iubent
1340 1983 1482 2027 esse
1537 1964 1607 2026 in
1660 1963 1861 2026 armis
1921 1970 1987 2025 et
2030 1959 2320 2027 delectus
2374 1960 2639 2024 faciunt.

689 2052 1125 2137 Moguntinus
1184 2049 1397 2114 adhuc
1449 2048 1617 2112 nihil
1671 2068 1936 2129 prorsus
1992 2057 2240 2118 movet,
2307 2065 2640 2128 quumque

691 2136 849 2202 ditio
909 2136 1301 2218 Moguntina
1362 2135 1433 2197 in
1492 2154 1568 2198 eo
1621 2132 1880 2198 foedere
1936 2152 2069 2196 non
2127 2134 2240 2208 sit,
2312 2152 2429 2214 per
2494 2150 2641 2194 eam

689 2223 895 2288 nostri
938 2221 1180 2285 milites
1237 2217 1503 2284 deducti
1545 2227 1613 2283 et
1657 2239 1841 2283 arma
1884 2227 2108 2301 aperte
2152 2215 2424 2283 devecta
2466 2225 2639 2292 sunt,

687 2305 973 2393 ‘tyranno
994 2304 1051 2391 ⁸)
1105 2326 1307 2388 quum
1363 2306 1646 2369 maxime
1705 2303 2016 2369 voluisset
2067 2301 2462 2378 conducere,
2519 2322 2642 2366 nec

687 2391 940 2477 pedites
973 2401 1195 2456 tamen
1232 2412 1353 2456 nec
1389 2389 1640 2473 equites
1676 2408 2052 2472 comparare
2088 2389 2326 2471 potuit:
2366 2398 2434 2451 et
2467 2386 2640 2452 bona

688 2498 842 2563 pars
884 2478 1229 2560 equitatus,
1272 2477 1380 2559 qui
1426 2476 1497 2539 in
1539 2475 1812 2559 tyranni
1852 2473 2095 2538 ditione
2139 2481 2257 2549 est,
2302 2494 2450 2540 cum
2487 2492 2640 2536 nos-

689 2565 812 2628 tris
874 2563 1240 2647 paciscitur.
1351 2561 1584 2642 Itaque
1646 2558 1937 2626 creditur
2001 2569 2327 2643 tyrannus
2378 2569 2642 2641 praeter

686 2669 955 2714 manum
1001 2646 1518 2730 provincialium,
1567 2656 1634 2710 et
1677 2665 1822 2710 eam
1868 2665 2144 2727 parvam
2162 2695 2176 2720 ,
2230 2643 2394 2708 nihil
2453 2643 2639 2708 habi-

685 2743 911 2799 turum
971 2732 1258 2797 militum
1315 2732 1550 2815 quibus
1590 2750 1777 2797 arces
1819 2751 1972 2796 suas
2015 2740 2298 2808 tueatur,
2359 2749 2639 2812 quarum

686 2827 822 2885 tres
867 2828 1125 2883 tantum
1172 2817 1371 2883 habet
1412 2817 1719 2882 munitas.
1809 2816 2105 2882 Primam
2142 2822 2380 2894 autem,
2426 2823 2496 2880 et
2538 2815 2637 2897 ip-

685 2905 824 2972 sius
868 2904 1091 2970 sedem
1109 2955 1124 2981 ,
1182 2923 1350 2986 quae
1393 2903 1765 2986 germanice
1819 2922 2058 2966 nomen
2103 2900 2302 2966 habet
2357 2921 2398 2965 a
2439 2901 2640 2966 bursa

686 2991 823 3073 lupi
840 2989 919 3074 ⁴),
979 2989 1216 3054 eximie
1272 2989 1610 3052 munitam.
1714 2985 1991 3053 Dabunt
2043 2987 2253 3053 nostri
2311 3006 2638 3052 summam

684 3095 950 3160 operam
969 3085 1046 3139 ut
1078 3073 1511 3157 provinciales
1545 3073 1830 3158 tyranni,
1866 3093 2026 3155 quos
2060 3073 2199 3156 ipse
2234 3073 2306 3137 in
2340 3079 2641 3137 extrema

681 3161 822 3226 fere
886 3158 1186 3236 deduxit,
1246 3159 1596 3223 minimum
1659 3158 2055 3242 affligantur.
2166 3157 2358 3224 Unus
2420 3169 2638 3223 metus

684 3245 926 3313 nostris
966 3257 1101 3323 est,
1160 3266 1244 3309 ne
1302 3244 1414 3309 diu
1469 3243 1900 3310 desidendum
1955 3243 2044 3309 sit
2096 3242 2180 3309 ad
2234 3263 2416 3310 arces
2473 3263 2638 3326 quas

683 3339 1011 3415 tyrannus
1054 3331 1275 3395 forsan
1315 3330 1670 3413 relinquet,
1727 3338 1795 3394 et
1854 3351 1925 3394 se
1969 3327 2187 3412 aliquo
2236 3329 2418 3395 dabit
2461 3328 2636 3394 unde

683 3427 941 3483 nostros
983 3414 1303 3480 incendiis
1366 3425 1434 3478 et
1488 3414 1848 3480 latrociniis
1903 3434 2147 3480 vexare
2198 3415 2423 3498 possit.
2524 3415 2636 3478 An

682 3502 841 3568 socii
887 3501 1028 3565 eius
1072 3520 1224 3566 eum
1267 3509 1490 3582 aperte
1531 3499 1702 3564 bello
1747 3500 2038 3564 adiuturi
2073 3502 2226 3578 sint,
2274 3498 2488 3566 adhuc
2532 3502 2634 3563 in-

682 3595 935 3655 certum
980 3595 1097 3663 est,
1141 3605 1262 3650 nec
1307 3584 1500 3650 multi
1542 3584 1818 3650 credunt
1850 3584 1916 3650 id
1954 3606 2064 3651 eos
2106 3586 2294 3651 facile
2328 3586 2630 3650 facturos.

681 3673 905 3739 Nostri
950 3671 1105 3737 socii
1140 3690 1365 3735 omnes
1401 3669 1646 3735 bellum
1680 3691 2022 3737 commune
2064 3670 2327 3749 habent,
2373 3681 2635 3752 praeter

680 3779 888 3823 unum
961 3755 1597 3839 Wirtembememem,
1663 3756 1774 3838 qui
1841 3757 2155 3840 temporis
2220 3757 2632 3839 iniquitatem

680 3853 748 3909 et
811 3841 1173 3926 periculum
1228 3863 1267 3905 a
1320 3840 1581 3906 foedere
1638 3840 2014 3908 adversario
2079 3852 2387 3907 causatus
2453 3842 2631 3908 solus

681 3927 972 3994 decrevit
1028 3948 1101 3993 se
1159 3948 1289 3992 non
1350 3928 1562 3992 faeere
1620 3926 1775 3993 belli
1827 3925 2023 3991 huius
2075 3928 2497 4011 participem,
2554 3939 2632 3992 ut

678 4014 928 4081 seilicet
969 4034 1040 4078 se
1082 4022 1346 4097 gratum
1395 4012 1777 4095 Lantymvio
1832 4023 2131 4094 praestet.
2241 4012 2382 4079 Vos
2425 4013 2631 4098 igitur

679 4100 754 4164 in
812 4099 1102 4165 ecclesiis
1166 4098 1407 4163 vestris
1462 4098 1824 4163 Dominum
1888 4098 2203 4181 rogabitis
2262 4107 2336 4163 ut
2388 4099 2628 4183 populo

679 4205 797 4250 suo
839 4182 1028 4249 adsit.
1094 4183 1367 4248 Certum
1410 4184 1583 4248 enim
1620 4182 1687 4246 id
1723 4193 1838 4260 est,
1884 4182 2200 4268 quidquid
2243 4184 2628 4250 inimicitiae

681 4270 926 4336 nostris
980 4289 1127 4334 cum
1183 4267 1306 4333 hoc
1359 4279 1640 4352 tyranno
1693 4268 1978 4345 exstitit,
2050 4290 2246 4335 causa
2299 4269 2626 4354 evangelii

679 4354 1028 4419 exstitisse.
1093 4353 1277 4418 Nihil
1320 4354 1497 4420 enim
1541 4374 1807 4435 prorsus
1842 4355 2090 4439 negotii
2124 4355 2304 4421 aliud
2346 4356 2440 4420 eis
2474 4377 2625 4422 cum

680 4438 799 4503 illo
842 4439 992 4515 fuit,
1049 4440 1182 4504 imo
1226 4439 1615 4522 Lantyravio
1657 4439 1782 4505 fuit
1824 4441 2395 4507 coniunctissimus
2436 4451 2503 4506 et
2543 4441 2625 4507 ab

678 4522 793 4589 illo
849 4524 1122 4589 summis
1176 4523 1508 4590 beneficiis
1561 4524 1843 4591 adiutus.
1942 4527 2035 4591 Et
2084 4527 2310 4591 iurant
2364 4547 2624 4610 quoque

677 4609 871 4675 ambo
908 4608 1235 4691 principes
1253 4610 1310 4688 ⁵)
1356 4630 1552 4691 quam
1587 4611 1997 4677 sanctissime
2038 4623 2305 4695 propter
2340 4612 2621 4678 famosos

677 4702 746 4760 et
798 4693 1213 4776 blasphemos
1268 4696 1408 4761 eius
1463 4695 1713 4762 libellos
1768 4718 1952 4762 arma
2006 4710 2231 4762 contra
2285 4719 2435 4764 eum
2495 4699 2620 4764 hoc

676 4780 936 4863 quidem
981 4791 1273 4863 tempore
1325 4800 1737 4863 nequaquam
1791 4793 2165 4865 sumpturos
2222 4784 2438 4849 fuisse.
2531 4785 2622 4849 Et

675 4865 846 4949 quod
903 4865 1333 4931 decreverunt
1372 4865 1618 4932 bellum
1635 4918 1649 4944 ,
1717 4889 1848 4932 una
1902 4887 2097 4934 causa
2138 4869 2367 4935 tuendi
2426 4869 2621 4936 urbes

677 4951 884 5017 socias
925 4952 1314 5034 suscepisse,
1365 4972 1570 5035 quum
1624 4973 1735 5018 eas
1791 4953 1973 5018 nulla
2013 4954 2145 5020 alia
2187 4956 2440 5021 ratione
2482 4977 2620 5021 ser-

681 5090 1038 5099 ——o--a--ov—
1063 5091 1082 5097 -

879 5173 940 5237 3)
977 5171 1074 5226 Sic
1107 5172 1294 5240 codex,
1330 5171 1598 5229 Sicu-lem
1629 5173 1909 5231 entendat:
1945 5182 2224 5248 tyrannus.

880 5239 936 5306 4)
985 5239 1379 5309 Wolfonbffld.

2231 400 2758 469 EPISTOLAE
2805 405 3143 468 406-—407

4571 415 4694 476 416

2742 608 2897 653 vare
2939 598 3172 655 contra
3228 591 3365 655 vim
3420 591 3693 675 tyranni
3747 595 4098 676 potuerint.
4189 596 4540 665 Exercitus
4584 602 4694 683 qui

2740 683 2973 739 contra
3015 677 3264 741 Turcos
3307 678 3449 760 cogi
3494 675 3734 755 debuit,
3789 698 3911 743 nec
3953 680 4147 746 hodie
4189 681 4479 749 creditur
4521 693 4695 752 totus

2740 763 3145 839 convenisse,
3191 783 3392 845 quum
3429 764 3639 828 nostri
3662 763 3903 830 milites
3940 767 4208 831 tertium
4232 768 4366 833 iam
4402 791 4695 837 mensem

2741 846 2813 909 in
2859 849 3088 912 eastris
3131 857 3360 930 agant,
3421 857 3489 912 et
3539 869 3741 931 prope
3793 852 4087 915 omnium
4142 855 4690 938 evangelicorum.

2741 931 2938 996 Multi
2997 932 3438 998 obedientium
3483 955 3567 998 ne
3625 934 3815 1000 hodie
3873 937 4136 1018 quidem
4192 959 4343 1004 suos
4400 943 4693 1008 mittunt.

2744 1016 3197 1083 Ferdinandus
3240 1022 3436 1084 ctiam
3492 1018 3658 1083 nihil
3716 1041 3917 1104 prope
3961 1042 4188 1087 earum
4239 1046 4458 1091 rerum
4505 1049 4694 1111 prae-

2742 1103 2913 1168 stitit
2967 1125 3128 1186 quas
3182 1105 3252 1168 in
3311 1125 3382 1170 se
3440 1106 3710 1187 recepit:
3770 1128 3891 1173 nec
3946 1110 4126 1173 enim
4174 1108 4564 1180 bombardas
4625 1123 4692 1180 et

2742 1208 2907 1270 quae
2947 1188 3025 1253 ad
3074 1211 3184 1254 eas
3228 1191 3599 1256 necessaria
3641 1205 3872 1273 parata.
3916 1193 4149 1272 habet,
4209 1217 4332 1263 nec
4392 1218 4543 1264 suas
4587 1219 4694 1265 oo-

2743 1276 2901 1356 pias.
2993 1275 3227 1358 Legati
3287 1277 3484 1342 'Purci
3542 1276 3874 1342 Viennam
3926 1299 4139 1362 nuper
4195 1294 4526 1348 venerunt
4583 1306 4694 1369 pe-

2743 1367 2977 1438 tentes,
3023 1371 3098 1425 ut
3138 1363 3367 1439 fertur,
3412 1360 3708 1427 inducias
3742 1365 3943 1428 trium
3989 1386 4327 1432 annorum.
4395 1370 4531 1435 Eas
4564 1371 4695 1437 for-

2743 1467 2861 1510 san
2904 1448 3254 1512 necessitas
3297 1450 3534 1512 nostris
3579 1450 4008 1531 extorquebit,
4064 1455 4448 1533 praesertim
4492 1477 4694 1539 quum

2747 1531 2989 1596 Caesar
3047 1540 3300 1597 tantum
3361 1532 3606 1597 bellum
3660 1535 3986 1617 suscipiat.
4105 1537 4455 1619 Copiosum
4518 1544 4695 1608 enim

2744 1618 3106 1683 exercitum
3152 1620 3224 1681 in
3244 1617 3443 1683 Italia
3483 1618 3687 1684 habet
3729 1641 3918 1702 quem
3966 1621 4175 1687 indies
4219 1613 4435 1709 auget.
4503 1627 4694 1693 Idem

2741 1705 2818 1766 fit
2861 1704 2931 1766 in
2976 1702 3220 1787 Belgis.
3318 1705 3503 1770 Deus
3558 1707 3867 1787 respiciat
3936 1728 4084 1785 nos,
4144 1730 4226 1773 ne
4271 1712 4365 1775 sic
4420 1710 4695 1779 distrae-

2743 1795 2885 1851 tum
2946 1797 3239 1853 nostrum
3294 1811 3573 1874 regnum
3628 1812 3895 1872 prorsus
3953 1790 4296 1861 desoletur.
4389 1795 4585 1865 Certe
4637 1801 4694 1865 si

2744 1893 3030 1955 unquam
3087 1885 3349 1958 tempus
3403 1877 3561 1953 fuit,
3622 1896 3795 1941 nunc
3850 1887 3968 1954 est,
4036 1891 4110 1943 ut
4163 1901 4388 1946 veram
4444 1885 4695 1968 suppli-

2744 1956 2938 2025 candi
2982 1961 3302 2025 rationem
3342 1960 3488 2025 Deo
3533 1982 3915 2028 revocemus
3959 1974 4027 2029 et
4068 1966 4387 2050 quidquid
4427 1969 4500 2035 in
4544 1991 4695 2036 nos-

2745 2045 2865 2109 tris
2917 2045 3214 2127 plebibus
3272 2067 3464 2111 aures
3515 2047 3715 2112 habet
3769 2047 4108 2128 audiendi,
4164 2052 4237 2116 in
4293 2055 4694 2122 severiorem

2746 2130 3182 2195 obedientiam
3227 2132 3481 2196 Christi
3525 2132 3937 2200 adducamus.

2916 2216 3054 2281 Nos
3096 2216 3204 2283 hic
3239 2220 3600 2302 satagimus
3634 2219 3914 2302 quidem,
3960 2222 4279 2289 efficimus
4322 2234 4544 2291 antem
4578 2227 4695 2292 ad·

2744 2301 2875 2364 huc
2917 2323 3048 2366 non
3107 2303 3409 2368 multum.
3513 2303 3906 2369 Instandum
3962 2308 4181 2389 itaque
4236 2311 4540 2393 precibus
4594 2324 4698 2379 est

2743 2397 2820 2451 ut
2863 2384 3186 2453 Dominus
3242 2390 3481 2454 efficiat
3549 2411 3668 2455 nos
3725 2398 3794 2455 et
3850 2394 4093 2457 sentire
4150 2396 4292 2461 eius
4343 2396 4572 2481 plagas
4629 2407 4699 2465 et

2744 2492 2901 2537 vera
2955 2473 3243 2539 cordium
3303 2483 3677 2539 nostrorum
3734 2477 4126 2544 contritione
4179 2481 4697 2550 misericordiam

2741 2558 2950 2639 ipsius
2994 2558 3358 2641 implorare.
3423 2561 3749 2626 Dominus
3793 2570 3859 2626 te
3902 2573 4120 2630 servet
4162 2572 4232 2630 et
4272 2588 4544 2633 uxorem
4591 2579 4694 2636 to-

2743 2651 3007 2726 tamque
3049 2644 3406 2723 ecclesiam,
3461 2654 3528 2710 et
3564 2667 3790 2712 omnes
3830 2647 4056 2715 fideles
4098 2650 4215 2716 tibi
4264 2656 4691 2737 cooperarios.

2744 2728 3057 2795 Salutant
3112 2739 3178 2795 te
3222 2731 3427 2797 Hedio
3443 2779 3459 2809 ,
3522 2731 3847 2798 Sturmius
3903 2742 3972 2798 et
4020 2734 4293 2802 Sevemae
4307 2737 4364 2824 ⁶)
4413 2760 4691 2825 meaque

2742 2836 2926 2891 uxor,
2971 2822 3041 2880 et
3081 2827 3237 2881 tuae
3270 2825 3574 2899 precatur
3608 2825 3684 2883 ut
3726 2827 3983 2885 uterum
4020 2821 4357 2888 commode
4397 2836 4585 2909 gerat
4624 2835 4695 2893 et

2742 2899 3019 2966 feliciter
3052 2911 3363 2968 exoneret
3397 2925 3515 2969 suo
3549 2913 3857 2988 tempore.
3926 2907 4369 2990 Argentorati,
4405 2911 4565 2978 Iulii
4586 2916 4692 2980 25.

2743 3005 2915 3052 anno
2967 2991 3146 3052 1542.

3968 3078 4060 3143 M.
4112 3079 4429 3148 Bucerus.

3637 3504 3787 3577 4⁰7.

3232 3657 3697 3727 GALVINUS
3741 3660 4196 3731 FARELLO.

2914 3826 3249 3896 Samium
3305 3830 3673 3896 diuturnum
3732 3839 4003 3900 excusat.
4128 3835 4337 3903 Virdo
4394 3836 4691 3905 Romam

2726 3914 3078 3997 profecturo
3118 3934 3195 3978 ne
3238 3917 3513 3981 comitem
3557 3936 3626 3983 se
3666 3920 3863 3985 addat
3902 3921 4239 3987 dissuadet.
4334 3923 4505 3990 Novi
4546 3943 4688 3991 con-

2731 4001 3080 4066 cionatores
3140 3999 3534 4067 Genevenses.
3640 4002 4230 4089 Psyohopannychia
4293 4013 4348 4075 et
4401 4010 4686 4078 lectiones

2732 4087 2801 4149 in
2850 4087 3137 4237 {atesim
3228 4084 3476 4153 Fareui
3525 4092 3945 4156 summarium
4000 4099 4055 4157 et
4095 4094 4341 4178 collega.
4445 4095 4685 4163 Uxoris

2730 4191 2866 4237 mor
2980 4221 2995 4236 .

2732 4340 2842 4405 (Ex
2876 4342 3211 4423 autographo
3248 4343 3386 4397 Bibl.
3442 4345 3644 4398 Genev.
3698 4346 3828 4401 Cod.
3877 4346 4004 4413 106,
4048 4349 4140 4404 fol.
4178 4349 4260 4405 79.
4340 4351 4393 4405 A
4567 4353 4683 4423 ph-

2729 4417 3018 4463 ocourrunt
3064 4411 3195 4493 itud.
3235 4412 3362 4466 Cod.
3402 4411 3528 4482 111,
3574 4415 3663 4469 sol.
3700 4413 3786 4470 60.
3865 4417 4026 4471 Arch.
4076 4419 4237 4473 Bern.
4277 4420 4406 4475 VH.
4441 4368 4587 4493 Epp.
4666 4460 4681 4473 .

2726 4475 2829 4532 435
2866 4485 2922 4532 et
2956 4479 3100 4549 apud
3137 4479 3422 4534 Simlerum
3459 4482 3584 4535 Vol.
3606 4482 3689 4536 53.
3731 4514 3792 4523 —
3829 4485 4050 4555 Anglice
4087 4489 4251 4543 vertit
4267 4489 4622 4545 Bt.·Constab
4645 4508 4680 4547 e

3538 4550 3582 4605 I.
3617 4567 3672 4621 p.
3711 4550 3854 4620 313.)

3461 4736 3601 4804 Suo
3642 4739 3922 4806 Farello.

2897 4871 3041 4955 Ego
3083 4893 3242 4937 vero
3284 4894 3499 4939 meam
3535 4877 4001 4961 negligentiam
4050 4902 4135 4946 ex
4178 4882 4395 4950 animo
4439 4905 4673 4953 accuso

2726 4955 3150 5040 damnarique
3204 4958 3487 5024 libenter
3543 4963 3782 5044 patiar,
3845 4986 3920 5031 ac
3977 4967 4088 5032 vix
4132 4974 4354 5050 petere
4407 4972 4673 5037 veniam

2725 5041 2958 5106 audeo:
3015 5045 3106 5108 ita
3163 5045 3331 5109 nihil
3389 5056 3489 5111 est
3543 5050 3981 5116 excusationis
4035 5053 4205 5135 quod
4262 5064 4668 5138 praetexam.

2718 5247 2984 5371 mii)
3023 5247 3349 5306 &erhardum
3396 5249 3641 5309 Savum
3675 5254 3831 5312 Samo
3880 5258 4026 5328 prof.
4063 5257 4375 5330 Gymnaess,
4429 5260 4669 5319 suma
