5050 6167
391 435 515 498 569

387 640 701 707 moysson
767 628 868 687 est
936 620 1186 707 grande
1201 672 1219 701 ,
1268 644 1316 706 y
1371 642 1577 688 avons
1649 641 1948 705 pourveu
2001 642 2085 688 en
2144 628 2346 707 ayant

389 727 803 774 souvenance
847 706 928 773 de
962 715 1188 773 vostre
1222 708 1473 774 saincte
1505 706 1923 774 inhortacion
1958 716 2026 773 et
2062 707 2347 774 d'antres

387 793 551 860 bons
601 813 1044 878 personnages
1061 843 1076 873 ‚
1141 793 1484 859 tellement
1536 797 1736 877 qu'au
1788 792 2140 878 iourd’huy
2194 802 2347 858 sont

385 879 1138 1030 {⁰313ssssAEssth
1140 878 2344 1032 ἷιέῗιέἓέἪωῶἰιὲἓέωἳῖἛέ

385 1059 610 1116 nostre
653 1051 906 1130 escolle,
952 1071 1118 1133 pour
1158 1050 1223 1115 le
1267 1061 1827 1117 commencement
1848 1052 1929 1116 de
1952 1052 2096 1116 leur
2118 1051 2344 1116 fonde-

384 1142 587 1213 ment,
635 1144 703 1201 et
746 1136 861 1203 des
904 1157 980 1201 88
1022 1136 1156 1202 dite
1200 1138 1380 1202 main
1424 1138 1574 1221 plus
1617 1137 1829 1202 oultre
1864 1136 2227 1202 entendons
2250 1137 2344 1201 les

386 1242 847 1392 Ροωῗξζέἰῖθ
889 1307 1172 1393 pardeqa
1215 1329 1381 1374 vous
1425 1307 1605 1373 salue
1648 1329 1727 1372 en
1774 1315 2001 1373 nostre
2034 1307 2345 1391 seigneur

385 1413 545 1481 avec
570 1392 744 1459 desir
765 1394 846 1459 de
867 1395 1047 1478 prier
1068 1394 1390 1460 l’auctem·
1412 1392 1661 1460 d’icelle
1683 1396 1881 1477 qu’en
1922 1392 2105 1471 brief,
2151 1403 2342 1476 apres

381 1478 450 1544 la
493 1478 790 1564 victoyre
833 1480 1144 1559 obtenue,
1189 1501 1273 1545 en
1318 1480 1463 1566 ioye
1507 1487 1574 1545 et
1616 1479 2020 1544 consolation
2064 1480 2343 1562 puissiez

380 1572 642 1630 rentrer
684 1587 770 1631 en
813 1575 1034 1632 vostre
1077 1565 1326 1650 prestin
1372 1572 1563 1645 estre,
1609 1585 1735 1649 que
1779 1586 1947 1630 nous
1988 1573 2091 1630 est
2145 1564 2342 1630 chose

381 1650 538 1717 bien
583 1649 936 1718 desirable:
993 1658 1061 1717 et
1111 1651 1269 1735 qn'il
1314 1671 1479 1718 vous
1536 1651 1759 1716 doient
1802 1672 1994 1735 grace
2038 1651 2119 1715 de
2161 1652 2341 1734 puis-

379 1744 722 1802 santment
784 1736 1094 1821 prescher
1145 1736 1515 1822 l’evangille
1559 1735 1639 1802 de
1682 1736 1912 1803 Christ
1954 1734 2202 1802 dedans
2245 1735 2341 1802 les

325 1852 347 1871 ·
378 1821 574 1889 villos
619 1821 983 1907 desquelles
1028 1844 1234 1890 avons
1255 1844 1604 1907 esperance
1626 1845 1712 1888 en
1733 1830 1958 1889 nostre
1982 1821 2340 1907 Seigneur:

378 1929 548 1974 vous
607 1910 834 1991 priant
887 1930 1055 1975 nous
1113 1908 1607 1974 recommander
1650 1908 1730 1974 de
1774 1908 1925 1974 bien
1968 1909 2098 1974 bon
2144 1929 2341 1975 eoeur

379 2000 426 2060 a
456 2001 608 2059 tous
643 1993 741 2060 les
774 1996 980 2061 steros
1016 1995 1099 2060 de
1141 2016 1262 2078 par
1305 1993 1468 2073 dela,
1513 2001 1663 2060 tant
1704 2015 1791 2059 en
1834 1995 2104 2080 general
2145 1998 2341 2077 qu’en

537 2080 551 2092 '
596 2079 824 2160 ullier,
897 2101 1052 2147 sans
1110 2080 1320 2145 obh‘er
1376 2088 1597 2146 vostre
1674 2082 1847 2146 frere
1920 2080 2256 2147 Gauchier.
2276 2082 2339 2156 ⁴²)

446 2186 567 2230 ous
609 2186 896 2249 pensons
939 2166 1092 2232 bien
1179 2188 1261 2231 ue
1303 2166 1399 2232 les
1440 2167 1773 2233 ministres
1817 2165 1903 2233 du
1947 2174 2138 2233 conte
2174 2187 2341 2232 vous

377 2250 754 2334 escripvent
795 2251 946 2336 plus
990 2272 1144 2336 amp
1171 2258 1394 2318 ement
1448 2251 1562 2319 des
1616 2253 1894 2318 affaires.
1986 2250 2120 2332 Qui
2175 2273 2341 2317 nous

377 2355 576 2402 cause
629 2357 713 2403 80
771 2359 939 2404 vous
993 2338 1161 2403 faire
1211 2338 1362 2422 plus
1417 2338 1659 2422 longus
1700 2337 1900 2404 lettre
1917 2389 1933 2417 ,
1990 2359 2073 2403 08
2116 2337 2341 2421 priant

374 2419 556 2488 Dieu
600 2444 765 2489 vous
807 2444 1161 2490 conserver
1213 2445 1300 2490 en
1353 2445 1429 2490 sa
1470 2423 1689 2509 garde.
1768 2424 1875 2490 De
1916 2424 1982 2488 N
1982 2423 2341 2490 eufchastel

374 2506 442 2574 le
485 2519 651 2575 xvme
694 2507 897 2594 Iuing
947 2514 1130 2575 1543.

1103 2595 1239 2661 Les
1293 2595 1444 2661 bien
1489 2602 1741 2662 vostres
1799 2595 1895 2661 les
1937 2603 2168 2678 quatre
2209 2595 2336 2660 mi-

1101 2680 1432 2746 nistraulx
1498 2682 1743 2747 conseil
1806 2690 1873 2746 et
1936 2682 2337 2747 communite

1222 2766 1303 2832 de
1345 2766 1411 2832 la
1453 2765 1612 2832 ville
1657 2766 1737 2833 de
1781 2766 2224 2834 Neufchastel.

1134 3059 1544 3071 —1-——n—-0

1285 3277 1438 3352 479.

606 3433 1028 3503 SENATUS
1074 3432 1671 3502 GENEVENSIS
1715 3432 2122 3502 SENATUI

916 3535 1793 3605 ARGENTORATENSI.

551 3707 952 3776 Commodat
996 3707 1333 3777 Calvinum
1394 3710 1465 3775 in
1514 3710 1753 3793 noyon-‘o
1797 3707 2065 3776 Mami
2116 3714 2335 3776 eontra

370 3792 674 3862 Uno-olm
713 3795 794 3862 ab
837 3794 1471 3881 Ammon-aiensibus
1511 3795 1968 3863 adiuvandum.

365 3964 700 4090 ffiixemplar
755 3965 1136 4049 authenticum
1196 3967 1256 4021 in
1307 3967 1559 4022 Archivis
1621 3965 1914 4021 Thomanis
1961 3965 2331 4037 Argentorati.

508 4034 724 4090 adnexa
757 4039 844 4088 est
877 4050 1057 4089 versio
1089 4051 1400 4105 germamca
1432 4054 1492 4090 ιιι
1517 4051 1674 4089 nsum
1704 4035 1919 4105 collegii
1943 4034 2110 4089 facta:
2147 4033 2332 4090 Durch

855 4102 1085 4157 Paulum
1119 4103 1377 4173 Oelinger
1411 4104 1854 4171 verteutschett.)

366 4274 751 4361 Magnificis
803 4273 1238 4359 prudentibus
1279 4281 1349 4340 et
1389 4275 1770 4342 clarissimis
1811 4275 2116 4342 Dominis
2158 4273 2334 4341 Gon-

365 4361 502 4430 suli
548 4360 939 4445 senatuique
978 4362 1080 4426 Ar
1160 4358 1450 4425 utinensi
1505 4362 1735 4428 amicis
1790 4362 2033 4428 nostris
2076 4360 2335 4428 carissi-

1015 4467 1142 4512 mis
1186 4452 1253 4512 et
1292 4445 1708 4513 honorandis.

548 4583 893 4668 Magnifioi
926 4581 1279 4667 prudentes
1313 4590 1380 4647 et
1412 4580 1777 4647 honorandi
1798 4580 2092 4662 Domini,
2139 4581 2334 4647 amici

367 4669 700 4738 carissimi
744 4675 811 4734 et
851 4668 1280 4753 integerrimi.
1361 4666 1691 4749 Quoniam
1733 4667 2069 4734 Iohannes
2120 4665 2333 4734 Calvi-

363 4777 499 4823 nus
589 4764 767 4821 astor
810 4755 1120 4822 000108180
1172 4762 1436 4820 nostrae
1479 4754 1782 4837 exposuit
1824 4754 2013 4820 nobis
2055 4754 2336 4819 Petrum

370 4841 514 4910 Gar
573 4843 603 4908 i
656 4839 988 4906 doctorem
1040 4840 1456 4907 sorbonicum
1471 4890 1489 4919 ,
1513 4841 1565 4917 ¹)
1624 4846 1701 4903 ut
1754 4840 1947 4905 initia
2002 4839 2336 4925 evangelii

364 4928 682 4995 turbaret
721 4925 898 5010 apud
941 4927 1276 4992 Metenses
1293 4977 1308 5004 ‚
1355 4925 1580 4991 multis
1621 4923 1987 4992 maledictis
2031 4926 2337 4992 atrociter

365 5013 667 5081 lacerare
710 5033 940 5078 omnes
973 5011 1227 5079 Ohristi
1258 5010 1534 5077 Domini
1577 5011 1785 5079 nostri
1828 5032 2072 5091 servos,
2117 5020 2185 5077 et
2217 5030 2336 5074 80-

615 5204 793 5213 -—.———

585 5308 646 5371 4)
685 5303 786 5373 qui
819 5303 951 5358 &tait
984 5302 1090 5358 alle
1120 5302 1403 5371 rejoindre
1436 5318 1539 5357 son
1571 5302 1717 5370 frere
1750 5303 1789 5356 ὰ
1825 5301 2181 5370 Strabonum.

401 5373 549 5436 479.
587 5374 646 5442 1)
685 5390 796 5429 von
832 5376 1083 5439 sorbona,
1122 5374 1209 5427 ein
1244 5373 1451 5426 doctor.

2180 436 2342 499 1543
2385 432 2610 501 IUNI.

4280 440 4405 502 570

2449 621 2759 687 minau’m
2805 619 3138 687 Calvinum
3191 623 3408 706 ipsum
3464 622 3867 688 haereticum
3925 642 4046 706 pro
4089 632 4408 723 suggestu

2449 727 2713 774 vocare:
2753 706 2990 772 deinde
3024 709 3420 773 sententiam
3455 709 3867 787 arbitrorum,
3885 709 3945 786 2)
3986 709 4095 792 qui
4119 710 4201 775 ab
4223 709 4406 776 illus-

2450 793 2756 859 trissimis
2821 800 2889 858 et
2939 793 3319 860 clarissimis
3391 793 3673 860 dominis
3736 795 4252 880 protestantibus
4319 795 4404 861 ad

2449 879 2911 965 transigendas
2985 879 3120 945 illic
3178 882 3657 947 controversias
3723 881 3985 946 fuerant
4046 882 4401 960 constituti,

2448 965 2779 1043 recitavit,
2826 964 2940 1031 ubi
2983 964 3108 1030 hoc
3148 966 3327 1030 inter
3368 965 3497 1030 alia
3539 967 3940 1045 continetur,
3986 975 4062 1031 ut
4106 964 4404 1032 carolum

2448 1057 2692 1134 cogant
2733 1050 3068 1117 Metenses
3123 1051 3235 1116 vel
3290 1060 3505 1117 tacere
3523 1103 3539 1128 ,
3599 1052 3710 1117 vel
3767 1052 4090 1117 rationem
4136 1051 4215 1116 de
4259 1052 4401 1118 eius

2447 1134 2876 1219 blasphemiis
2937 1135 3212 1202 reddere
3226 1188 3243 1216 ,
3316 1138 3691 1204 censuimus
3752 1159 3885 1202 non
3940 1136 4402 1222 negligendam

2448 1243 2594 1287 0880
2638 1223 2809 1288 hano
2844 1222 3268 1301 occasionem,
3313 1242 3448 1287 non
3485 1231 3746 1287 tantum
3777 1230 3854 1288 ut
3888 1223 4159 1288 tollatur
4193 1224 4401 1288 offen-

2448 1307 2738 1372 diculum
2781 1307 2954 1390 quod
2997 1308 3332 1391 improbus
3376 1307 3488 1373 ille
3523 1308 3954 1375 calumniator
3988 1308 4238 1386 obiecit,
4285 1309 4404 1375 sed

2448 1393 2650 1458 etiam
2702 1399 2782 1457 ut
2835 1392 3055 1458 aditus
3111 1414 3309 1459 sanae
3360 1395 3632 1478 piaeque
3685 1393 4016 1460 doctrinae
4069 1395 4280 1478 magis
4325 1416 4402 1462 80

2448 1479 2659 1562 magis
2716 1481 3002 1562 patefiat.
3088 1479 3260 1543 Nam
3319 1481 3374 1545 si
3431 1479 3712 1545 obtineri
3776 1479 4110 1546 audientia
4161 1481 4403 1564 poterit

2447 1585 2764 1648 magnum
2809 1565 2963 1630 inde
3006 1566 3294 1630 fructum
3341 1586 3699 1648 speramus.
3756 1567 3940 1650 Ergo
3982 1587 4069 1631 ne
4112 1586 4401 1632 essemus

2444 1650 2515 1714 in
2556 1669 2742 1716 mora
2766 1657 2902 1715 tam
2942 1651 3051 1734 pio
3095 1651 3297 1736 operi,
3341 1673 3475 1716 non
3518 1659 3778 1716 tantum
3808 1653 4230 1736 permisimus
4257 1649 4404 1716 Gaz-

2443 1737 2672 1820 vim‚⁸)
2730 1734 2845 1802 sed
2889 1738 3087 1801 etiam
3133 1744 3393 1802 autores
3436 1737 3683 1803 fuimus
3725 1746 3803 1802 ut
3844 1736 4016 1803 hane
4057 1737 4403 1821 profectio-
4458 1790 4461 1791 ν

2443 1842 2598 1887 nem
2677 1823 3067 1905 susciperet,
3144 1832 3220 1887 ut
3297 1844 3447 1888 eum
3490 1843 3575 1888 ue
3592 1825 3653 1907 ⁴)
3733 1824 3873 1888 0188
3949 1843 4148 1906 opera
4223 1844 4404 1890 nunc

2443 1928 2839 1991 magnopere
2896 1907 3360 1992 indigeremus.
3504 1916 3776 1993 uperest
3819 1915 3893 1973 ut
3935 1929 4087 1973 eum
4131 1908 4403 1975 consilio

2444 2000 2511 2058 et
2555 1994 2908 2058 autoritate
2951 2002 3170 2060 vestra
3211 1995 3285 2058 in
3319 2014 3393 2057 re
3436 1997 3768 2078 praesenti
3813 1992 4126 2060 adiuvare
4170 1994 4401 2080 digne-

2442 2079 2611 2144 mini
2624 2132 2642 2159 ,
2699 2078 2872 2162 quod
2931 2100 3064 2144 non
3123 2078 3440 2145 audemus
3483 2101 3522 2145 a
3559 2079 3749 2146 vobis
3783 2079 4242 2146 vehementius
4285 2101 4398 2164 pe-

2442 2171 2586 2230 tere
2600 2216 2616 2243 ,
2677 2166 2833 2248 quia
2887 2172 2955 2230 et
3009 2186 3126 2231 vos
3180 2165 3264 2232 ad
3309 2186 3573 2231 causam
3626 2165 3892 2250 pietaffis
3954 2165 4404 2232 sustinendam

2442 2251 2750 2317 novimus
2794 2251 2954 2317 satis
2989 2251 3164 2318 ultro
3196 2271 3556 2335 propensos
3591 2271 3760 2317 esse:
3798 2258 3865 2316 et
3897 2251 4233 2317 hominem
4269 2272 4402 2316 non

2445 2334 2822 2402 dubitamus
2855 2357 3001 2403 esse
3036 2337 3222 2404 vobis
3255 2336 3803 2417 commendatum,
3848 2358 4050 2421 quum
4094 2336 4402 2403 ecclesiae

2444 2433 2706 2488 vestrae
2747 2420 3028 2489 fideliter
3070 2421 3471 2507 aliquamdiu
3513 2423 3833 2502 servierit,
3877 2430 3945 2488 et
3982 2422 4065 2488 ad
4107 2443 4228 2489 nos
4250 2443 4404 2488 cum

2443 2529 2580 2573 non
2656 2507 2916 2593 vulgari
2994 2509 3366 2575 testimonio
3432 2530 3473 2576 a
3535 2510 3724 2575 vobis
3800 2509 4117 2575 remissus
4181 2508 4399 2574 fuerit.

2444 2595 2732 2659 Tantum
2777 2594 3065 2679 petimus
3107 2602 3185 2660 ut
3226 2603 3522 2660 nostram
3543 2594 3717 2660 hanc
3757 2614 3876 2678 pro
3918 2614 4126 2680 regno
4147 2593 4401 2660 Christi

2440 2679 2863 2765 propagando
2919 2679 3335 2747 sedulitatem
3389 2681 3545 2746 boni
3604 2679 3975 2747 consulatis.
4065 2679 4257 2762 Quae
4315 2699 4403 2744 ne

2441 2765 2534 2831 sit
2575 2766 2794 2831 inanis
2838 2774 2907 2832 et
2946 2766 3356 2832 infructuosa
3397 2786 3518 2851 per
3560 2787 3677 2833 vos
3721 2767 4025 2833 effectum
4067 2767 4153 2832 iri
4197 2766 4400 2832 confi-

2442 2850 2676 2918 dimus.
2713 2850 2970 2918 Valete.
3014 2853 3343 2918 Dominus
3366 2874 3483 2918 vos
3517 2858 3585 2918 et
3618 2852 4091 2936 rempublicam
4110 2858 4402 2920 vestram

2439 2938 2934 3005 florentissimos
2976 2958 3234 3034 semper
3282 2946 3641 3007 conservet.
3736 2938 4051 3006 Genevae
4099 2940 4178 3002 18
4223 2935 4402 3003 18811

3060 3108 3315 3177 Sindici
3330 3107 3387 3195 ὅ)
3433 3116 3497 3175 et
3542 3107 3833 3176 Senatus
3876 3108 4309 3177 Genevensis.

3214 3382 3627 3397 Μ

3177 3654 3187 3664 .
3343 3603 3501 3678 4so.

2697 3738 2987 3807 vlam
3030 3739 3159 3808 An
3203 3725 3511 3809 smum
3553 3738 3683 3806 88
3728 3722 4135 3807 annum.

2613 3909 4399 4066 Ranmnceledbpartdeoalvinpourssbrasbouz

2435 3996 4282 4167 {tamgtecacfidqia’ilaappristeuthdsurPetat

2439 4252 2847 4325 (Bibliotheque
2870 4254 2939 4309 de
2952 4253 3191 4311 Geneve.
3228 4253 3448 4324 Expose'
3463 4255 3599 4309 dans
3616 4270 3724 4309 une
3742 4255 3960 4310 viu-ine.
3994 4251 4399 4323 Autographe.)

2439 4426 2504 4492 A
2541 4447 2683 4492 mes
2715 4425 3181 4494 treshonnores
3223 4434 3293 4491 et
3333 4425 3770 4512 magnifiques
3813 4396 4182 4509 Seigneurs
4218 4424 4399 4493 Mes-

2606 4513 2818 4578 sieurs
2861 4512 2958 4577 les
3001 4509 3379 4597 Syndiques
3423 4521 3490 4578 et
3532 4511 3775 4578 conseil
3819 4509 3899 4577 de
3943 4510 4238 4579 Geneve.

2609 4648 2826 4716 Graoe
2870 4654 2937 4714 et
2977 4648 3135 4733 paix
3177 4669 3299 4733 par
3339 4647 3738 4715 Iesuschrist
3779 4654 3999 4715 nostre
4044 4646 4391 4735 Seigneur.

2438 4732 2747 4820 Suyvant
2789 4734 2887 4799 les
2926 4755 3165 4819 propos
3210 4755 3457 4818 quavez
3480 4732 3771 4801 entendu
3813 4734 3929 4801 des
3972 4757 4014 4801 a
4047 4735 4267 4820 fayres
4311 4732 4394 4800 de

2646 5024 2709 5091 2)
2743 5027 2843 5080 der
2877 5025 3372 5081 entsoheidherren.
3388 5025 3676 5095 —Ayitwr
3703 5025 3771 5080 de
3795 5028 3991 5096 priore
4017 5030 4186 5095 parte
4220 5024 4391 5080 docu-

2437 5094 2609 5149 menti
2648 5094 2801 5149 illius
2847 5093 2995 5163 quod
3039 5110 3215 5162 upra
3260 5095 3341 5151 N.
3386 5094 3493 5148 470
3533 5094 3798 5150 habuisti.
3894 5095 3977 5161 Cr.
4027 5096 4194 5149 etiam
4235 5093 4391 5150 Hist.

2438 5164 2564 5219 eccl.
2599 5166 2709 5223 111.
2744 5162 2850 5217 435
2882 5168 2936 5217 et
2969 5163 3073 5219 Sec
3338 5164 3373 5217 l.
3410 5164 3446 5216 l.

2649 5234 2706 5303 3)
2743 5231 2881 5315 Rea.
2915 5232 2996 5286 du
3029 5231 3248 5287 Conse-2
3281 5232 3362 5287 16.
3398 5238 3452 5287 et
3486 5232 3568 5286 18.
3604 5232 3737 5286 Im

2645 5303 2709 5442 ’ἐξ
2740 5301 3343 5427 32¹.²2.⁹31i..¹;.²⁰.¹;¹²33;³
3369 5302 3775 5443 {Qissgas
