5050 6167
397 435 516 498 81⁷

561 621 704 686 Vos
744 621 966 703 igitur,
1010 640 1051 684 o
1091 619 1324 701 optimi
1364 618 1511 697 viri,
1559 639 1673 684 vos
1714 618 1895 697 item,
1940 639 1979 683 o
2023 624 2334 701 pastores,

394 714 616 773 cavete
660 727 779 788 pro
816 705 989 771 virili
1033 726 1117 769 ne
1159 703 1543 770 scandalum
1588 702 1719 768 tale
1764 724 1840 769 ac
1882 712 2142 768 tantum
2185 725 2336 768 ves-

392 800 499 857 tra
551 792 745 874 culpa
800 813 836 855 e
888 790 1159 856 civitate
1215 800 1435 855 vestra
1492 788 1960 871 progrediatur.
2063 788 2334 855 Certum

391 883 492 942 est
532 878 729 954 enim,
774 877 1017 957 absque
1060 896 1297 957 magno
1347 873 1738 939 detrimento
1779 875 2145 938 animarum
2191 896 2333 937 ves·

390 973 643 1028 trarum
707 983 822 1027 vos
885 962 983 1027 ita
1044 961 1427 1043 permittere
1491 980 1628 1024 non
1689 981 1894 1042 posse.
2004 959 2335 1043 Principio

387 1048 596 1131 igitur
637 1068 881 1122 omnes,
940 1068 1100 1128 quos
1146 1044 1328 1110 Deus
1386 1046 1461 1109 in
1514 1044 1637 1111 hac
1694 1065 1891 1109 causa
1943 1047 2175 1127 spiritu
2219 1065 2335 1109 suo

389 1134 708 1209 servavit,
768 1153 995 1215 preces
1048 1132 1334 1196 fundetis
1392 1130 1474 1196 ad
1531 1131 1925 1207 Dominum,
1983 1132 2093 1212 qui
2152 1131 2336 1194 Deus

388 1228 491 1283 est
532 1219 727 1301 pacis,
772 1230 847 1281 ut
898 1215 1237 1281 dissidium
1295 1215 1473 1280 istud
1528 1237 1645 1299 per
1697 1237 1882 1280 suam
1930 1218 2205 1299 gratiam
2253 1215 2332 1278 ad

386 1302 799 1369 concordiam
846 1303 1007 1366 velit
1048 1301 1371 1383 redigere:
1420 1312 1559 1365 tum
1596 1312 1662 1365 ct
1694 1300 1938 1377 adesse,
1984 1323 2109 1383 quo
2154 1298 2335 1364 dein-

387 1410 540 1471 ceps
596 1388 1012 1471 evangelium
1069 1387 1277 1468 ipsius
1319 1408 1433 1468 per
1490 1385 2030 1467 tranquillitatem
2082 1387 2153 1450 in
2196 1386 2336 1469 glo-

385 1475 555 1539 riam
601 1475 740 1538 eius
785 1485 984 1555 queat
1029 1471 1471 1555 depraedicari
1508 1471 1575 1535 in
1613 1474 1812 1535 finem
1849 1493 2071 1553 usque.
2140 1472 2333 1547 Dein,

385 1560 559 1643 quod
605 1561 673 1624 in
720 1560 905 1625 vobis
950 1568 1080 1633 est,
1139 1558 1301 1622 nihil
1363 1578 1630 1640 prorsus
1688 1556 2122 1621 omittendum
2165 1555 2335 1638 quod

383 1645 600 1710 faeere
654 1645 897 1727 poterit
961 1644 1043 1708 ad
1111 1643 1720 1708 reconciliationem.
1817 1642 2135 1707 Precibus
2189 1641 2334 1725 pul-

386 1740 531 1795 sate
584 1729 1027 1806 adversarios,
1089 1729 1355 1792 utimini
1412 1727 1774 1805 blanditiis,
1839 1729 2006 1791 iram
2062 1726 2333 1808 placate,

384 1816 668 1892 adlicitc,
713 1816 1042 1889 advocate,
1090 1813 1392 1878 adducite
1434 1814 1924 1895 quibuscunque
1968 1813 2177 1877 modis
2219 1834 2335 1895 po-

384 1903 618 1978 teritis,
662 1910 917 1966 tantum
955 1910 1032 1963 ut
1068 1902 1182 1963 fiat
1225 1922 1353 1982 pax
1399 1901 1469 1961 in
1512 1919 1639 1980 qua
1677 1900 1882 1980 possit
1924 1898 2335 1981 evangelium

384 1985 605 2051 doceri
649 1986 867 2051 libere.
952 1986 1121 2050 Nam
1179 1985 1340 2049 haec
1391 1984 1654 2049 libertas
1713 1985 1771 2047 si
1828 1982 2143 2061 defuerit,
2199 2004 2336 2047 non

384 2072 808 2155 evangelium
870 2070 1285 2155 praedicatur
1339 2068 1452 2133 sed
1517 2069 1882 2153 hypocrisis
1949 2078 2015 2133 et
2072 2067 2338 2132 menda-

383 2158 580 2223 cium.
670 2158 857 2237 Quae
901 2156 1163 2239 quidem
1218 2156 1272 2220 si
1334 2155 1616 2219 feceritis
1673 2175 1749 2218 eo
1804 2174 1931 2236 quo
1977 2153 2228 2219 decebit
2270 2162 2337 2219 et

382 2263 550 2325 opus
572 2253 672 2308 est
706 2241 942 2319 studio,
980 2262 1321 2324 speramus
1346 2240 1700 2304 Dominum
1722 2240 1906 2305 vobis
1930 2240 2329 2304 adfuturum.

383 2327 712 2394 Strenuos
755 2330 931 2393 enim
977 2327 1306 2410 operarios
1351 2325 1565 2410 diligit
1603 2346 1678 2389 ac
1721 2327 1907 2389 iuvat
1948 2326 2244 2390 libenter.

561 2413 756 2493 Quod
799 2413 881 2477 ad
927 2436 1045 2478 nos
1091 2415 1341 2489 attinet,
1388 2414 1511 2476 viri
1558 2410 1863 2493 piissimi,
1917 2431 2225 2494 rogamus
2266 2418 2335 2474 et

380 2500 803 2565 obsecramus
846 2510 919 2562 ut
963 2501 1255 2563 animum
1299 2511 1626 2574 nostrum,
1678 2518 1813 2560 non
1855 2497 2061 2561 verba
2103 2516 2331 2578 quam-

380 2586 492 2650 vis
550 2587 787 2664 multa,
856 2584 1296 2649 consideretis.
1402 2582 1730 2647 Vellemus
1787 2582 1965 2646 enim
2022 2583 2208 2647 vobis
2264 2594 2332 2645 et

381 2670 693 2736 ecclesiae
739 2680 993 2735 vestrae
1036 2669 1405 2736 consultum
1450 2689 1590 2733 esse
1633 2668 1706 2731 in
1738 2666 2045 2732 Domino.
2136 2664 2330 2746 Quod

380 2758 437 2821 si
489 2777 622 2820 non
664 2755 1121 2831 obtinebimus,
1168 2755 1388 2819 dolore
1432 2775 1566 2818 non
1610 2753 1863 2835 vulgari
1909 2752 2329 2818 discruciabi-

376 2862 555 2907 mur.
644 2841 729 2906 In
784 2842 906 2907 hoc
960 2842 1197 2924 igitur,
1254 2860 1677 2921 quaesumus,
1732 2847 1937 2903 estote
1992 2838 2209 2903 animo
2264 2846 2333 2903 et

376 2948 671 3010 corpore,
715 2934 793 2991 ut
834 2927 1169 2997 vobiscum
1208 2925 1493 3008 gaudere
1530 2924 1712 2989 brevi
1746 2932 1816 2989 et
1848 2924 2092 3009 gratias
2137 2945 2329 3007 agere

374 3013 669 3077 Domino
727 3012 1078 3077 valeamus.
1185 3012 1418 3076 Valcte
1481 3011 1555 3075 in
1619 3009 1900 3075 Christo.
2006 3010 2327 3088 Basileae,

378 3102 435 3162 3.
488 3097 842 3163 Novembr.
892 3119 1061 3162 anno
1112 3100 1293 3162 1541.

1226 3233 1500 3299 Fratres
1540 3232 1808 3315 parochi
1848 3231 2246 3299 Basilienses

1408 3318 1481 3383 in
1521 3318 1809 3385 Domino
1852 3320 2071 3385 vestri.

1288 3879 1428 3949 871.

870 4052 1370 4120 FARELLUS
1414 4050 1849 4119 GALVINO.

563 4224 781 4292 Status
821 4245 1036 4291 rerum
1081 4224 1386 4289 Neocomi.
1480 4223 1726 4289 Turbae
1768 4223 2042 4288 nondum
2082 4223 2333 4288 sedatae

363 4312 576 4395 pestis
618 4313 981 4395 supervenit.
1084 4310 1351 4375 Interim
1390 4327 1576 4375 coena
1630 4308 1929 4374 celebrata
1970 4328 2191 4392 pacem
2232 4328 2330 4373 re-

376 4400 644 4464 stituere
685 4403 941 4463 conatus
982 4401 1090 4462 est.
1197 4394 1445 4462 Viretus
1494 4395 1776 4460 Genevae
1821 4396 2095 4459 maxime
2136 4414 2334 4460 neces-

375 4485 621 4549 sarius.
714 4484 920 4549 Pauci
960 4502 1100 4548 cum
1142 4483 1305 4565 ipsis
1338 4501 1458 4565 per
1499 4481 1710 4545 omnia
1750 4481 2084 4546 concordes.

379 4672 502 4738 (Ex
539 4677 666 4725 anto
803 4671 875 4723 ho
912 4670 1052 4725 Bibl.
1101 4676 1381 4739 pastorum
1417 4666 1886 4722 Neocomensinm.
1956 4666 2094 4736 Epp.
2134 4666 2333 4722 Farelli

506 4739 633 4795 fasc.
667 4688 850 4795 flag&
894 4739 967 4792 11.
1041 4738 1242 4791 Charta
1277 4738 1477 4807 passim
1511 4743 1598 4789 cst
1631 4736 1824 4789 mutila
1850 4740 1907 4789 et
1940 4735 2220 4803 lacerata.)

379 4929 610 5012 Quam
653 4929 988 4996 carissimo
1023 4935 1429 5012 symmystae
1464 4925 1557 4990 Io.
1593 4924 1870 4991 Calvino
1906 4924 2152 5007 pastori
2187 4945 2333 5009 gre·

981 5014 1082 5098 gis
1123 5012 1376 5077 Christi
1420 5011 1753 5078 Genevae.

561 5148 634 5217 S.
701 5150 810 5216 Ita
853 5151 1017 5216 mihi
1074 5150 1390 5216 eveniunt
1430 5149 1652 5213 omnia
1692 5147 1797 5213 vel
1840 5147 2059 5231 potius
2101 5146 2195 5212 sic
2241 5147 2335 5211 af-

378 5234 575 5303 ficior
625 5235 1022 5303 instantibus
1092 5243 1168 5300 ut
1220 5233 1382 5298 mihi
1443 5233 1740 5299 excidam
1785 5242 1851 5299 et
1907 5253 2072 5317 quae
2122 5233 2335 5316 primo

380 5331 616 5389 curata
657 5324 848 5405 cupio
890 5318 1462 5407 praeterm[ittam]
1480 5372 1495 5398 ,
1555 5319 1794 5405 dignus
1845 5326 2022 5387 certe
2086 5319 2196 5401 qui
2253 5316 2336 5382 ab

2093 435 2252 497 1541
2299 430 2366 497 N
2367 429 2707 499 OVEMB.

4255 438 4378 502 318

2439 616 2741 683 omnibus
2797 625 3187 699 praeterear.
3276 617 3426 682 Non
3478 619 3726 683 iniuria
3775 618 3953 700 apud
3999 619 4346 686 Fucinum¹

2437 714 2703 785 questus
2740 724 2829 777 cs,
2876 713 2944 767 et
2976 704 3047 766 in
3080 702 3211 767 tuis
3252 703 3456 768 literis
3492 726 3651 787 quas
3686 726 3896 786 nuper
3930 709 4164 789 accepi,
4210 729 4336 790 quo

2440 788 2540 852 tui
2591 810 2723 852 non
2779 789 3215 853 meminerim:
3293 790 3602 871 putabam
3669 799 3928 854 tantum
3986 800 4054 855 te
4108 793 4380 861 moleste

2439 875 2606 938 ferre
2652 872 2822 956 quod
2866 875 2947 938 ad
2993 884 3056 937 te
3102 896 3234 937 non
3279 875 3698 956 scripsissem,
3745 886 3821 939 ut
3876 888 3942 939 ct
3976 878 4219 959 aliquot
4264 902 4379 944 au-

2440 959 2545 1023 dio
2602 980 2764 1041 quos
2818 979 2950 1023 non
3004 958 3351 1024 admodum
3409 983 3595 1038 carc,
3661 981 3782 1025 nec
3838 961 3983 1025 ideo
4041 976 4379 1046 peceatum

2439 1054 2572 1107 tam
2619 1066 2821 1126 grave
2867 1043 3196 1109 ducebam.
3263 1043 3397 1109 Sed
3442 1056 3593 1110 tuae
3637 1046 3862 1110 literae
3897 1069 4095 1129 quum
4133 1058 4378 1116 testen-

2440 1138 2553 1193 tur
2597 1130 2760 1193 nihil
2807 1131 2872 1192 in
2916 1129 3126 1194 literis
3168 1130 3248 1193 ad
3310 1130 3659 1216 Viretum2)
3718 1131 3798 1195 de
3859 1143 3920 1196 te
3975 1135 4195 1212 scribi,
4257 1136 4379 1200 hoc

2440 1236 2616 1291 sane,
2664 1216 2718 1278 si
2763 1237 2844 1279 ex
2892 1216 3108 1279 animo
3154 1216 3415 1291 factum,
3457 1226 3631 1281 esset
3673 1219 4131 1299 gravissimum
4175 1221 4379 1284 etin-

2441 1300 2920 1383 dignissimum,
2967 1322 3086 1365 nec
3130 1301 3294 1364 levis
3340 1311 3438 1365 est
3484 1313 3664 1365 tanta
3709 1305 3773 1365 in
3815 1325 3918 1365 mc
3964 1305 4378 1388 negligentia.

2440 1387 2629 1450 Dabo
2672 1398 2894 1451 tamen
2933 1407 3196 1467 operam
3250 1387 3520 1467 posthac
3563 1396 3639 1450 ut
3681 1409 3814 1451 non
3860 1390 3981 1452 sim
4025 1390 4092 1453 in
4140 1394 4380 1457 amicos

2442 1482 2572 1534 tam
2621 1492 2853 1536 socors.
2942 1472 3071 1536 Hic
3116 1470 3271 1552 quid
3316 1484 3551 1553 agatur
3593 1493 3728 1536 non
3773 1474 3960 1538 facile
4003 1484 4103 1539 est
4146 1474 4377 1543 dicere.

2439 1556 2658 1621 Pestis
2715 1566 2781 1620 et
2838 1557 3236 1639 oppugnatio
3300 1559 3632 1640 religionis
3698 1580 3864 1641 quae
3923 1563 3996 1624 fit
4051 1583 4088 1623 a
4149 1563 4381 1629 Turcis

2440 1641 2689 1723 pridem
2737 1663 2855 1706 nos
2899 1642 3175 1725 urgebat
3232 1650 3308 1706 ut
3368 1642 3621 1725 plebem
3677 1643 3759 1708 ad
3803 1665 4030 1727 preces
4074 1647 4383 1713 invitare-

2439 1749 2616 1805 mus,
2675 1739 2772 1804 et,
2825 1737 2897 1790 ut
2939 1728 3471 1792 intellexeramus
3514 1730 3937 1810 Argentorati
3991 1741 4238 1809 aetum,
4298 1732 4384 1798 ad

2439 1833 2707 1891 coenam
2752 1812 3036 1877 Domini.
3124 1812 3318 1892 Quod
3363 1834 3564 1895 quum
3609 1815 4135 1896 impetravimus,
4194 1839 4382 1900 prae-

2441 1900 2664 1962 monui
2706 1918 2931 1961 omnes
2974 1920 3057 1961 ne
3101 1918 3170 1961 se
3215 1900 3296 1963 ab
3341 1899 3612 1964 ccclesia
3655 1902 4092 1985 seiungercnt,
4149 1926 4382 1969 verum

2437 2004 2507 2047 se
2562 2004 2766 2047 unum
2824 2004 3050 2047 omnes
3108 1993 3510 2048 testarentur
3580 1997 3843 2067 sumpta
3900 1988 4095 2071 digne
4160 2009 4378 2056 coena.

2440 2067 2548 2133 Ad
2586 2089 2778 2150 quam
2827 2069 3077 2133 veniret
3121 2090 3330 2147 nem0,
3377 2070 3492 2151 qui
3531 2070 3728 2134 vellet
3762 2073 4084 2154 privatam
4120 2090 4384 2156 pastore

2439 2174 2555 2219 suo
2598 2153 2964 2230 ecclesiam,
3021 2156 3261 2236 quique
3317 2155 3520 2220 nollet
3574 2154 3799 2220 datum
3855 2177 3894 2220 a
3938 2158 4224 2224 Domino
4267 2181 4383 2244 ag·-

2437 2260 2703 2303 noscere
2745 2246 2814 2302 et
2847 2242 3083 2317 fovere,
3129 2250 3202 2304 ut
3241 2241 3425 2305 iuxta
3468 2243 4057 2308 verbum‘Domini
4102 2256 4380 2311 tenetur.

2436 2324 2568 2389 Hic
2616 2324 2842 2402 multi,
2896 2325 3000 2389 his
3056 2334 3124 2389 et
3178 2325 3324 2390 aliis
3369 2327 3597 2390 multis
3644 2330 4051 2409 praemoniti,
4108 2329 4192 2394 ad
4237 2351 4380 2395 coe-

2437 2430 2590 2473 nam
2647 2420 2999 2487 venerunt,
3056 2412 3577 2494 sententiamque
3633 2422 4008 2492 mutarunt,
4078 2415 4188 2479 alii
4246 2435 4380 2480 non

2435 2502 2689 2559 mutata.
2748 2497 3075 2563 sententia
3141 2498 3284 2562 ausi
3338 2505 3495 2561 sunt
3557 2519 3698 2562 sese
3763 2497 4137 2582 adiungere.
4247 2499 4382 2582 Qui

2435 2587 2660 2662 aperte
2704 2581 3135 2646 adversantur
3188 2581 3453 2665 indigne
3509 2581 3804 2647 tulerunt
3846 2594 3944 2648 tot
3994 2606 4234 2651 coenae
4277 2586 4381 2651 in·-

2435 2667 2769 2742 terfuissc,
2825 2687 2980 2732 nam
3035 2688 3114 2732 ea
3171 2665 3433 2732 videtur
3489 2668 3745 2732 irritum
3791 2670 4002 2734 facere
4046 2671 4114 2734 id
4159 2669 4380 2738 decre-

2436 2760 2596 2828 tum,
2639 2753 2772 2816 imo
2808 2753 2999 2817 iuxta
3029 2751 3100 2817 id
3140 2751 3307 2834 quod
3345 2752 3516 2835 plebi
3555 2754 3678 2816 fuit
3714 2757 4116 2836 propositum
4161 2765 4382 2821 osten-

2437 2835 2618 2914 dere,
2679 2838 2994 2903 coaluisse
3049 2838 3302 2901 animos
3347 2838 3438 2902 sic
3484 2846 3557 2903 ut
3602 2849 3926 2922 pastorem
3973 2840 4182 2905 velint
4225 2843 4380 2906 reti-

2435 2943 2618 2987 nere:
2680 2932 2901 2987 tamen
2957 2932 3213 2987 tantum
3267 2933 3535 3005 sperant
3577 2944 3692 3005 per
3735 2926 4132 3006 praefectum
4173 2948 4244 2992 se
4286 2928 4382 2993 ef-

2434 3008 2733 3085 fecturos,
2790 3018 2863 3073 ut
2907 3007 3079 3090 quod
3120 3008 3284 3073 mihi
3328 3006 3794 3075 denunciatum
3837 3009 3964 3075 fuit
4007 3012 4215 3077 locum
4259 3013 4380 3078 ha·-

2433 3093 2619 3171 beat,
2688 3103 2754 3158 et
2804 3094 2912 3159 hic
2967 3093 3189 3176 polum
3231 3095 3543 3160 arcticum
3588 3096 3753 3159 mire
3815 3096 4188 3164 elevabunt.
4294 3098 4381 3164 In

2436 3180 2796 3243 crastinum
2844 3199 3085 3245 coenae
3137 3177 3400 3260 quidam
3459 3179 3707 3245 nullius
3750 3201 3957 3263 paene
4002 3183 4110 3247 hic
4153 3184 4382 3248 existi-

2436 3265 2743 3330 mationis
2797 3263 3068 3348 indigne
3114 3265 3331 3330 ferens
3375 3265 3684 3331 ecclesiae
3741 3286 4148 3346 successum,
4203 3290 4380 3335 com-

2435 3349 2788 3416 mendabat
2843 3371 2927 3415 ex
2981 3350 3530 3417 tumultuantibus
3573 3399 3589 3416 .
3636 3402 3651 3416 .
3700 3401 3715 3415 .
3756 3400 3771 3415 .
3811 3400 3826 3416 .
3876 3402 3890 3416 .
3938 3401 3953 3416 .
4000 3351 4173 3436 quod
4215 3354 4384 3420 mihi

2437 3436 2632 3513 dolet,
2678 3444 2859 3520 peste
2903 3436 3059 3502 hinc
3100 3436 3424 3515 sublatos,
3483 3435 3658 3518 quod
3700 3458 3806 3501 me
3851 3444 3918 3502 et
3943 3439 4179 3503 ‘neseio
4222 3448 4384 3521 quot

2435 3521 2728 3587 millibus
2771 3521 2935 3586 mihi
2979 3522 3300 3587 similibus
3344 3520 3678 3604 probiores
3713 3532 3947 3589 essent.
4033 3523 4188 3589 Non
4232 3525 4384 3591 tulit

2439 3607 2563 3672 hoc
2621 3608 2733 3691 qui
2790 3605 3128 3686 audiebat,
3190 3606 3527 3691 aiebatque
3594 3628 3729 3671 non
3799 3608 3894 3673 ita
3957 3608 4060 3673 illi
4114 3609 4384 3692 loquen-

2438 3691 2596 3757 dum
2638 3714 2779 3759 esse
2819 3713 2890 3758 se
2930 3700 3293 3775 praesente,
3337 3692 3465 3757 nisi
3507 3714 3709 3757 manu
3753 3702 4024 3759 armata.
4089 3694 4383 3762 Concur-

2436 3779 2525 3842 rit
2566 3777 2678 3843 ille
2723 3778 2807 3843 ad
2852 3798 3053 3855 arma,
3072 3777 3127 3864 ⁸)
3172 3780 3427 3842 interea
3461 3777 3753 3844 invitans
3787 3799 3946 3843 suae
3981 3780 4230 3845 farinae
4264 3781 4383 3847 ho·

2434 3863 2675 3928 mines:
2722 3863 2836 3927 alii
2876 3885 3107 3930 rursus
3137 3884 3388 3946 ⁴magno
3432 3883 3725 3940 numero,
3771 3864 4007 3947 quibus
4048 3886 4242 3949 pares
4285 3867 4388 3933 ini

2434 3970 2570 4012 non
2614 3958 2821 4014 erant.
2886 3949 3030 4014 Imo
3075 3948 3241 4013 bona
3274 3969 3428 4031 pars
3463 3968 3689 4013 eorum
3729 3951 3843 4030 qui
3876 3970 3995 4015 nos
4028 3971 4160 4016 non
4196 3972 4386 4018 aver-

2435 4041 2670 4099 santur
2710 4036 2782 4098 in
2827 4034 2948 4101 hoc
3000 4045 3191 4099 erant
3232 4055 3315 4099 ne
3360 4030 3568 4120 q[uis]
3628 4034 4028 4115 laederetur,
4081 4037 4388 4103 iubentes

2437 4128 2661 4185 tamen
2698 4119 3103 4185 adversarios
3137 4128 3403 4199 pacatos
3435 4140 3580 4184 csse
3624 4129 3693 4185 et
3733 4128 3961 4202 postea
4000 4121 4169 4186 nihil
4213 4123 4386 4189 eius-

2436 4205 2610 4269 modi
2655 4214 2996 4270 attentare.
3085 4203 3219 4286 Qui
3268 4224 3403 4271 non
3459 4205 3603 4270 ausi
3656 4206 3927 4271 fuerunt
3980 4207 4261 4290 amplius
4305 4207 4387 4273 de

2436 4311 2617 4355 more
2659 4290 3063 4356 insolescere.
3153 4290 3488 4356 Instamus
3546 4310 3675 4373 qua
3732 4294 4054 4375 possimus
4096 4293 4386 4371 lenitate,

2435 4386 2888 4459 exspectantes
2931 4396 3124 4457 quem
3169 4373 3350 4441 dabit
3390 4376 3639 4440 exitum
3684 4375 4026 4443 Dominus.
4129 4376 4390 4444 Olfacio

2436 4461 2663 4539 multa,
2707 4482 2826 4527 nec
2869 4462 3038 4527 levis
3081 4470 3183 4527 est
3238 4483 3362 4527 res.
3452 4464 3695 4545 Agitur
3738 4464 3914 4527 enim
4003 4485 4076 4528 er
4118 4484 4229 4528 cos
4274 4465 4388 4547 qui

2436 4568 2570 4611 non
2616 4546 2805 4612 facile
2848 4567 2889 4611 a
2930 4547 3175 4629 coeptis
3221 4546 3565 4613 desistunt.
3655 4546 3792 4613 Sed
3836 4550 3946 4631 qui
4028 4549 4112 4614 ad
4157 4549 4387 4615 Chris·-

2434 4641 2576 4696 tum
2622 4653 2850 4697 eorum
2896 4644 3165 4698 conatus
3200 4642 3266 4696 et
3300 4631 3632 4714 potestas?
3718 4632 3921 4699 Hunc
3964 4656 4119 4719 ergo
4161 4655 4387 4718 preca-

2435 4715 2654 4781 bimur
2710 4725 2785 4782 ut
2826 4740 2896 4782 se
2955 4717 3185 4784 ducem
3241 4717 3350 4781 hic
3405 4727 3693 4801 praestet
3733 4718 3806 4784 in
3851 4721 4106 4803 piorum
4149 4721 4387 4784 libera-

2434 4804 2676 4867 tionem
2722 4813 2789 4868 et
2825 4802 3174 4887 impiorum
3212 4802 3474 4887 dignam
3512 4803 3973 4883 confusionem,
4018 4826 4138 4870 nec
4178 4805 4387 4888 patia-

2435 4896 2548 4952 tur
2605 4908 2798 4971 apros
2854 4890 3118 4954 vineam
3179 4909 3375 4973 quam
3429 4889 3761 4973 plantavit
3813 4900 4102 4967 vastare,
4174 4910 4388 4972 neque

2479 5126 2607 5189 ⁸71.
2648 5127 2705 5187 1)
2744 5126 2823 5183 N.
2857 5126 3132 5209 acuant.
3165 5127 3201 5182 2
3248 5142 3408 5196 quom
3460 5127 3562 5182 aza·
3605 5143 3729 5183 oum
3761 5128 3985 5184 Γαιωιο
4019 5126 4387 5195 conf-mam.

2643 5196 2704 5331 ἓξ
2735 5196 3135 5323 αὖῖῗὲῗῖἰῶι·
3176 5265 3350 5335 aaa,
3400 5266 3484 5320 aa
3527 5271 3592 5321 ut
3634 5266 3869 5321 mmm
3911 5265 4169 5320 mmm·
4212 5265 4389 5332 ruisse
