<?xml version="1.0" encoding="UTF-8"?>
<!DOCTYPE html PUBLIC "-//W3C//DTD XHTML 1.0 Transitional//EN"
    "http://www.w3.org/TR/xhtml1/DTD/xhtml1-transitional.dtd">
<html xmlns="http://www.w3.org/1999/xhtml" xml:lang="en" lang="en">
 <head>
  <title>
</title>
<meta http-equiv="Content-Type" content="text/html;charset=utf-8" />
  <meta name='ocr-system' content='tesseract 3.04.00' />
  <meta name='ocr-capabilities' content='ocr_page ocr_carea ocr_par ocr_line ocrx_word'/>
</head>
<body>
  <div class='ocr_page' id='page_1' title='image "./ioanniscalvinio13unkngoog_0114.png"; bbox 0 0 5050 6167; ppageno 0'>
   <div class='ocr_carea' id='block_1_1' title="bbox 2 5 23 2067">
    <p class='ocr_par' dir='ltr' id='par_1_1' title="bbox 2 5 23 2067">
     <span class='ocr_line' id='line_1_1' title="bbox 2 5 23 2067; baseline 0 0"><span class='ocrx_word' id='word_1_1' title='bbox 2 5 23 2067; x_wconf 95' lang='lat' dir='ltr'><strong> </strong></span> 
     </span>
    </p>
   </div>
   <div class='ocr_carea' id='block_1_2' title="bbox 640 441 767 505">
    <p class='ocr_par' dir='ltr' id='par_1_2' title="bbox 640 441 767 505">
     <span class='ocr_line' id='line_1_2' title="bbox 640 441 767 505; baseline -0.031 0"><span class='ocrx_word' id='word_1_2' title='bbox 640 441 767 505; x_wconf 82' lang='lat'><strong>203</strong></span> 
     </span>
    </p>
   </div>
   <div class='ocr_carea' id='block_1_3' title="bbox 596 620 2586 4731">
    <p class='ocr_par' dir='ltr' id='par_1_3' title="bbox 641 620 2585 1726">
     <span class='ocr_line' id='line_1_3' title="bbox 641 620 2582 705; baseline -0.004 -13"><span class='ocrx_word' id='word_1_3' title='bbox 641 624 855 692; x_wconf 88' lang='lat' dir='ltr'><strong>versia</strong></span> <span class='ocrx_word' id='word_1_4' title='bbox 898 624 1069 689; x_wconf 89' lang='lat' dir='ltr'><strong>inter</strong></span> <span class='ocrx_word' id='word_1_5' title='bbox 1111 622 1272 688; x_wconf 88' lang='lat' dir='ltr'><strong>duas</strong></span> <span class='ocrx_word' id='word_1_6' title='bbox 1314 621 1508 688; x_wconf 87' lang='lat' dir='ltr'><strong>urbes</strong></span> <span class='ocrx_word' id='word_1_7' title='bbox 1524 623 1581 705; x_wconf 77' lang='lat'><strong>⁵)</strong></span> <span class='ocrx_word' id='word_1_8' title='bbox 1639 621 1939 697; x_wconf 80' lang='lat' dir='ltr'><strong>evaserit,</strong></span> <span class='ocrx_word' id='word_1_9' title='bbox 2000 641 2128 703; x_wconf 91' lang='lat' dir='ltr'><strong>quo</strong></span> <span class='ocrx_word' id='word_1_10' title='bbox 2171 621 2305 687; x_wconf 87' lang='lat' dir='ltr'><strong>sint</strong></span> <span class='ocrx_word' id='word_1_11' title='bbox 2361 620 2582 685; x_wconf 87' lang='lat' dir='ltr'><strong>animo</strong></span> 
     </span>
     <span class='ocr_line' id='line_1_4' title="bbox 643 706 2582 789; baseline -0.004 -12"><span class='ocrx_word' id='word_1_12' title='bbox 643 710 1018 778; x_wconf 83' lang='lat' dir='ltr'><strong>Genevates</strong></span> <span class='ocrx_word' id='word_1_13' title='bbox 1063 709 1285 784; x_wconf 81' lang='lat' dir='ltr'>nostri,</span> <span class='ocrx_word' id='word_1_14' title='bbox 1342 728 1470 789; x_wconf 93' lang='lat' dir='ltr'><strong>quo</strong></span> <span class='ocrx_word' id='word_1_15' title='bbox 1524 710 1714 773; x_wconf 87' lang='lat' dir='ltr'><strong>modo</strong></span> <span class='ocrx_word' id='word_1_16' title='bbox 1768 729 1837 772; x_wconf 87' lang='lat' dir='ltr'><strong>se</strong></span> <span class='ocrx_word' id='word_1_17' title='bbox 1895 706 2165 772; x_wconf 88' lang='lat' dir='ltr'><strong>ecclesia</strong></span> <span class='ocrx_word' id='word_1_18' title='bbox 2215 706 2331 771; x_wconf 88' lang='lat' dir='ltr'><strong>illa</strong></span> <span class='ocrx_word' id='word_1_19' title='bbox 2387 707 2582 771; x_wconf 87' lang='lat' dir='ltr'><strong>susti-</strong></span> 
     </span>
     <span class='ocr_line' id='line_1_5' title="bbox 643 790 2583 877; baseline -0.004 -15"><span class='ocrx_word' id='word_1_20' title='bbox 643 803 813 871; x_wconf 87' lang='lat' dir='ltr'><strong>neat,</strong></span> <span class='ocrx_word' id='word_1_21' title='bbox 859 792 1011 877; x_wconf 90' lang='lat' dir='ltr'><strong>quid</strong></span> <span class='ocrx_word' id='word_1_22' title='bbox 1057 802 1211 877; x_wconf 87' lang='lat' dir='ltr'><strong>agat</strong></span> <span class='ocrx_word' id='word_1_23' title='bbox 1258 792 1527 870; x_wconf 52' lang='lat' dir='ltr'><strong>Vinia&amp;</strong></span> <span class='ocrx_word' id='word_1_24' title='bbox 1572 813 1734 875; x_wconf 89' lang='lat' dir='ltr'><strong>quae</strong></span> <span class='ocrx_word' id='word_1_25' title='bbox 1778 814 1943 875; x_wconf 87' lang='lat' dir='ltr'><strong>spes,</strong></span> <span class='ocrx_word' id='word_1_26' title='bbox 1994 812 2161 874; x_wconf 89' lang='lat' dir='ltr'><strong>quae</strong></span> <span class='ocrx_word' id='word_1_27' title='bbox 2197 790 2414 857; x_wconf 89' lang='lat' dir='ltr'><strong>studia</strong></span> <span class='ocrx_word' id='word_1_28' title='bbox 2447 790 2583 857; x_wconf 86' lang='lat' dir='ltr'><strong>sint</strong></span> 
     </span>
     <span class='ocr_line' id='line_1_6' title="bbox 642 878 2581 961; baseline -0.003 -14"><span class='ocrx_word' id='word_1_29' title='bbox 642 883 953 958; x_wconf 90' lang='lat' dir='ltr'><strong>omnium,</strong></span> <span class='ocrx_word' id='word_1_30' title='bbox 1021 879 1211 944; x_wconf 89' lang='lat' dir='ltr'><strong>modo</strong></span> <span class='ocrx_word' id='word_1_31' title='bbox 1276 900 1358 942; x_wconf 93' lang='lat' dir='ltr'><strong>ne</strong></span> <span class='ocrx_word' id='word_1_32' title='bbox 1421 879 1790 944; x_wconf 73' lang='lat' dir='ltr'><strong>incalescas.</strong></span> <span class='ocrx_word' id='word_1_33' title='bbox 1898 878 2069 942; x_wconf 89' lang='lat' dir='ltr'><strong>Nam</strong></span> <span class='ocrx_word' id='word_1_34' title='bbox 2134 886 2203 942; x_wconf 89' lang='lat' dir='ltr'><strong>et</strong></span> <span class='ocrx_word' id='word_1_35' title='bbox 2264 897 2384 961; x_wconf 87' lang='lat' dir='ltr'><strong>ego</strong></span> <span class='ocrx_word' id='word_1_36' title='bbox 2448 879 2581 942; x_wconf 85' lang='lat' dir='ltr'><strong>iam</strong></span> 
     </span>
     <span class='ocr_line' id='line_1_7' title="bbox 641 963 2582 1053; baseline -0.003 -21"><span class='ocrx_word' id='word_1_37' title='bbox 641 968 791 1053; x_wconf 87' lang='lat' dir='ltr'><strong>plus</strong></span> <span class='ocrx_word' id='word_1_38' title='bbox 826 966 1026 1031; x_wconf 90' lang='lat' dir='ltr'><strong>nimio</strong></span> <span class='ocrx_word' id='word_1_39' title='bbox 1063 987 1207 1030; x_wconf 90' lang='lat' dir='ltr'><strong>sum</strong></span> <span class='ocrx_word' id='word_1_40' title='bbox 1242 971 1713 1039; x_wconf 82' lang='lat' dir='ltr'><strong>consternatus,</strong></span> <span class='ocrx_word' id='word_1_41' title='bbox 1762 973 1830 1028; x_wconf 87' lang='lat' dir='ltr'><strong>et</strong></span> <span class='ocrx_word' id='word_1_42' title='bbox 1864 964 1987 1027; x_wconf 92' lang='lat' dir='ltr'><strong>hoc</strong></span> <span class='ocrx_word' id='word_1_43' title='bbox 2019 974 2135 1027; x_wconf 89' lang='lat' dir='ltr'><strong>tua</strong></span> <span class='ocrx_word' id='word_1_44' title='bbox 2172 963 2582 1027; x_wconf 82' lang='lat' dir='ltr'><strong>vehementia</strong></span> 
     </span>
     <span class='ocr_line' id='line_1_8' title="bbox 642 1048 2583 1138; baseline -0.004 -20"><span class='ocrx_word' id='word_1_45' title='bbox 642 1054 918 1138; x_wconf 88' lang='lat' dir='ltr'><strong>proficis,</strong></span> <span class='ocrx_word' id='word_1_46' title='bbox 971 1061 1050 1115; x_wconf 87' lang='lat' dir='ltr'><strong>ut</strong></span> <span class='ocrx_word' id='word_1_47' title='bbox 1083 1054 1300 1114; x_wconf 90' lang='lat' dir='ltr'><strong>minus</strong></span> <span class='ocrx_word' id='word_1_48' title='bbox 1335 1049 1451 1114; x_wconf 86' lang='lat' dir='ltr'><strong>tibi</strong></span> <span class='ocrx_word' id='word_1_49' title='bbox 1487 1048 1639 1115; x_wconf 87' lang='lat' dir='ltr'><strong>fidei</strong></span> <span class='ocrx_word' id='word_1_50' title='bbox 1672 1050 1958 1115; x_wconf 81' lang='lat' dir='ltr'><strong>habeant</strong></span> <span class='ocrx_word' id='word_1_51' title='bbox 2003 1069 2162 1131; x_wconf 91' lang='lat' dir='ltr'><strong>quos</strong></span> <span class='ocrx_word' id='word_1_52' title='bbox 2207 1055 2583 1130; x_wconf 77' lang='lat' dir='ltr'><strong>oportuerat</strong></span> 
     </span>
     <span class='ocr_line' id='line_1_9' title="bbox 641 1134 2579 1223; baseline -0.003 -20"><span class='ocrx_word' id='word_1_53' title='bbox 641 1139 1030 1223; x_wconf 84' lang='lat' dir='ltr'><strong>permoveri.</strong></span> <span class='ocrx_word' id='word_1_54' title='bbox 1118 1136 1256 1202; x_wconf 87' lang='lat' dir='ltr'><strong>Nec</strong></span> <span class='ocrx_word' id='word_1_55' title='bbox 1314 1146 1413 1201; x_wconf 91' lang='lat' dir='ltr'><strong>est</strong></span> <span class='ocrx_word' id='word_1_56' title='bbox 1467 1136 1635 1218; x_wconf 92' lang='lat' dir='ltr'><strong>quod</strong></span> <span class='ocrx_word' id='word_1_57' title='bbox 1693 1135 1773 1199; x_wconf 89' lang='lat' dir='ltr'><strong>de</strong></span> <span class='ocrx_word' id='word_1_58' title='bbox 1827 1134 1985 1216; x_wconf 90' lang='lat' dir='ltr'><strong>ipsis</strong></span> <span class='ocrx_word' id='word_1_59' title='bbox 2041 1134 2317 1213; x_wconf 87' lang='lat' dir='ltr'><strong>mireris,</strong></span> <span class='ocrx_word' id='word_1_60' title='bbox 2380 1155 2579 1215; x_wconf 91' lang='lat' dir='ltr'><strong>quum</strong></span> 
     </span>
     <span class='ocr_line' id='line_1_10' title="bbox 642 1219 2582 1307; baseline -0.003 -17"><span class='ocrx_word' id='word_1_61' title='bbox 642 1245 727 1291; x_wconf 89' lang='lat' dir='ltr'><strong>ne</strong></span> <span class='ocrx_word' id='word_1_62' title='bbox 793 1223 964 1307; x_wconf 87' lang='lat' dir='ltr'><strong>apud</strong></span> <span class='ocrx_word' id='word_1_63' title='bbox 1026 1244 1129 1286; x_wconf 88' lang='lat' dir='ltr'><strong>me</strong></span> <span class='ocrx_word' id='word_1_64' title='bbox 1192 1220 1447 1304; x_wconf 87' lang='lat' dir='ltr'><strong>quidem</strong></span> <span class='ocrx_word' id='word_1_65' title='bbox 1515 1221 1686 1285; x_wconf 89' lang='lat' dir='ltr'><strong>hanc</strong></span> <span class='ocrx_word' id='word_1_66' title='bbox 1749 1220 2116 1302; x_wconf 86' lang='lat' dir='ltr'><strong>opinionem</strong></span> <span class='ocrx_word' id='word_1_67' title='bbox 2179 1219 2453 1303; x_wconf 85' lang='lat' dir='ltr'><strong>effugias</strong></span> <span class='ocrx_word' id='word_1_68' title='bbox 2516 1230 2582 1284; x_wconf 89' lang='lat' dir='ltr'><strong>te</strong></span> 
     </span>
     <span class='ocr_line' id='line_1_11' title="bbox 644 1304 2580 1393; baseline -0.003 -19"><span class='ocrx_word' id='word_1_69' title='bbox 644 1307 888 1393; x_wconf 87' lang='lat' dir='ltr'><strong>aliquid</strong></span> <span class='ocrx_word' id='word_1_70' title='bbox 923 1308 1283 1372; x_wconf 89' lang='lat' dir='ltr'><strong>humanum</strong></span> <span class='ocrx_word' id='word_1_71' title='bbox 1318 1306 1424 1373; x_wconf 90' lang='lat' dir='ltr'><strong>hic</strong></span> <span class='ocrx_word' id='word_1_72' title='bbox 1461 1307 1611 1390; x_wconf 87' lang='lat' dir='ltr'><strong>pati.</strong></span> <span class='ocrx_word' id='word_1_73' title='bbox 1701 1304 1989 1372; x_wconf 83' lang='lat' dir='ltr'><strong>Omnino</strong></span> <span class='ocrx_word' id='word_1_74' title='bbox 2025 1316 2249 1370; x_wconf 86' lang='lat' dir='ltr'><strong>tamen</strong></span> <span class='ocrx_word' id='word_1_75' title='bbox 2294 1304 2580 1384; x_wconf 84' lang='lat' dir='ltr'><strong>consulo,</strong></span> 
     </span>
     <span class='ocr_line' id='line_1_12' title="bbox 643 1391 2581 1476; baseline -0.003 -16"><span class='ocrx_word' id='word_1_76' title='bbox 643 1403 721 1460; x_wconf 89' lang='lat' dir='ltr'><strong>ut</strong></span> <span class='ocrx_word' id='word_1_77' title='bbox 762 1396 999 1458; x_wconf 85' lang='lat' dir='ltr'><strong>iterum</strong></span> <span class='ocrx_word' id='word_1_78' title='bbox 1044 1414 1299 1475; x_wconf 85' lang='lat' dir='ltr'><strong>urgeas,</strong></span> <span class='ocrx_word' id='word_1_79' title='bbox 1348 1401 1415 1456; x_wconf 90' lang='lat' dir='ltr'><strong>et</strong></span> <span class='ocrx_word' id='word_1_80' title='bbox 1447 1392 1737 1476; x_wconf 87' lang='lat' dir='ltr'><strong>graviter</strong></span> <span class='ocrx_word' id='word_1_81' title='bbox 1780 1392 2143 1468; x_wconf 87' lang='lat' dir='ltr'><strong>obtesteris‚</strong></span> <span class='ocrx_word' id='word_1_82' title='bbox 2190 1413 2273 1456; x_wconf 88' lang='lat' dir='ltr'><strong>no</strong></span> <span class='ocrx_word' id='word_1_83' title='bbox 2310 1391 2581 1455; x_wconf 89' lang='lat' dir='ltr'><strong>oblivis-</strong></span> 
     </span>
     <span class='ocr_line' id='line_1_13' title="bbox 646 1474 2581 1561; baseline -0.003 -15"><span class='ocrx_word' id='word_1_84' title='bbox 646 1488 883 1546; x_wconf 87' lang='lat' dir='ltr'><strong>cantur</strong></span> <span class='ocrx_word' id='word_1_85' title='bbox 924 1478 1077 1560; x_wconf 90' lang='lat' dir='ltr'><strong>quid</strong></span> <span class='ocrx_word' id='word_1_86' title='bbox 1131 1479 1560 1560; x_wconf 85' lang='lat' dir='ltr'><strong>promiserint.</strong></span> <span class='ocrx_word' id='word_1_87' title='bbox 1648 1476 1816 1542; x_wconf 87' lang='lat' dir='ltr'><strong>Mihi</strong></span> <span class='ocrx_word' id='word_1_88' title='bbox 1874 1476 2161 1561; x_wconf 78' lang='lat' dir='ltr'><strong>placeret</strong></span> <span class='ocrx_word' id='word_1_89' title='bbox 2216 1477 2284 1541; x_wconf 92' lang='lat' dir='ltr'><strong>in</strong></span> <span class='ocrx_word' id='word_1_90' title='bbox 2344 1474 2581 1555; x_wconf 87' lang='lat' dir='ltr'><strong>reditu,</strong></span> 
     </span>
     <span class='ocr_line' id='line_1_14' title="bbox 644 1561 2585 1647; baseline -0.003 -16"><span class='ocrx_word' id='word_1_91' title='bbox 644 1573 723 1632; x_wconf 97' lang='grc' dir='ltr'><strong>ιιι</strong></span> <span class='ocrx_word' id='word_1_92' title='bbox 765 1564 1202 1647; x_wconf 88' lang='lat' dir='ltr'><strong>superioribus</strong></span> <span class='ocrx_word' id='word_1_93' title='bbox 1246 1562 1451 1627; x_wconf 89' lang='lat' dir='ltr'><strong>literis</strong></span> <span class='ocrx_word' id='word_1_94' title='bbox 1505 1561 1806 1628; x_wconf 84' lang='lat' dir='ltr'><strong>indicavi.</strong></span> <span class='ocrx_word' id='word_1_95' title='bbox 1898 1563 2123 1645; x_wconf 89' lang='lat' dir='ltr'><strong>Neque</strong></span> <span class='ocrx_word' id='word_1_96' title='bbox 2180 1561 2441 1627; x_wconf 85' lang='lat' dir='ltr'><strong>difficile</strong></span> <span class='ocrx_word' id='word_1_97' title='bbox 2484 1572 2585 1627; x_wconf 90' lang='lat' dir='ltr'><strong>est</strong></span> 
     </span>
     <span class='ocr_line' id='line_1_15' title="bbox 645 1647 1754 1726; baseline -0.007 -8"><span class='ocrx_word' id='word_1_98' title='bbox 645 1652 979 1726; x_wconf 87' lang='lat' dir='ltr'><strong>conficere,</strong></span> <span class='ocrx_word' id='word_1_99' title='bbox 1025 1649 1076 1714; x_wconf 85' lang='lat' dir='ltr'><strong>si</strong></span> <span class='ocrx_word' id='word_1_100' title='bbox 1123 1662 1194 1713; x_wconf 90' lang='lat' dir='ltr'><strong>tu</strong></span> <span class='ocrx_word' id='word_1_101' title='bbox 1236 1648 1426 1713; x_wconf 90' lang='lat' dir='ltr'><strong>modo</strong></span> <span class='ocrx_word' id='word_1_102' title='bbox 1469 1647 1754 1713; x_wconf 87' lang='lat' dir='ltr'><strong>adiuves.</strong></span> 
     </span>
    </p>

    <p class='ocr_par' dir='ltr' id='par_1_4' title="bbox 596 1733 2586 3103">
     <span class='ocr_line' id='line_1_16' title="bbox 817 1733 2583 1800; baseline -0.002 0"><span class='ocrx_word' id='word_1_103' title='bbox 817 1737 900 1800; x_wconf 91' lang='lat' dir='ltr'><strong>In</strong></span> <span class='ocrx_word' id='word_1_104' title='bbox 945 1736 1045 1799; x_wconf 89' lang='lat' dir='ltr'><strong>his</strong></span> <span class='ocrx_word' id='word_1_105' title='bbox 1087 1734 1360 1799; x_wconf 87' lang='lat' dir='ltr'><strong>comitiis</strong></span> <span class='ocrx_word' id='word_1_106' title='bbox 1405 1733 1569 1797; x_wconf 89' lang='lat' dir='ltr'><strong>nihil</strong></span> <span class='ocrx_word' id='word_1_107' title='bbox 1607 1733 1762 1798; x_wconf 91' lang='lat' dir='ltr'><strong>dum</strong></span> <span class='ocrx_word' id='word_1_108' title='bbox 1796 1733 2175 1798; x_wconf 89' lang='lat' dir='ltr'><strong>inchoatum</strong></span> <span class='ocrx_word' id='word_1_109' title='bbox 2210 1744 2307 1799; x_wconf 88' lang='lat' dir='ltr'><strong>est</strong></span> <span class='ocrx_word' id='word_1_110' title='bbox 2342 1754 2583 1797; x_wconf 88' lang='lat' dir='ltr'><strong>memo-</strong></span> 
     </span>
     <span class='ocr_line' id='line_1_17' title="bbox 643 1819 2584 1903; baseline -0.002 -16"><span class='ocrx_word' id='word_1_111' title='bbox 643 1821 867 1888; x_wconf 89' lang='lat' dir='ltr'><strong>rabile.</strong></span> <span class='ocrx_word' id='word_1_112' title='bbox 959 1819 1217 1886; x_wconf 79' lang='lat' dir='ltr'><strong>Caesari</strong></span> <span class='ocrx_word' id='word_1_113' title='bbox 1259 1819 1645 1903; x_wconf 88' lang='lat' dir='ltr'><strong>permissum</strong></span> <span class='ocrx_word' id='word_1_114' title='bbox 1681 1830 1838 1897; x_wconf 90' lang='lat' dir='ltr'><strong>erat,</strong></span> <span class='ocrx_word' id='word_1_115' title='bbox 1886 1827 1960 1883; x_wconf 87' lang='lat' dir='ltr'><strong>ut</strong></span> <span class='ocrx_word' id='word_1_116' title='bbox 2002 1840 2242 1902; x_wconf 89' lang='lat' dir='ltr'><strong>paucos</strong></span> <span class='ocrx_word' id='word_1_117' title='bbox 2287 1819 2584 1883; x_wconf 87' lang='lat' dir='ltr'><strong>homines</strong></span> 
     </span>
     <span class='ocr_line' id='line_1_18' title="bbox 643 1904 2584 1992; baseline -0.003 -19"><span class='ocrx_word' id='word_1_118' title='bbox 643 1910 785 1992; x_wconf 87' lang='lat' dir='ltr'><strong>pios</strong></span> <span class='ocrx_word' id='word_1_119' title='bbox 837 1915 904 1972; x_wconf 93' lang='lat' dir='ltr'><strong>et</strong></span> <span class='ocrx_word' id='word_1_120' title='bbox 958 1926 1193 1990; x_wconf 89' lang='lat' dir='ltr'><strong>graves</strong></span> <span class='ocrx_word' id='word_1_121' title='bbox 1251 1904 1592 1989; x_wconf 87' lang='lat' dir='ltr'><strong>deligeret,</strong></span> <span class='ocrx_word' id='word_1_122' title='bbox 1655 1905 1765 1987; x_wconf 92' lang='lat' dir='ltr'><strong>qui</strong></span> <span class='ocrx_word' id='word_1_123' title='bbox 1830 1905 2220 1970; x_wconf 83' lang='lat' dir='ltr'><strong>examinatis</strong></span> <span class='ocrx_word' id='word_1_124' title='bbox 2287 1915 2354 1969; x_wconf 89' lang='lat' dir='ltr'><strong>et</strong></span> <span class='ocrx_word' id='word_1_125' title='bbox 2420 1905 2584 1968; x_wconf 87' lang='lat' dir='ltr'><strong>bene</strong></span> 
     </span>
     <span class='ocr_line' id='line_1_19' title="bbox 641 1989 2583 2079; baseline -0.003 -20"><span class='ocrx_word' id='word_1_126' title='bbox 641 1993 981 2079; x_wconf 86' lang='lat' dir='ltr'><strong>perpensis</strong></span> <span class='ocrx_word' id='word_1_127' title='bbox 1023 1992 1481 2056; x_wconf 89' lang='lat' dir='ltr'><strong>controversiis</strong></span> <span class='ocrx_word' id='word_1_128' title='bbox 1525 1989 1606 2054; x_wconf 91' lang='lat' dir='ltr'><strong>de</strong></span> <span class='ocrx_word' id='word_1_129' title='bbox 1649 1990 1934 2056; x_wconf 88' lang='lat' dir='ltr'><strong>ineunda</strong></span> <span class='ocrx_word' id='word_1_130' title='bbox 1968 1990 2307 2056; x_wconf 88' lang='lat' dir='ltr'><strong>concordia</strong></span> <span class='ocrx_word' id='word_1_131' title='bbox 2343 1989 2583 2055; x_wconf 90' lang='lat' dir='ltr'><strong>delibe-</strong></span> 
     </span>
     <span class='ocr_line' id='line_1_20' title="bbox 643 2077 2586 2159; baseline -0.004 -14"><span class='ocrx_word' id='word_1_132' title='bbox 643 2086 887 2155; x_wconf 85' lang='lat' dir='ltr'><strong>rarent,</strong></span> <span class='ocrx_word' id='word_1_133' title='bbox 939 2087 1005 2142; x_wconf 89' lang='lat' dir='ltr'><strong>et</strong></span> <span class='ocrx_word' id='word_1_134' title='bbox 1045 2098 1210 2158; x_wconf 86' lang='lat' dir='ltr'><strong>quae</strong></span> <span class='ocrx_word' id='word_1_135' title='bbox 1252 2078 1423 2141; x_wconf 89' lang='lat' dir='ltr'><strong>inter</strong></span> <span class='ocrx_word' id='word_1_136' title='bbox 1466 2098 1535 2142; x_wconf 86' lang='lat' dir='ltr'><strong>sc</strong></span> <span class='ocrx_word' id='word_1_137' title='bbox 1578 2077 1962 2142; x_wconf 88' lang='lat' dir='ltr'><strong>statuissent</strong></span> <span class='ocrx_word' id='word_1_138' title='bbox 2003 2087 2227 2159; x_wconf 88' lang='lat' dir='ltr'><strong>postea</strong></span> <span class='ocrx_word' id='word_1_139' title='bbox 2268 2078 2586 2141; x_wconf 82' lang='lat' dir='ltr'><strong>referrent</strong></span> 
     </span>
     <span class='ocr_line' id='line_1_21' title="bbox 645 2161 2586 2231; baseline -0.004 0"><span class='ocrx_word' id='word_1_140' title='bbox 645 2163 731 2231; x_wconf 87' lang='lat' dir='ltr'><strong>ad</strong></span> <span class='ocrx_word' id='word_1_141' title='bbox 786 2162 1061 2230; x_wconf 87' lang='lat' dir='ltr'><strong>ordines.</strong></span> <span class='ocrx_word' id='word_1_142' title='bbox 1171 2162 1497 2227; x_wconf 89' lang='lat' dir='ltr'><strong>Vicesimo</strong></span> <span class='ocrx_word' id='word_1_143' title='bbox 1543 2162 1645 2227; x_wconf 88' lang='lat' dir='ltr'><strong>die</strong></span> <span class='ocrx_word' id='word_1_144' title='bbox 1687 2162 1931 2226; x_wconf 90' lang='lat' dir='ltr'><strong>mensis</strong></span> <span class='ocrx_word' id='word_1_145' title='bbox 1975 2162 2173 2226; x_wconf 87' lang='lat' dir='ltr'><strong>huius</strong></span> <span class='ocrx_word' id='word_1_146' title='bbox 2218 2161 2586 2225; x_wconf 77' lang='lat' dir='ltr'><strong>nominavit</strong></span> 
     </span>
     <span class='ocr_line' id='line_1_22' title="bbox 644 2248 2580 2331; baseline -0.003 -16"><span class='ocrx_word' id='word_1_147' title='bbox 644 2249 727 2316; x_wconf 87' lang='lat' dir='ltr'><strong>ab</strong></span> <span class='ocrx_word' id='word_1_148' title='bbox 794 2250 1187 2314; x_wconf 84' lang='lat' dir='ltr'><strong>advorsariis</strong></span> <span class='ocrx_word' id='word_1_149' title='bbox 1247 2249 1491 2313; x_wconf 91' lang='lat' dir='ltr'><strong>Iulium</strong></span> <span class='ocrx_word' id='word_1_150' title='bbox 1561 2248 1770 2331; x_wconf 77' lang='lat' dir='ltr'><strong>Pflu9‚</strong></span> <span class='ocrx_word' id='word_1_151' title='bbox 1837 2248 2152 2312; x_wconf 86' lang='lat' dir='ltr'><strong>Ioannem</strong></span> <span class='ocrx_word' id='word_1_152' title='bbox 2205 2250 2580 2330; x_wconf 70' lang='lat' dir='ltr'><strong>cropperum</strong></span> 
     </span>
     <span class='ocr_line' id='line_1_23' title="bbox 642 2333 2586 2415; baseline -0.003 -13"><span class='ocrx_word' id='word_1_153' title='bbox 642 2335 1101 2402; x_wconf 72' lang='lat' dir='ltr'><strong>coloniensem</strong></span> <span class='ocrx_word' id='word_1_154' title='bbox 1139 2343 1206 2399; x_wconf 88' lang='lat' dir='ltr'><strong>et</strong></span> <span class='ocrx_word' id='word_1_155' title='bbox 1242 2334 1551 2399; x_wconf 90' lang='lat' dir='ltr'><strong>Ioannem</strong></span> <span class='ocrx_word' id='word_1_156' title='bbox 1588 2334 1867 2412; x_wconf 82' lang='lat' dir='ltr'><strong>Eccium,</strong></span> <span class='ocrx_word' id='word_1_157' title='bbox 1905 2354 1945 2397; x_wconf 85' lang='lat' dir='ltr'><strong>a</strong></span> <span class='ocrx_word' id='word_1_158' title='bbox 1979 2334 2164 2398; x_wconf 92' lang='lat' dir='ltr'><strong>nobis</strong></span> <span class='ocrx_word' id='word_1_159' title='bbox 2198 2333 2586 2415; x_wconf 89' lang='lat' dir='ltr'><strong>Philippum</strong></span> 
     </span>
     <span class='ocr_line' id='line_1_24' title="bbox 646 2418 2585 2499; baseline -0.003 -13"><span class='ocrx_word' id='word_1_160' title='bbox 646 2419 1199 2499; x_wconf 73' lang='lat' dir='ltr'><strong>Melanchthonem,</strong></span> <span class='ocrx_word' id='word_1_161' title='bbox 1293 2421 1656 2485; x_wconf 81' lang='lat' dir='ltr'><strong>Martinum</strong></span> <span class='ocrx_word' id='word_1_162' title='bbox 1736 2418 2052 2487; x_wconf 77' lang='lat' dir='ltr'><strong>Bucerum</strong></span> <span class='ocrx_word' id='word_1_163' title='bbox 2127 2431 2193 2482; x_wconf 87' lang='lat' dir='ltr'><strong>et</strong></span> <span class='ocrx_word' id='word_1_164' title='bbox 2271 2419 2585 2482; x_wconf 86' lang='lat' dir='ltr'><strong>Ioannem</strong></span> 
     </span>
     <span class='ocr_line' id='line_1_25' title="bbox 644 2503 2586 2589; baseline -0.003 -17"><span class='ocrx_word' id='word_1_165' title='bbox 644 2506 1013 2572; x_wconf 76' lang='lat' dir='ltr'><strong>Pistorium.</strong></span> <span class='ocrx_word' id='word_1_166' title='bbox 1035 2506 1093 2589; x_wconf 80' lang='lat'><strong>⁶)</strong></span> <span class='ocrx_word' id='word_1_167' title='bbox 1201 2506 1573 2588; x_wconf 84' lang='lat' dir='ltr'><strong>Principem</strong></span> <span class='ocrx_word' id='word_1_168' title='bbox 1640 2524 1892 2587; x_wconf 90' lang='lat' dir='ltr'><strong>quoquc</strong></span> <span class='ocrx_word' id='word_1_169' title='bbox 1957 2525 2027 2569; x_wconf 86' lang='lat' dir='ltr'><strong>sc</strong></span> <span class='ocrx_word' id='word_1_170' title='bbox 2087 2503 2586 2588; x_wconf 78' lang='lat' dir='ltr'><strong>designatarum</strong></span> 
     </span>
     <span class='ocr_line' id='line_1_26' title="bbox 642 2589 2585 2675; baseline -0.003 -18"><span class='ocrx_word' id='word_1_171' title='bbox 642 2590 868 2669; x_wconf 79' lang='lat' dir='ltr'><strong>edixit,</strong></span> <span class='ocrx_word' id='word_1_172' title='bbox 914 2592 1022 2673; x_wconf 92' lang='lat' dir='ltr'><strong>qui</strong></span> <span class='ocrx_word' id='word_1_173' title='bbox 1069 2593 1306 2657; x_wconf 87' lang='lat' dir='ltr'><strong>actioni</strong></span> <span class='ocrx_word' id='word_1_174' title='bbox 1361 2600 1705 2675; x_wconf 82' lang='lat' dir='ltr'><strong>praeesset.</strong></span> <span class='ocrx_word' id='word_1_175' title='bbox 1729 2590 1781 2673; x_wconf 85' lang='lat'><strong>⁷)</strong></span> <span class='ocrx_word' id='word_1_176' title='bbox 1868 2590 2092 2655; x_wconf 87' lang='lat' dir='ltr'><strong>Nostri</strong></span> <span class='ocrx_word' id='word_1_177' title='bbox 2150 2590 2369 2654; x_wconf 87' lang='lat' dir='ltr'><strong>habita</strong></span> <span class='ocrx_word' id='word_1_178' title='bbox 2426 2589 2585 2653; x_wconf 87' lang='lat' dir='ltr'><strong>deli-</strong></span> 
     </span>
     <span class='ocr_line' id='line_1_27' title="bbox 638 2674 2585 2761; baseline -0.002 -17"><span class='ocrx_word' id='word_1_179' title='bbox 638 2674 975 2744; x_wconf 88' lang='lat' dir='ltr'><strong>beratione</strong></span> <span class='ocrx_word' id='word_1_180' title='bbox 1041 2689 1273 2761; x_wconf 90' lang='lat' dir='ltr'><strong>rogatu</strong></span> <span class='ocrx_word' id='word_1_181' title='bbox 1338 2682 1606 2742; x_wconf 56' lang='lat' dir='ltr'><strong>nostro&amp;</strong></span> <span class='ocrx_word' id='word_1_182' title='bbox 1713 2676 2143 2758; x_wconf 89' lang='lat' dir='ltr'><strong>postularunt,</strong></span> <span class='ocrx_word' id='word_1_183' title='bbox 2223 2686 2299 2740; x_wconf 88' lang='lat' dir='ltr'><strong>ut</strong></span> <span class='ocrx_word' id='word_1_184' title='bbox 2364 2675 2585 2757; x_wconf 90' lang='lat' dir='ltr'><strong>plures</strong></span> 
     </span>
     <span class='ocr_line' id='line_1_28' title="bbox 640 2760 2586 2844; baseline -0.003 -16"><span class='ocrx_word' id='word_1_185' title='bbox 640 2769 844 2829; x_wconf 87' lang='lat' dir='ltr'><strong>testes</strong></span> <span class='ocrx_word' id='word_1_186' title='bbox 887 2760 1336 2828; x_wconf 88' lang='lat' dir='ltr'><strong>adhibeantur.</strong></span> <span class='ocrx_word' id='word_1_187' title='bbox 1425 2762 1572 2826; x_wconf 89' lang='lat' dir='ltr'><strong>Non</strong></span> <span class='ocrx_word' id='word_1_188' title='bbox 1622 2783 1733 2825; x_wconf 90' lang='lat' dir='ltr'><strong>um</strong></span> <span class='ocrx_word' id='word_1_189' title='bbox 1777 2762 1980 2826; x_wconf 91' lang='lat' dir='ltr'><strong>scitur</strong></span> <span class='ocrx_word' id='word_1_190' title='bbox 2022 2761 2177 2844; x_wconf 89' lang='lat' dir='ltr'><strong>quid</strong></span> <span class='ocrx_word' id='word_1_191' title='bbox 2204 2763 2338 2826; x_wconf 90' lang='lat' dir='ltr'><strong>sint</strong></span> <span class='ocrx_word' id='word_1_192' title='bbox 2379 2760 2586 2843; x_wconf 89' lang='lat' dir='ltr'><strong>impe-</strong></span> 
     </span>
     <span class='ocr_line' id='line_1_29' title="bbox 596 2845 2584 2930; baseline -0.002 -15"><span class='ocrx_word' id='word_1_193' title='bbox 596 2885 605 2893; x_wconf 91' lang='lat'><strong>·</strong></span> <span class='ocrx_word' id='word_1_194' title='bbox 639 2849 897 2926; x_wconf 84' lang='lat' dir='ltr'><strong>traturi,</strong></span> <span class='ocrx_word' id='word_1_195' title='bbox 943 2848 1068 2914; x_wconf 89' lang='lat' dir='ltr'><strong>nisi</strong></span> <span class='ocrx_word' id='word_1_196' title='bbox 1112 2847 1281 2930; x_wconf 92' lang='lat' dir='ltr'><strong>quod</strong></span> <span class='ocrx_word' id='word_1_197' title='bbox 1323 2867 1470 2930; x_wconf 91' lang='lat' dir='ltr'><strong>spes</strong></span> <span class='ocrx_word' id='word_1_198' title='bbox 1513 2856 1613 2911; x_wconf 89' lang='lat' dir='ltr'><strong>cst</strong></span> <span class='ocrx_word' id='word_1_199' title='bbox 1654 2848 1841 2924; x_wconf 85' lang='lat' dir='ltr'><strong>facta,</strong></span> <span class='ocrx_word' id='word_1_200' title='bbox 1899 2847 1967 2912; x_wconf 92' lang='lat' dir='ltr'><strong>id</strong></span> <span class='ocrx_word' id='word_1_201' title='bbox 2011 2869 2202 2913; x_wconf 87' lang='lat' dir='ltr'><strong>curae</strong></span> <span class='ocrx_word' id='word_1_202' title='bbox 2245 2849 2386 2912; x_wconf 87' lang='lat' dir='ltr'><strong>fore</strong></span> <span class='ocrx_word' id='word_1_203' title='bbox 2434 2845 2584 2912; x_wconf 76' lang='lat' dir='ltr'><strong>Gae-</strong></span> 
     </span>
     <span class='ocr_line' id='line_1_30' title="bbox 637 2932 2586 3001; baseline -0.002 0"><span class='ocrx_word' id='word_1_204' title='bbox 637 2935 796 3001; x_wconf 75' lang='lat' dir='ltr'><strong>sari.</strong></span> <span class='ocrx_word' id='word_1_205' title='bbox 884 2933 1161 2999; x_wconf 89' lang='lat' dir='ltr'><strong>Interim</strong></span> <span class='ocrx_word' id='word_1_206' title='bbox 1206 2935 1419 2999; x_wconf 88' lang='lat' dir='ltr'><strong>vocati</strong></span> <span class='ocrx_word' id='word_1_207' title='bbox 1463 2944 1618 2998; x_wconf 89' lang='lat' dir='ltr'><strong>sunt</strong></span> <span class='ocrx_word' id='word_1_208' title='bbox 1669 2932 1767 2997; x_wconf 91' lang='lat' dir='ltr'><strong>illi</strong></span> <span class='ocrx_word' id='word_1_209' title='bbox 1827 2954 1945 2999; x_wconf 85' lang='lat' dir='ltr'><strong>sex</strong></span> <span class='ocrx_word' id='word_1_210' title='bbox 2001 2932 2258 2998; x_wconf 89' lang='lat' dir='ltr'><strong>delecti:</strong></span> <span class='ocrx_word' id='word_1_211' title='bbox 2316 2933 2586 2998; x_wconf 81' lang='lat' dir='ltr'><strong>comiter</strong></span> 
     </span>
     <span class='ocr_line' id='line_1_31' title="bbox 641 3017 2582 3103; baseline -0.003 -17"><span class='ocrx_word' id='word_1_212' title='bbox 641 3039 869 3086; x_wconf 90' lang='lat' dir='ltr'><strong>omnes</strong></span> <span class='ocrx_word' id='word_1_213' title='bbox 924 3020 1179 3103; x_wconf 83' lang='lat' dir='ltr'><strong>excepti</strong></span> <span class='ocrx_word' id='word_1_214' title='bbox 1235 3039 1274 3083; x_wconf 88' lang='lat' dir='ltr'><strong>a</strong></span> <span class='ocrx_word' id='word_1_215' title='bbox 1337 3017 1620 3099; x_wconf 79' lang='lat' dir='ltr'><strong>Caesare,</strong></span> <span class='ocrx_word' id='word_1_216' title='bbox 1686 3039 1920 3084; x_wconf 92' lang='lat' dir='ltr'><strong>manus</strong></span> <span class='ocrx_word' id='word_1_217' title='bbox 1974 3018 2107 3084; x_wconf 86' lang='lat' dir='ltr'><strong>illis</strong></span> <span class='ocrx_word' id='word_1_218' title='bbox 2163 3018 2372 3101; x_wconf 90' lang='lat' dir='ltr'><strong>primo</strong></span> <span class='ocrx_word' id='word_1_219' title='bbox 2428 3037 2582 3083; x_wconf 92' lang='lat' dir='ltr'><strong>con-</strong></span> 
     </span>
    </p>

    <p class='ocr_par' dir='ltr' id='par_1_5' title="bbox 633 3101 2584 4731">
     <span class='ocr_line' id='line_1_32' title="bbox 759 3101 2584 3188; baseline -0.002 -17"><span class='ocrx_word' id='word_1_220' title='bbox 759 3127 871 3171; x_wconf 91' lang='lat' dir='ltr'><strong>ssu</strong></span> <span class='ocrx_word' id='word_1_221' title='bbox 915 3115 982 3170; x_wconf 88' lang='lat' dir='ltr'><strong>et</strong></span> <span class='ocrx_word' id='word_1_222' title='bbox 1023 3126 1224 3188; x_wconf 90' lang='lat' dir='ltr'><strong>quum</strong></span> <span class='ocrx_word' id='word_1_223' title='bbox 1279 3103 1721 3171; x_wconf 86' lang='lat' dir='ltr'><strong>valedicerent</strong></span> <span class='ocrx_word' id='word_1_224' title='bbox 1775 3113 2089 3188; x_wconf 88' lang='lat' dir='ltr'><strong>porrecta.</strong></span> <span class='ocrx_word' id='word_1_225' title='bbox 2181 3101 2414 3170; x_wconf 70' lang='lat' dir='ltr'><strong>Caesar</strong></span> <span class='ocrx_word' id='word_1_226' title='bbox 2466 3124 2584 3186; x_wconf 89' lang='lat' dir='ltr'><strong>per</strong></span> 
     </span>
     <span class='ocr_line' id='line_1_33' title="bbox 636 3188 2581 3274; baseline -0.002 -17"><span class='ocrx_word' id='word_1_227' title='bbox 636 3198 1063 3274; x_wconf 70' lang='lat' dir='ltr'><strong>interpretem</strong></span> <span class='ocrx_word' id='word_1_228' title='bbox 1098 3202 1325 3257; x_wconf 84' lang='lat' dir='ltr'><strong>sancta</strong></span> <span class='ocrx_word' id='word_1_229' title='bbox 1359 3188 1705 3256; x_wconf 89' lang='lat' dir='ltr'><strong>admodum</strong></span> <span class='ocrx_word' id='word_1_230' title='bbox 1751 3191 2202 3257; x_wconf 88' lang='lat' dir='ltr'><strong>exhortatione</strong></span> <span class='ocrx_word' id='word_1_231' title='bbox 2244 3211 2405 3257; x_wconf 87' lang='lat' dir='ltr'><strong>usus</strong></span> <span class='ocrx_word' id='word_1_232' title='bbox 2448 3199 2581 3256; x_wconf 88' lang='lat' dir='ltr'><strong>est:</strong></span> 
     </span>
     <span class='ocr_line' id='line_1_34' title="bbox 637 3274 2582 3360; baseline 0.001 -18"><span class='ocrx_word' id='word_1_233' title='bbox 637 3297 845 3359; x_wconf 89' lang='lat' dir='ltr'><strong>quum</strong></span> <span class='ocrx_word' id='word_1_234' title='bbox 897 3296 1125 3341; x_wconf 89' lang='lat' dir='ltr'><strong>eorum</strong></span> <span class='ocrx_word' id='word_1_235' title='bbox 1179 3277 1439 3359; x_wconf 87' lang='lat' dir='ltr'><strong>pietate,</strong></span> <span class='ocrx_word' id='word_1_236' title='bbox 1495 3274 1810 3354; x_wconf 88' lang='lat' dir='ltr'><strong>doctrina,</strong></span> <span class='ocrx_word' id='word_1_237' title='bbox 1865 3276 2245 3360; x_wconf 86' lang='lat' dir='ltr'><strong>integritate</strong></span> <span class='ocrx_word' id='word_1_238' title='bbox 2297 3277 2582 3343; x_wconf 88' lang='lat' dir='ltr'><strong>confisus</strong></span> 
     </span>
     <span class='ocr_line' id='line_1_35' title="bbox 638 3361 2583 3445; baseline 0 -19"><span class='ocrx_word' id='word_1_239' title='bbox 638 3369 861 3426; x_wconf 87' lang='lat' dir='ltr'><strong>tantas</strong></span> <span class='ocrx_word' id='word_1_240' title='bbox 937 3362 1031 3426; x_wconf 89' lang='lat' dir='ltr'><strong>eis</strong></span> <span class='ocrx_word' id='word_1_241' title='bbox 1111 3370 1329 3444; x_wconf 88' lang='lat' dir='ltr'><strong>partes</strong></span> <span class='ocrx_word' id='word_1_242' title='bbox 1407 3361 1777 3427; x_wconf 86' lang='lat' dir='ltr'><strong>mandasset</strong></span> <span class='ocrx_word' id='word_1_243' title='bbox 1791 3412 1806 3439; x_wconf 90' lang='lat'><strong>,</strong></span> <span class='ocrx_word' id='word_1_244' title='bbox 1884 3361 2352 3445; x_wconf 88' lang='lat' dir='ltr'><strong>exspectationi</strong></span> <span class='ocrx_word' id='word_1_245' title='bbox 2423 3382 2583 3427; x_wconf 89' lang='lat' dir='ltr'><strong>suae</strong></span> 
     </span>
     <span class='ocr_line' id='line_1_36' title="bbox 637 3446 2581 3531; baseline -0.001 -19"><span class='ocrx_word' id='word_1_246' title='bbox 637 3446 1035 3529; x_wconf 88' lang='lat' dir='ltr'><strong>respondere</strong></span> <span class='ocrx_word' id='word_1_247' title='bbox 1090 3447 1350 3512; x_wconf 89' lang='lat' dir='ltr'><strong>vellent.</strong></span> <span class='ocrx_word' id='word_1_248' title='bbox 1439 3447 1671 3531; x_wconf 83' lang='lat' dir='ltr'><strong>Itaque</strong></span> <span class='ocrx_word' id='word_1_249' title='bbox 1718 3455 1791 3512; x_wconf 87' lang='lat' dir='ltr'><strong>ut</strong></span> <span class='ocrx_word' id='word_1_250' title='bbox 1833 3446 2107 3531; x_wconf 84' lang='lat' dir='ltr'><strong>gloriam</strong></span> <span class='ocrx_word' id='word_1_251' title='bbox 2150 3447 2297 3527; x_wconf 89' lang='lat' dir='ltr'><strong>Dei,</strong></span> <span class='ocrx_word' id='word_1_252' title='bbox 2355 3469 2581 3530; x_wconf 88' lang='lat' dir='ltr'><strong>pacem</strong></span> 
     </span>
     <span class='ocr_line' id='line_1_37' title="bbox 689 3531 2581 3616; baseline 0.001 -19"><span class='ocrx_word' id='word_1_253' title='bbox 689 3531 986 3608; x_wconf 89' lang='lat' dir='ltr'><strong>ublicam,</strong></span> <span class='ocrx_word' id='word_1_254' title='bbox 1031 3534 1325 3616; x_wconf 87' lang='lat' dir='ltr'><strong>gentium</strong></span> <span class='ocrx_word' id='word_1_255' title='bbox 1366 3533 1659 3598; x_wconf 90' lang='lat' dir='ltr'><strong>omnium</strong></span> <span class='ocrx_word' id='word_1_256' title='bbox 1699 3532 1978 3598; x_wconf 88' lang='lat' dir='ltr'><strong>salutem</strong></span> <span class='ocrx_word' id='word_1_257' title='bbox 2022 3554 2182 3616; x_wconf 88' lang='lat' dir='ltr'><strong>prae</strong></span> <span class='ocrx_word' id='word_1_258' title='bbox 2213 3533 2419 3600; x_wconf 89' lang='lat' dir='ltr'><strong>oculis</strong></span> <span class='ocrx_word' id='word_1_259' title='bbox 2462 3533 2581 3599; x_wconf 89' lang='lat' dir='ltr'><strong>ha-</strong></span> 
     </span>
     <span class='ocr_line' id='line_1_38' title="bbox 721 3617 2581 3703; baseline 0.001 -20"><span class='ocrx_word' id='word_1_260' title='bbox 721 3625 888 3691; x_wconf 84' lang='lat' dir='ltr'><strong>rent,</strong></span> <span class='ocrx_word' id='word_1_261' title='bbox 934 3638 1018 3682; x_wconf 91' lang='lat' dir='ltr'><strong>ne</strong></span> <span class='ocrx_word' id='word_1_262' title='bbox 1059 3617 1219 3701; x_wconf 89' lang='lat' dir='ltr'><strong>quid</strong></span> <span class='ocrx_word' id='word_1_263' title='bbox 1261 3618 1616 3697; x_wconf 87' lang='lat' dir='ltr'><strong>ambitioni,</strong></span> <span class='ocrx_word' id='word_1_264' title='bbox 1675 3639 1760 3683; x_wconf 91' lang='lat' dir='ltr'><strong>ne</strong></span> <span class='ocrx_word' id='word_1_265' title='bbox 1813 3617 1970 3703; x_wconf 91' lang='lat' dir='ltr'><strong>quid</strong></span> <span class='ocrx_word' id='word_1_266' title='bbox 2021 3619 2439 3701; x_wconf 83' lang='lat' dir='ltr'><strong>pertinaciae,</strong></span> <span class='ocrx_word' id='word_1_267' title='bbox 2498 3641 2581 3684; x_wconf 90' lang='lat' dir='ltr'><strong>ne</strong></span> 
     </span>
     <span class='ocr_line' id='line_1_39' title="bbox 637 3702 2582 3788; baseline 0 -19"><span class='ocrx_word' id='word_1_268' title='bbox 637 3702 796 3787; x_wconf 88' lang='lat' dir='ltr'><strong>quid</strong></span> <span class='ocrx_word' id='word_1_269' title='bbox 870 3702 1210 3769; x_wconf 90' lang='lat' dir='ltr'><strong>hominum</strong></span> <span class='ocrx_word' id='word_1_270' title='bbox 1286 3704 1536 3788; x_wconf 88' lang='lat' dir='ltr'><strong>gratiae</strong></span> <span class='ocrx_word' id='word_1_271' title='bbox 1614 3703 1866 3770; x_wconf 86' lang='lat' dir='ltr'><strong>darent.</strong></span> <span class='ocrx_word' id='word_1_272' title='bbox 1984 3705 2401 3787; x_wconf 86' lang='lat' dir='ltr'><strong>Responsum</strong></span> <span class='ocrx_word' id='word_1_273' title='bbox 2479 3715 2582 3770; x_wconf 87' lang='lat' dir='ltr'><strong>est</strong></span> 
     </span>
     <span class='ocr_line' id='line_1_40' title="bbox 636 3788 2577 3875; baseline -0.001 -20"><span class='ocrx_word' id='word_1_274' title='bbox 636 3788 952 3873; x_wconf 89' lang='lat' dir='ltr'><strong>utrinque</strong></span> <span class='ocrx_word' id='word_1_275' title='bbox 995 3791 1361 3872; x_wconf 85' lang='lat' dir='ltr'><strong>separatim.</strong></span> <span class='ocrx_word' id='word_1_276' title='bbox 1449 3790 1648 3875; x_wconf 85' lang='lat' dir='ltr'><strong>Ergo,</strong></span> <span class='ocrx_word' id='word_1_277' title='bbox 1693 3790 1867 3873; x_wconf 91' lang='lat' dir='ltr'><strong>quod</strong></span> <span class='ocrx_word' id='word_1_278' title='bbox 1910 3789 2094 3857; x_wconf 90' lang='lat' dir='ltr'><strong>Deus</strong></span> <span class='ocrx_word' id='word_1_279' title='bbox 2141 3790 2304 3855; x_wconf 90' lang='lat' dir='ltr'><strong>bene</strong></span> <span class='ocrx_word' id='word_1_280' title='bbox 2347 3802 2577 3869; x_wconf 88' lang='lat' dir='ltr'><strong>vertat,</strong></span> 
     </span>
     <span class='ocr_line' id='line_1_41' title="bbox 685 3873 2580 3959; baseline 0.002 -20"><span class='ocrx_word' id='word_1_281' title='bbox 685 3873 1015 3957; x_wconf 89' lang='lat' dir='ltr'><strong>ropediem</strong></span> <span class='ocrx_word' id='word_1_282' title='bbox 1068 3874 1316 3959; x_wconf 87' lang='lat' dir='ltr'><strong>aliquid</strong></span> <span class='ocrx_word' id='word_1_283' title='bbox 1364 3874 1799 3943; x_wconf 88' lang='lat' dir='ltr'><strong>inchoabitur.</strong></span> <span class='ocrx_word' id='word_1_284' title='bbox 1908 3877 2116 3942; x_wconf 90' lang='lat' dir='ltr'><strong>Porro</strong></span> <span class='ocrx_word' id='word_1_285' title='bbox 2170 3877 2226 3941; x_wconf 89' lang='lat' dir='ltr'><strong>si</strong></span> <span class='ocrx_word' id='word_1_286' title='bbox 2282 3875 2580 3942; x_wconf 87' lang='lat' dir='ltr'><strong>divinare</strong></span> 
     </span>
     <span class='ocr_line' id='line_1_42' title="bbox 668 3959 2575 4046; baseline 0.002 -21"><span class='ocrx_word' id='word_1_287' title='bbox 668 3960 809 4037; x_wconf 85' lang='lat' dir='ltr'><strong>‘cet,</strong></span> <span class='ocrx_word' id='word_1_288' title='bbox 854 3959 1012 4042; x_wconf 90' lang='lat' dir='ltr'><strong>quid</strong></span> <span class='ocrx_word' id='word_1_289' title='bbox 1053 3961 1346 4026; x_wconf 85' lang='lat' dir='ltr'><strong>futurum</strong></span> <span class='ocrx_word' id='word_1_290' title='bbox 1381 3961 1570 4026; x_wconf 91' lang='lat' dir='ltr'><strong>multi</strong></span> <span class='ocrx_word' id='word_1_291' title='bbox 1606 3962 2034 4044; x_wconf 89' lang='lat' dir='ltr'><strong>suspicentur,</strong></span> <span class='ocrx_word' id='word_1_292' title='bbox 2078 3961 2305 4045; x_wconf 87' lang='lat' dir='ltr'><strong>paucis</strong></span> <span class='ocrx_word' id='word_1_293' title='bbox 2340 3963 2575 4046; x_wconf 88' lang='lat' dir='ltr'><strong>accipe.</strong></span> 
     </span>
     <span class='ocr_line' id='line_1_43' title="bbox 634 4045 2579 4131; baseline 0.001 -18"><span class='ocrx_word' id='word_1_294' title='bbox 634 4045 939 4113; x_wconf 89' lang='lat' dir='ltr'><strong>Primum</strong></span> <span class='ocrx_word' id='word_1_295' title='bbox 1018 4058 1236 4111; x_wconf 88' lang='lat' dir='ltr'><strong>autem</strong></span> <span class='ocrx_word' id='word_1_296' title='bbox 1314 4046 1656 4113; x_wconf 90' lang='lat' dir='ltr'><strong>hominum</strong></span> <span class='ocrx_word' id='word_1_297' title='bbox 1731 4048 1999 4131; x_wconf 88' lang='lat' dir='ltr'><strong>ingenia</strong></span> <span class='ocrx_word' id='word_1_298' title='bbox 2072 4068 2267 4114; x_wconf 86' lang='lat' dir='ltr'><strong>nosse</strong></span> <span class='ocrx_word' id='word_1_299' title='bbox 2344 4068 2579 4131; x_wconf 91' lang='lat' dir='ltr'><strong>operae</strong></span> 
     </span>
     <span class='ocr_line' id='line_1_44' title="bbox 633 4132 2577 4216; baseline 0.002 -21"><span class='ocrx_word' id='word_1_300' title='bbox 633 4132 916 4216; x_wconf 88' lang='lat' dir='ltr'><strong>pretium</strong></span> <span class='ocrx_word' id='word_1_301' title='bbox 964 4141 1081 4197; x_wconf 89' lang='lat' dir='ltr'><strong>est.</strong></span> <span class='ocrx_word' id='word_1_302' title='bbox 1172 4132 1386 4197; x_wconf 78' lang='lat' dir='ltr'><strong>Iulius</strong></span> <span class='ocrx_word' id='word_1_303' title='bbox 1442 4133 1556 4198; x_wconf 89' lang='lat' dir='ltr'><strong>ille</strong></span> <span class='ocrx_word' id='word_1_304' title='bbox 1600 4133 1793 4198; x_wconf 92' lang='lat' dir='ltr'><strong>homo</strong></span> <span class='ocrx_word' id='word_1_305' title='bbox 1835 4142 1937 4197; x_wconf 89' lang='lat' dir='ltr'><strong>est</strong></span> <span class='ocrx_word' id='word_1_306' title='bbox 1977 4133 2297 4199; x_wconf 83' lang='lat' dir='ltr'><strong>facundus</strong></span> <span class='ocrx_word' id='word_1_307' title='bbox 2340 4144 2409 4198; x_wconf 90' lang='lat' dir='ltr'><strong>et</strong></span> <span class='ocrx_word' id='word_1_308' title='bbox 2463 4156 2577 4199; x_wconf 88' lang='lat' dir='ltr'><strong>ex-</strong></span> 
     </span>
     <span class='ocr_line' id='line_1_45' title="bbox 635 4216 2579 4304; baseline 0.003 -24"><span class='ocrx_word' id='word_1_309' title='bbox 635 4216 878 4300; x_wconf 86' lang='lat' dir='ltr'><strong>politus</strong></span> <span class='ocrx_word' id='word_1_310' title='bbox 913 4217 1221 4283; x_wconf 89' lang='lat' dir='ltr'><strong>humanis</strong></span> <span class='ocrx_word' id='word_1_311' title='bbox 1256 4218 1646 4301; x_wconf 85' lang='lat' dir='ltr'><strong>disciplinis:</strong></span> <span class='ocrx_word' id='word_1_312' title='bbox 1694 4216 1808 4283; x_wconf 90' lang='lat' dir='ltr'><strong>sed</strong></span> <span class='ocrx_word' id='word_1_313' title='bbox 1840 4219 1908 4283; x_wconf 90' lang='lat' dir='ltr'><strong>in</strong></span> <span class='ocrx_word' id='word_1_314' title='bbox 1945 4218 2277 4304; x_wconf 83' lang='lat' dir='ltr'><strong>theologia</strong></span> <span class='ocrx_word' id='word_1_315' title='bbox 2310 4220 2579 4285; x_wconf 90' lang='lat' dir='ltr'><strong>minime</strong></span> 
     </span>
     <span class='ocr_line' id='line_1_46' title="bbox 637 4302 2575 4389; baseline 0.002 -21"><span class='ocrx_word' id='word_1_316' title='bbox 637 4304 1034 4369; x_wconf 88' lang='lat' dir='ltr'><strong>exercitatus</strong></span> <span class='ocrx_word' id='word_1_317' title='bbox 1052 4355 1067 4381; x_wconf 89' lang='lat'><strong>,</strong></span> <span class='ocrx_word' id='word_1_318' title='bbox 1133 4302 1366 4370; x_wconf 89' lang='lat' dir='ltr'><strong>deinde</strong></span> <span class='ocrx_word' id='word_1_319' title='bbox 1430 4304 1808 4369; x_wconf 90' lang='lat' dir='ltr'><strong>ambitiosus</strong></span> <span class='ocrx_word' id='word_1_320' title='bbox 1862 4312 1931 4368; x_wconf 89' lang='lat' dir='ltr'><strong>et</strong></span> <span class='ocrx_word' id='word_1_321' title='bbox 1991 4324 2188 4370; x_wconf 88' lang='lat' dir='ltr'><strong>aurae</strong></span> <span class='ocrx_word' id='word_1_322' title='bbox 2253 4314 2575 4389; x_wconf 87' lang='lat' dir='ltr'><strong>captator:</strong></span> 
     </span>
     <span class='ocr_line' id='line_1_47' title="bbox 636 4387 2579 4477; baseline 0.002 -24"><span class='ocrx_word' id='word_1_323' title='bbox 636 4387 878 4471; x_wconf 79' lang='lat' dir='ltr'><strong>alioqui</strong></span> <span class='ocrx_word' id='word_1_324' title='bbox 941 4388 1138 4455; x_wconf 89' lang='lat' dir='ltr'><strong>homo</strong></span> <span class='ocrx_word' id='word_1_325' title='bbox 1199 4411 1330 4455; x_wconf 92' lang='lat' dir='ltr'><strong>non</strong></span> <span class='ocrx_word' id='word_1_326' title='bbox 1392 4390 1691 4473; x_wconf 87' lang='lat' dir='ltr'><strong>impurae</strong></span> <span class='ocrx_word' id='word_1_327' title='bbox 1754 4390 1948 4456; x_wconf 86' lang='lat' dir='ltr'><strong>vitae.</strong></span> <span class='ocrx_word' id='word_1_328' title='bbox 1973 4392 2029 4473; x_wconf 80' lang='lat'><strong>⁹)</strong></span> <span class='ocrx_word' id='word_1_329' title='bbox 2130 4389 2353 4471; x_wconf 80' lang='lat' dir='ltr'><strong>Quum</strong></span> <span class='ocrx_word' id='word_1_330' title='bbox 2421 4412 2579 4477; x_wconf 87' lang='lat' dir='ltr'><strong>ergo</strong></span> 
     </span>
     <span class='ocr_line' id='line_1_48' title="bbox 635 4474 2578 4559; baseline 0.002 -20"><span class='ocrx_word' id='word_1_331' title='bbox 635 4493 760 4539; x_wconf 83' lang='lat' dir='ltr'><strong>nec</strong></span> <span class='ocrx_word' id='word_1_332' title='bbox 801 4484 1047 4540; x_wconf 84' lang='lat' dir='ltr'><strong>rectam</strong></span> <span class='ocrx_word' id='word_1_333' title='bbox 1080 4475 1288 4541; x_wconf 89' lang='lat' dir='ltr'><strong>intelli</strong></span> <span class='ocrx_word' id='word_1_334' title='bbox 1336 4476 1579 4541; x_wconf 88' lang='lat' dir='ltr'><strong>entiam</strong></span> <span class='ocrx_word' id='word_1_335' title='bbox 1616 4474 1873 4554; x_wconf 87' lang='lat' dir='ltr'><strong>habeat,</strong></span> <span class='ocrx_word' id='word_1_336' title='bbox 1919 4496 2130 4559; x_wconf 90' lang='lat' dir='ltr'><strong>neque</strong></span> <span class='ocrx_word' id='word_1_337' title='bbox 2165 4476 2382 4543; x_wconf 90' lang='lat' dir='ltr'><strong>animo</strong></span> <span class='ocrx_word' id='word_1_338' title='bbox 2417 4480 2578 4543; x_wconf 90' lang='lat' dir='ltr'><strong>satis</strong></span> 
     </span>
     <span class='ocr_line' id='line_1_49' title="bbox 635 4496 2577 4646; baseline 0.003 -22"><span class='ocrx_word' id='word_1_339' title='bbox 635 4559 728 4625; x_wconf 80' lang='lat' dir='ltr'><strong>sit</strong></span> <span class='ocrx_word' id='word_1_340' title='bbox 747 4561 956 4636; x_wconf 84' lang='lat' dir='ltr'><strong>firmo,</strong></span> <span class='ocrx_word' id='word_1_341' title='bbox 994 4560 1149 4625; x_wconf 90' lang='lat' dir='ltr'><strong>dum</strong></span> <span class='ocrx_word' id='word_1_342' title='bbox 1184 4496 1533 4627; x_wconf 51' lang='lat' dir='ltr'><strong>ambitione</strong></span> <span class='ocrx_word' id='word_1_343' title='bbox 1567 4582 1687 4627; x_wconf 90' lang='lat' dir='ltr'><strong>sua</strong></span> <span class='ocrx_word' id='word_1_344' title='bbox 1720 4561 2094 4644; x_wconf 84' lang='lat' dir='ltr'><strong>impeditur,</strong></span> <span class='ocrx_word' id='word_1_345' title='bbox 2131 4563 2347 4646; x_wconf 85' lang='lat' dir='ltr'><strong>cogita</strong></span> <span class='ocrx_word' id='word_1_346' title='bbox 2368 4584 2577 4646; x_wconf 88' lang='lat' dir='ltr'><strong>quan-</strong></span> 
     </span>
     <span class='ocr_line' id='line_1_50' title="bbox 636 4644 2577 4731; baseline 0.002 -20"><span class='ocrx_word' id='word_1_347' title='bbox 636 4644 853 4711; x_wconf 85' lang='lat' dir='ltr'><strong>tulum</strong></span> <span class='ocrx_word' id='word_1_348' title='bbox 896 4646 984 4710; x_wconf 89' lang='lat' dir='ltr'><strong>sit</strong></span> <span class='ocrx_word' id='word_1_349' title='bbox 1038 4646 1121 4711; x_wconf 90' lang='lat' dir='ltr'><strong>ab</strong></span> <span class='ocrx_word' id='word_1_350' title='bbox 1178 4668 1254 4712; x_wconf 91' lang='lat' dir='ltr'><strong>eo</strong></span> <span class='ocrx_word' id='word_1_351' title='bbox 1311 4645 1844 4731; x_wconf 85' lang='lat' dir='ltr'><strong>exspectandum.</strong></span> <span class='ocrx_word' id='word_1_352' title='bbox 1938 4646 2292 4730; x_wconf 74' lang='lat' dir='ltr'><strong>Gropperus</strong></span> <span class='ocrx_word' id='word_1_353' title='bbox 2318 4650 2402 4730; x_wconf 88' lang='lat'><strong>¹⁰)</strong></span> <span class='ocrx_word' id='word_1_354' title='bbox 2459 4649 2577 4714; x_wconf 89' lang='lat' dir='ltr'><strong>ali·</strong></span> 
     </span>
    </p>
   </div>
   <div class='ocr_carea' id='block_1_4' title="bbox 638 4783 1025 4798">
    <p class='ocr_par' dir='ltr' id='par_1_6' title="bbox 638 4783 1025 4798">
     <span class='ocr_line' id='line_1_51' title="bbox 638 4783 1025 4798; baseline 0 1369"><span class='ocrx_word' id='word_1_355' title='bbox 638 4783 1025 4798; x_wconf 95' lang='lat' dir='ltr'><strong> </strong></span> 
     </span>
    </p>
   </div>
   <div class='ocr_carea' id='block_1_5' title="bbox 836 4866 2577 5158">
    <p class='ocr_par' dir='ltr' id='par_1_7' title="bbox 836 4866 2577 5158">
     <span class='ocr_line' id='line_1_52' title="bbox 841 4866 2577 4928; baseline 0.003 -7"><span class='ocrx_word' id='word_1_356' title='bbox 841 4866 903 4927; x_wconf 73' lang='lat' dir='ltr'><strong>m</strong></span> <span class='ocrx_word' id='word_1_357' title='bbox 938 4867 1185 4922; x_wconf 63' lang='lat' dir='ltr'><strong>Bonam</strong></span> <span class='ocrx_word' id='word_1_358' title='bbox 1227 4875 1279 4925; x_wconf 68' lang='lat' dir='ltr'><strong><em>d</em></strong></span> <span class='ocrx_word' id='word_1_359' title='bbox 1323 4868 1602 4925; x_wconf 64' lang='lat' dir='ltr'><strong>Genavam</strong></span> <span class='ocrx_word' id='word_1_360' title='bbox 1633 4868 1701 4924; x_wconf 78' lang='lat' dir='ltr'><strong>de</strong></span> <span class='ocrx_word' id='word_1_361' title='bbox 1731 4867 1898 4923; x_wconf 71' lang='lat' dir='ltr'><strong>torris</strong></span> <span class='ocrx_word' id='word_1_362' title='bbox 1929 4867 2204 4925; x_wconf 70' lang='lat' dir='ltr'><strong>Abbatiao</strong></span> <span class='ocrx_word' id='word_1_363' title='bbox 2236 4870 2577 4928; x_wconf 74' lang='lat' dir='ltr'><strong>S.Vietoris.</strong></span> 
     </span>
     <span class='ocr_line' id='line_1_53' title="bbox 836 5073 1390 5158; baseline 0.005 -29"><span class='ocrx_word' id='word_1_364' title='bbox 836 5073 901 5138; x_wconf 80' lang='lat'><strong>8)</strong></span> <span class='ocrx_word' id='word_1_365' title='bbox 936 5082 995 5129; x_wconf 80' lang='grc' dir='ltr'><strong>ιιι</strong></span> <span class='ocrx_word' id='word_1_366' title='bbox 1027 5092 1120 5146; x_wconf 75' lang='lat' dir='ltr'><strong>my</strong></span> <span class='ocrx_word' id='word_1_367' title='bbox 1153 5084 1390 5158; x_wconf 72' lang='lat' dir='ltr'><strong>request.</strong></span> 
     </span>
    </p>
   </div>
   <div class='ocr_carea' id='block_1_6' title="bbox 631 5142 2574 5423">
    <p class='ocr_par' dir='ltr' id='par_1_8' title="bbox 631 5142 2574 5423">
     <span class='ocr_line' id='line_1_54' title="bbox 838 5142 2574 5224; baseline 0.004 -27"><span class='ocrx_word' id='word_1_368' title='bbox 838 5142 900 5224; x_wconf 65' lang='grc'><strong>9)</strong></span> <span class='ocrx_word' id='word_1_369' title='bbox 938 5142 1141 5200; x_wconf 71' lang='lat' dir='ltr'><strong>Postea</strong></span> <span class='ocrx_word' id='word_1_370' title='bbox 1181 5160 1477 5216; x_wconf 63' lang='lat' dir='ltr'><strong>episcopas</strong></span> <span class='ocrx_word' id='word_1_371' title='bbox 1521 5144 1986 5224; x_wconf 62' lang='grc' dir='ltr'><strong>Νωῠιησοιωὼ.</strong></span> <span class='ocrx_word' id='word_1_372' title='bbox 2079 5144 2166 5213; x_wconf 79' lang='lat' dir='ltr'><strong>Cf.</strong></span> <span class='ocrx_word' id='word_1_373' title='bbox 2213 5146 2288 5201; x_wconf 74' lang='lat' dir='ltr'><strong>A.</strong></span> <span class='ocrx_word' id='word_1_374' title='bbox 2334 5147 2574 5217; x_wconf 69' lang='grc' dir='ltr'><strong>Ιαηεοιι,</strong></span> 
     </span>
     <span class='ocr_line' id='line_1_55' title="bbox 631 5207 2573 5299; baseline 0.004 -32"><span class='ocrx_word' id='word_1_375' title='bbox 631 5207 1173 5295; x_wconf 46' lang='grc' dir='ltr'><strong>ὢΙᾳΒοΡῇαα·</strong></span> <span class='ocrx_word' id='word_1_376' title='bbox 1296 5213 2573 5299; x_wconf 42' lang='grc' dir='ltr'><strong>..σοοῆιάοοοῑοειαοοοκοονᾱὲαοσιθῶ</strong></span> 
     </span>
     <span class='ocr_line' id='line_1_56' title="bbox 807 5281 2573 5423; baseline 0.005 -22"><span class='ocrx_word' id='word_1_377' title='bbox 807 5346 901 5416; x_wconf 84' lang='grc' dir='ltr'><strong>ιο)</strong></span> <span class='ocrx_word' id='word_1_378' title='bbox 938 5349 1098 5419; x_wconf 72' lang='lat' dir='ltr'><strong>Prot:</strong></span> <span class='ocrx_word' id='word_1_379' title='bbox 1132 5352 1279 5409; x_wconf 63' lang='lat' dir='ltr'><strong>sum</strong></span> <span class='ocrx_word' id='word_1_380' title='bbox 1310 5281 1967 5415; x_wconf 46' lang='grc' dir='ltr'><strong>οωωκεξαὸιοιξῗῗω.</strong></span> <span class='ocrx_word' id='word_1_381' title='bbox 2037 5351 2314 5423; x_wconf 61' lang='lat' dir='ltr'><strong>(sua-0.</strong></span> <span class='ocrx_word' id='word_1_382' title='bbox 2353 5354 2421 5408; x_wconf 89' lang='lat'><strong>11.</strong></span> <span class='ocrx_word' id='word_1_383' title='bbox 2459 5353 2573 5421; x_wconf 69' lang='grc' dir='ltr'><strong>ιε.)</strong></span> 
     </span>
    </p>
   </div>
   <div class='ocr_carea' id='block_1_7' title="bbox 2186 431 3094 499">
    <p class='ocr_par' dir='ltr' id='par_1_9' title="bbox 2186 431 3094 499">
     <span class='ocr_line' id='line_1_57' title="bbox 2186 431 3094 499; baseline -0.002 0"><span class='ocrx_word' id='word_1_384' title='bbox 2186 431 2710 499; x_wconf 75' lang='grc' dir='ltr'><strong>ΕΡΙΒΤΟΙιΑΕ</strong></span> <span class='ocrx_word' id='word_1_385' title='bbox 2756 434 3094 497; x_wconf 82' lang='lat'>302-304</span> 
     </span>
    </p>
   </div>
   <div class='ocr_carea' id='block_1_8' title="bbox 2628 650 2643 5419">
    <p class='ocr_par' dir='ltr' id='par_1_10' title="bbox 2628 650 2643 5419">
     <span class='ocr_line' id='line_1_58' title="bbox 2628 650 2643 5419; baseline 0 0"><span class='ocrx_word' id='word_1_386' title='bbox 2628 650 2643 5419; x_wconf 95' lang='lat' dir='ltr'><strong> </strong></span> 
     </span>
    </p>
   </div>
   <div class='ocr_carea' id='block_1_9' title="bbox 4503 435 4630 498">
    <p class='ocr_par' dir='ltr' id='par_1_11' title="bbox 4503 435 4630 498">
     <span class='ocr_line' id='line_1_59' title="bbox 4503 435 4630 498; baseline 0.008 -1"><span class='ocrx_word' id='word_1_387' title='bbox 4503 435 4630 498; x_wconf 76' lang='lat'><strong>204</strong></span> 
     </span>
    </p>
   </div>
   <div class='ocr_carea' id='block_1_10' title="bbox 2682 619 4645 2334">
    <p class='ocr_par' dir='ltr' id='par_1_12' title="bbox 2682 619 4645 2334">
     <span class='ocr_line' id='line_1_60' title="bbox 2684 619 4628 704; baseline 0.001 -19"><span class='ocrx_word' id='word_1_388' title='bbox 2684 628 2925 702; x_wconf 87' lang='lat' dir='ltr'><strong>quanto</strong></span> <span class='ocrx_word' id='word_1_389' title='bbox 2966 619 3141 684; x_wconf 86' lang='lat' dir='ltr'><strong>ultra</strong></span> <span class='ocrx_word' id='word_1_390' title='bbox 3182 620 3512 702; x_wconf 85' lang='lat' dir='ltr'><strong>processit.</strong></span> <span class='ocrx_word' id='word_1_391' title='bbox 3611 621 3864 685; x_wconf 89' lang='lat' dir='ltr'><strong>Verum</strong></span> <span class='ocrx_word' id='word_1_392' title='bbox 3917 621 4056 704; x_wconf 88' lang='lat' dir='ltr'><strong>ipsc</strong></span> <span class='ocrx_word' id='word_1_393' title='bbox 4106 640 4359 704; x_wconf 88' lang='lat' dir='ltr'><strong>quoque</strong></span> <span class='ocrx_word' id='word_1_394' title='bbox 4412 639 4497 685; x_wconf 88' lang='lat' dir='ltr'><strong>ex</strong></span> <span class='ocrx_word' id='word_1_395' title='bbox 4549 640 4628 686; x_wconf 91' lang='lat' dir='ltr'><strong>eo</strong></span> 
     </span>
     <span class='ocr_line' id='line_1_61' title="bbox 2682 704 4628 790; baseline 0.001 -20"><span class='ocrx_word' id='word_1_396' title='bbox 2682 705 3021 771; x_wconf 90' lang='lat' dir='ltr'><strong>hominum</strong></span> <span class='ocrx_word' id='word_1_397' title='bbox 3066 725 3322 789; x_wconf 84' lang='lat' dir='ltr'><strong>genere,</strong></span> <span class='ocrx_word' id='word_1_398' title='bbox 3367 705 3482 786; x_wconf 91' lang='lat' dir='ltr'><strong>qui</strong></span> <span class='ocrx_word' id='word_1_399' title='bbox 3525 704 3866 771; x_wconf 90' lang='lat' dir='ltr'><strong>dimidium</strong></span> <span class='ocrx_word' id='word_1_400' title='bbox 3919 706 4135 772; x_wconf 85' lang='lat' dir='ltr'><strong>nescio</strong></span> <span class='ocrx_word' id='word_1_401' title='bbox 4177 704 4336 789; x_wconf 90' lang='lat' dir='ltr'><strong>quid</strong></span> <span class='ocrx_word' id='word_1_402' title='bbox 4379 706 4628 790; x_wconf 84' lang='lat' dir='ltr'><strong>fingere</strong></span> 
     </span>
     <span class='ocr_line' id='line_1_62' title="bbox 2684 788 4628 858; baseline 0.001 -3"><span class='ocrx_word' id='word_1_403' title='bbox 2684 792 3045 856; x_wconf 88' lang='lat' dir='ltr'><strong>moliuntur</strong></span> <span class='ocrx_word' id='word_1_404' title='bbox 3099 790 3272 855; x_wconf 90' lang='lat' dir='ltr'><strong>inter</strong></span> <span class='ocrx_word' id='word_1_405' title='bbox 3330 788 3669 857; x_wconf 83' lang='lat' dir='ltr'><strong>Christum</strong></span> <span class='ocrx_word' id='word_1_406' title='bbox 3732 800 3800 854; x_wconf 88' lang='lat' dir='ltr'><strong>et</strong></span> <span class='ocrx_word' id='word_1_407' title='bbox 3853 791 4189 857; x_wconf 90' lang='lat' dir='ltr'><strong>mundum.</strong></span> <span class='ocrx_word' id='word_1_408' title='bbox 4291 791 4473 857; x_wconf 74' lang='lat' dir='ltr'><strong>&#39;ralis</strong></span> <span class='ocrx_word' id='word_1_409' title='bbox 4526 800 4628 858; x_wconf 82' lang='lat' dir='ltr'><strong>est</strong></span> 
     </span>
     <span class='ocr_line' id='line_1_63' title="bbox 2686 877 4630 962; baseline 0.002 -21"><span class='ocrx_word' id='word_1_410' title='bbox 2686 885 2906 942; x_wconf 89' lang='lat' dir='ltr'><strong>tamen</strong></span> <span class='ocrx_word' id='word_1_411' title='bbox 2940 884 3016 941; x_wconf 90' lang='lat' dir='ltr'><strong>ut</strong></span> <span class='ocrx_word' id='word_1_412' title='bbox 3049 897 3199 941; x_wconf 92' lang='lat' dir='ltr'><strong>cum</strong></span> <span class='ocrx_word' id='word_1_413' title='bbox 3234 898 3309 942; x_wconf 89' lang='lat' dir='ltr'><strong>eo</strong></span> <span class='ocrx_word' id='word_1_414' title='bbox 3345 898 3478 942; x_wconf 90' lang='lat' dir='ltr'><strong>non</strong></span> <span class='ocrx_word' id='word_1_415' title='bbox 3512 877 3653 942; x_wconf 92' lang='lat' dir='ltr'><strong>sine</strong></span> <span class='ocrx_word' id='word_1_416' title='bbox 3687 878 3905 942; x_wconf 88' lang='lat' dir='ltr'><strong>fructu</strong></span> <span class='ocrx_word' id='word_1_417' title='bbox 3939 878 4045 962; x_wconf 87' lang='lat' dir='ltr'><strong>agi</strong></span> <span class='ocrx_word' id='word_1_418' title='bbox 4069 878 4290 960; x_wconf 86' lang='lat' dir='ltr'><strong>possit.</strong></span> <span class='ocrx_word' id='word_1_419' title='bbox 4365 877 4630 943; x_wconf 79' lang='lat' dir='ltr'><strong>Eceium</strong></span> 
     </span>
     <span class='ocr_line' id='line_1_64' title="bbox 2686 961 4630 1045; baseline 0.001 -18"><span class='ocrx_word' id='word_1_420' title='bbox 2686 963 2884 1027; x_wconf 87' lang='lat' dir='ltr'><strong>nosti:</strong></span> <span class='ocrx_word' id='word_1_421' title='bbox 2967 962 3213 1026; x_wconf 88' lang='lat' dir='ltr'><strong>nemini</strong></span> <span class='ocrx_word' id='word_1_422' title='bbox 3291 961 3564 1026; x_wconf 91' lang='lat' dir='ltr'><strong>dubium</strong></span> <span class='ocrx_word' id='word_1_423' title='bbox 3640 972 3743 1027; x_wconf 89' lang='lat' dir='ltr'><strong>est</strong></span> <span class='ocrx_word' id='word_1_424' title='bbox 3811 964 3973 1045; x_wconf 89' lang='lat' dir='ltr'><strong>quin</strong></span> <span class='ocrx_word' id='word_1_425' title='bbox 4033 964 4265 1028; x_wconf 89' lang='lat' dir='ltr'><strong>Davus</strong></span> <span class='ocrx_word' id='word_1_426' title='bbox 4333 962 4443 1028; x_wconf 93' lang='lat' dir='ltr'><strong>ille</strong></span> <span class='ocrx_word' id='word_1_427' title='bbox 4509 984 4630 1029; x_wconf 88' lang='lat' dir='ltr'><strong>sua</strong></span> 
     </span>
     <span class='ocr_line' id='line_1_65' title="bbox 2685 1048 4630 1135; baseline 0.001 -22"><span class='ocrx_word' id='word_1_428' title='bbox 2685 1048 3175 1131; x_wconf 88' lang='lat' dir='ltr'><strong>importunitate</strong></span> <span class='ocrx_word' id='word_1_429' title='bbox 3210 1048 3297 1112; x_wconf 89' lang='lat' dir='ltr'><strong>sit</strong></span> <span class='ocrx_word' id='word_1_430' title='bbox 3331 1049 3551 1112; x_wconf 85' lang='lat' dir='ltr'><strong>omnia</strong></span> <span class='ocrx_word' id='word_1_431' title='bbox 3584 1048 3985 1114; x_wconf 83' lang='lat' dir='ltr'><strong>turbaturus.</strong></span> <span class='ocrx_word' id='word_1_432' title='bbox 4015 1051 4096 1130; x_wconf 77' lang='grc' dir='ltr'><strong>ιι)</strong></span> <span class='ocrx_word' id='word_1_433' title='bbox 4185 1049 4331 1135; x_wconf 87' lang='lat' dir='ltr'><strong>Ego</strong></span> <span class='ocrx_word' id='word_1_434' title='bbox 4365 1049 4630 1132; x_wconf 90' lang='lat' dir='ltr'><strong>quidem</strong></span> 
     </span>
     <span class='ocr_line' id='line_1_66' title="bbox 2685 1132 4628 1217; baseline -0.001 -18"><span class='ocrx_word' id='word_1_435' title='bbox 2685 1155 2820 1199; x_wconf 91' lang='lat' dir='ltr'><strong>non</strong></span> <span class='ocrx_word' id='word_1_436' title='bbox 2842 1133 3048 1199; x_wconf 90' lang='lat' dir='ltr'><strong>audeo</strong></span> <span class='ocrx_word' id='word_1_437' title='bbox 3086 1132 3447 1215; x_wconf 88' lang='lat' dir='ltr'><strong>desperare,</strong></span> <span class='ocrx_word' id='word_1_438' title='bbox 3485 1132 3600 1199; x_wconf 90' lang='lat' dir='ltr'><strong>sed</strong></span> <span class='ocrx_word' id='word_1_439' title='bbox 3633 1135 3841 1199; x_wconf 86' lang='lat' dir='ltr'><strong>facere</strong></span> <span class='ocrx_word' id='word_1_440' title='bbox 3877 1156 4126 1217; x_wconf 89' lang='lat' dir='ltr'><strong>nequeo</strong></span> <span class='ocrx_word' id='word_1_441' title='bbox 4161 1137 4316 1216; x_wconf 93' lang='lat' dir='ltr'><strong>quin</strong></span> <span class='ocrx_word' id='word_1_442' title='bbox 4353 1132 4628 1199; x_wconf 88' lang='lat' dir='ltr'><strong>subinde</strong></span> 
     </span>
     <span class='ocr_line' id='line_1_67' title="bbox 2684 1218 4628 1303; baseline 0.001 -20"><span class='ocrx_word' id='word_1_443' title='bbox 2684 1219 3100 1285; x_wconf 85' lang='lat' dir='ltr'><strong>Wormaciae</strong></span> <span class='ocrx_word' id='word_1_444' title='bbox 3165 1218 3479 1284; x_wconf 87' lang='lat' dir='ltr'><strong>recorder.</strong></span> <span class='ocrx_word' id='word_1_445' title='bbox 3513 1222 3594 1303; x_wconf 81' lang='lat'><strong>¹²)</strong></span> <span class='ocrx_word' id='word_1_446' title='bbox 3696 1221 3892 1285; x_wconf 82' lang='lat' dir='ltr'><strong>Certe</strong></span> <span class='ocrx_word' id='word_1_447' title='bbox 3957 1222 4013 1285; x_wconf 90' lang='lat' dir='ltr'><strong>si</strong></span> <span class='ocrx_word' id='word_1_448' title='bbox 4080 1220 4235 1303; x_wconf 88' lang='lat' dir='ltr'><strong>quid</strong></span> <span class='ocrx_word' id='word_1_449' title='bbox 4299 1219 4628 1302; x_wconf 86' lang='lat' dir='ltr'><strong>praeclare</strong></span> 
     </span>
     <span class='ocr_line' id='line_1_68' title="bbox 2684 1305 4627 1389; baseline 0.001 -19"><span class='ocrx_word' id='word_1_450' title='bbox 2684 1308 2814 1384; x_wconf 87' lang='lat' dir='ltr'><strong>fiet,</strong></span> <span class='ocrx_word' id='word_1_451' title='bbox 2858 1306 2984 1371; x_wconf 87' lang='lat' dir='ltr'><strong>crit</strong></span> <span class='ocrx_word' id='word_1_452' title='bbox 3024 1314 3282 1387; x_wconf 88' lang='lat' dir='ltr'><strong>praeter</strong></span> <span class='ocrx_word' id='word_1_453' title='bbox 3325 1326 3511 1389; x_wconf 90' lang='lat' dir='ltr'><strong>spem</strong></span> <span class='ocrx_word' id='word_1_454' title='bbox 3552 1326 3784 1370; x_wconf 89' lang='lat' dir='ltr'><strong>meam.</strong></span> <span class='ocrx_word' id='word_1_455' title='bbox 3884 1305 4015 1372; x_wconf 92' lang='lat' dir='ltr'><strong>Ubi</strong></span> <span class='ocrx_word' id='word_1_456' title='bbox 4057 1307 4341 1389; x_wconf 89' lang='lat' dir='ltr'><strong>primum</strong></span> <span class='ocrx_word' id='word_1_457' title='bbox 4383 1305 4627 1372; x_wconf 87' lang='lat' dir='ltr'><strong>factum</strong></span> 
     </span>
     <span class='ocr_line' id='line_1_69' title="bbox 2684 1390 4625 1474; baseline 0.001 -19"><span class='ocrx_word' id='word_1_458' title='bbox 2684 1391 2882 1455; x_wconf 90' lang='lat' dir='ltr'><strong>fuerit</strong></span> <span class='ocrx_word' id='word_1_459' title='bbox 2936 1390 3219 1468; x_wconf 88' lang='lat' dir='ltr'><strong>initium,</strong></span> <span class='ocrx_word' id='word_1_460' title='bbox 3274 1391 3514 1456; x_wconf 89' lang='lat' dir='ltr'><strong>certius</strong></span> <span class='ocrx_word' id='word_1_461' title='bbox 3573 1391 3819 1474; x_wconf 86' lang='lat' dir='ltr'><strong>aliquid</strong></span> <span class='ocrx_word' id='word_1_462' title='bbox 3875 1390 4116 1456; x_wconf 91' lang='lat' dir='ltr'><strong>audies.</strong></span> <span class='ocrx_word' id='word_1_463' title='bbox 4220 1391 4405 1456; x_wconf 88' lang='lat' dir='ltr'><strong>Bene</strong></span> <span class='ocrx_word' id='word_1_464' title='bbox 4460 1390 4625 1470; x_wconf 88' lang='lat' dir='ltr'><strong>vale,</strong></span> 
     </span>
     <span class='ocr_line' id='line_1_70' title="bbox 2684 1476 4627 1560; baseline 0 -18"><span class='ocrx_word' id='word_1_465' title='bbox 2684 1478 2926 1559; x_wconf 88' lang='lat' dir='ltr'><strong>optime</strong></span> <span class='ocrx_word' id='word_1_466' title='bbox 3003 1483 3072 1541; x_wconf 89' lang='lat' dir='ltr'><strong>et</strong></span> <span class='ocrx_word' id='word_1_467' title='bbox 3146 1477 3569 1560; x_wconf 84' lang='lat' dir='ltr'><strong>integerrime</strong></span> <span class='ocrx_word' id='word_1_468' title='bbox 3646 1479 3863 1542; x_wconf 86' lang='lat' dir='ltr'><strong>frater.</strong></span> <span class='ocrx_word' id='word_1_469' title='bbox 3987 1478 4310 1544; x_wconf 89' lang='lat' dir='ltr'><strong>Dominus</strong></span> <span class='ocrx_word' id='word_1_470' title='bbox 4375 1488 4442 1542; x_wconf 90' lang='lat' dir='ltr'><strong>te</strong></span> <span class='ocrx_word' id='word_1_471' title='bbox 4513 1476 4627 1542; x_wconf 90' lang='lat' dir='ltr'><strong>diu</strong></span> 
     </span>
     <span class='ocr_line' id='line_1_71' title="bbox 2685 1561 4627 1642; baseline -0.001 -15"><span class='ocrx_word' id='word_1_472' title='bbox 2685 1561 2991 1628; x_wconf 89' lang='lat' dir='ltr'><strong>ecclesiae</strong></span> <span class='ocrx_word' id='word_1_473' title='bbox 3054 1583 3212 1627; x_wconf 90' lang='lat' dir='ltr'><strong>suae</strong></span> <span class='ocrx_word' id='word_1_474' title='bbox 3276 1569 3618 1628; x_wconf 85' lang='lat' dir='ltr'><strong>conservet</strong></span> <span class='ocrx_word' id='word_1_475' title='bbox 3682 1582 3756 1627; x_wconf 90' lang='lat' dir='ltr'><strong>ac</strong></span> <span class='ocrx_word' id='word_1_476' title='bbox 3820 1564 4192 1642; x_wconf 87' lang='lat' dir='ltr'><strong>confirmet,</strong></span> <span class='ocrx_word' id='word_1_477' title='bbox 4269 1584 4404 1627; x_wconf 89' lang='lat' dir='ltr'><strong>una</strong></span> <span class='ocrx_word' id='word_1_478' title='bbox 4478 1583 4627 1628; x_wconf 90' lang='lat' dir='ltr'><strong>cum</strong></span> 
     </span>
     <span class='ocr_line' id='line_1_72' title="bbox 2686 1647 4630 1731; baseline 0.002 -20"><span class='ocrx_word' id='word_1_479' title='bbox 2686 1648 2988 1712; x_wconf 88' lang='lat' dir='ltr'><strong>omnibus</strong></span> <span class='ocrx_word' id='word_1_480' title='bbox 3033 1649 3273 1713; x_wconf 91' lang='lat' dir='ltr'><strong>sanctis</strong></span> <span class='ocrx_word' id='word_1_481' title='bbox 3314 1648 3624 1713; x_wconf 89' lang='lat' dir='ltr'><strong>fratribus</strong></span> <span class='ocrx_word' id='word_1_482' title='bbox 3667 1649 3924 1727; x_wconf 90' lang='lat' dir='ltr'><strong>nostris,</strong></span> <span class='ocrx_word' id='word_1_483' title='bbox 3986 1670 4148 1731; x_wconf 91' lang='lat' dir='ltr'><strong>quos</strong></span> <span class='ocrx_word' id='word_1_484' title='bbox 4194 1668 4420 1713; x_wconf 89' lang='lat' dir='ltr'><strong>omnes</strong></span> <span class='ocrx_word' id='word_1_485' title='bbox 4463 1647 4630 1714; x_wconf 86' lang='lat' dir='ltr'><strong>mihi</strong></span> 
     </span>
     <span class='ocr_line' id='line_1_73' title="bbox 2685 1732 4626 1817; baseline 0.001 -21"><span class='ocrx_word' id='word_1_486' title='bbox 2685 1732 3033 1817; x_wconf 85' lang='lat' dir='ltr'><strong>diligenter</strong></span> <span class='ocrx_word' id='word_1_487' title='bbox 3067 1732 3393 1799; x_wconf 86' lang='lat' dir='ltr'><strong>salutabis.</strong></span> <span class='ocrx_word' id='word_1_488' title='bbox 3477 1734 3628 1798; x_wconf 90' lang='lat' dir='ltr'><strong>Non</strong></span> <span class='ocrx_word' id='word_1_489' title='bbox 3661 1755 3927 1816; x_wconf 90' lang='lat' dir='ltr'><strong>possum</strong></span> <span class='ocrx_word' id='word_1_490' title='bbox 3963 1754 4188 1798; x_wconf 89' lang='lat' dir='ltr'><strong>omnes</strong></span> <span class='ocrx_word' id='word_1_491' title='bbox 4225 1752 4626 1814; x_wconf 90' lang='lat' dir='ltr'><strong>enumerare,</strong></span> 
     </span>
     <span class='ocr_line' id='line_1_74' title="bbox 2686 1819 4629 1903; baseline 0.001 -20"><span class='ocrx_word' id='word_1_492' title='bbox 2686 1828 2759 1883; x_wconf 91' lang='lat' dir='ltr'><strong>tu</strong></span> <span class='ocrx_word' id='word_1_493' title='bbox 2797 1820 3161 1884; x_wconf 86' lang='lat' dir='ltr'><strong>nominatos</strong></span> <span class='ocrx_word' id='word_1_494' title='bbox 3197 1826 3372 1903; x_wconf 88' lang='lat' dir='ltr'><strong>puta.</strong></span> <span class='ocrx_word' id='word_1_495' title='bbox 3472 1819 3753 1885; x_wconf 76' lang='lat' dir='ltr'><strong>Viretum</strong></span> <span class='ocrx_word' id='word_1_496' title='bbox 3785 1819 4030 1885; x_wconf 89' lang='lat' dir='ltr'><strong>crebris</strong></span> <span class='ocrx_word' id='word_1_497' title='bbox 4065 1819 4629 1885; x_wconf 84' lang='lat' dir='ltr'><strong>exhortationibus</strong></span> 
     </span>
     <span class='ocr_line' id='line_1_75' title="bbox 2687 1903 4628 1988; baseline 0 -19"><span class='ocrx_word' id='word_1_498' title='bbox 2687 1905 3054 1983; x_wconf 89' lang='lat' dir='ltr'><strong>sustinebis,</strong></span> <span class='ocrx_word' id='word_1_499' title='bbox 3111 1925 3197 1968; x_wconf 89' lang='lat' dir='ltr'><strong>ne</strong></span> <span class='ocrx_word' id='word_1_500' title='bbox 3240 1906 3530 1970; x_wconf 89' lang='lat' dir='ltr'><strong>animum</strong></span> <span class='ocrx_word' id='word_1_501' title='bbox 3591 1904 3865 1971; x_wconf 89' lang='lat' dir='ltr'><strong>deiiciat.</strong></span> <span class='ocrx_word' id='word_1_502' title='bbox 3972 1904 4366 1988; x_wconf 80' lang='lat' dir='ltr'><strong>Quanquam</strong></span> <span class='ocrx_word' id='word_1_503' title='bbox 4425 1903 4628 1986; x_wconf 91' lang='lat' dir='ltr'><strong>pluri-</strong></span> 
     </span>
     <span class='ocr_line' id='line_1_76' title="bbox 2686 1989 4630 2074; baseline 0.001 -21"><span class='ocrx_word' id='word_1_504' title='bbox 2686 2011 2869 2055; x_wconf 91' lang='lat' dir='ltr'><strong>mum</strong></span> <span class='ocrx_word' id='word_1_505' title='bbox 2911 1990 3005 2055; x_wconf 87' lang='lat' dir='ltr'><strong>fui</strong></span> <span class='ocrx_word' id='word_1_506' title='bbox 3046 1989 3464 2068; x_wconf 88' lang='lat' dir='ltr'><strong>exhilaratus,</strong></span> <span class='ocrx_word' id='word_1_507' title='bbox 3522 2011 3727 2074; x_wconf 88' lang='lat' dir='ltr'><strong>quum</strong></span> <span class='ocrx_word' id='word_1_508' title='bbox 3771 2012 3985 2074; x_wconf 88' lang='lat' dir='ltr'><strong>nuper</strong></span> <span class='ocrx_word' id='word_1_509' title='bbox 4026 1990 4190 2055; x_wconf 89' lang='lat' dir='ltr'><strong>mihi</strong></span> <span class='ocrx_word' id='word_1_510' title='bbox 4244 1990 4630 2056; x_wconf 83' lang='lat' dir='ltr'><strong>nunciatum</strong></span> 
     </span>
     <span class='ocr_line' id='line_1_77' title="bbox 2685 2075 4628 2159; baseline 0.002 -20"><span class='ocrx_word' id='word_1_511' title='bbox 2685 2075 2871 2156; x_wconf 85' lang='lat' dir='ltr'><strong>foret,</strong></span> <span class='ocrx_word' id='word_1_512' title='bbox 2921 2096 3196 2140; x_wconf 89' lang='lat' dir='ltr'><strong>uxorem</strong></span> <span class='ocrx_word' id='word_1_513' title='bbox 3239 2084 3306 2141; x_wconf 90' lang='lat' dir='ltr'><strong>et</strong></span> <span class='ocrx_word' id='word_1_514' title='bbox 3346 2076 3814 2159; x_wconf 90' lang='lat' dir='ltr'><strong>supellectilem</strong></span> <span class='ocrx_word' id='word_1_515' title='bbox 3858 2076 4196 2143; x_wconf 81' lang='lat' dir='ltr'><strong>Genevam</strong></span> <span class='ocrx_word' id='word_1_516' title='bbox 4243 2085 4628 2158; x_wconf 89' lang='lat' dir='ltr'><strong>asportasse.</strong></span> 
     </span>
     <span class='ocr_line' id='line_1_78' title="bbox 2686 2160 4645 2246; baseline 0.001 -20"><span class='ocrx_word' id='word_1_517' title='bbox 2686 2162 2831 2228; x_wconf 90' lang='lat' dir='ltr'><strong>Hoc</strong></span> <span class='ocrx_word' id='word_1_518' title='bbox 2902 2170 3161 2243; x_wconf 86' lang='lat' dir='ltr'><strong>accepto</strong></span> <span class='ocrx_word' id='word_1_519' title='bbox 3226 2162 3464 2227; x_wconf 91' lang='lat' dir='ltr'><strong>nuncio</strong></span> <span class='ocrx_word' id='word_1_520' title='bbox 3531 2163 3709 2246; x_wconf 88' lang='lat' dir='ltr'><strong>coepi</strong></span> <span class='ocrx_word' id='word_1_521' title='bbox 3780 2183 3922 2227; x_wconf 89' lang='lat' dir='ltr'><strong>esse</strong></span> <span class='ocrx_word' id='word_1_522' title='bbox 3991 2163 4215 2228; x_wconf 82' lang='lat' dir='ltr'><strong>minus</strong></span> <span class='ocrx_word' id='word_1_523' title='bbox 4293 2160 4645 2227; x_wconf 82' lang='lat' dir='ltr'><strong>sollicitus.-</strong></span> 
     </span>
     <span class='ocr_line' id='line_1_79' title="bbox 2687 2247 3923 2334; baseline 0.002 -23"><span class='ocrx_word' id='word_1_524' title='bbox 2687 2247 3090 2328; x_wconf 87' lang='lat' dir='ltr'><strong>Ratisponac</strong></span> <span class='ocrx_word' id='word_1_525' title='bbox 3134 2252 3190 2311; x_wconf 87' lang='grc'><strong>8.</strong></span> <span class='ocrx_word' id='word_1_526' title='bbox 3235 2247 3540 2314; x_wconf 90' lang='lat' dir='ltr'><strong>calendas</strong></span> <span class='ocrx_word' id='word_1_527' title='bbox 3584 2248 3815 2314; x_wconf 85' lang='lat' dir='ltr'><strong>Maias.</strong></span> <span class='ocrx_word' id='word_1_528' title='bbox 3843 2247 3923 2334; x_wconf 80' lang='lat'><strong>¹⁸)</strong></span> 
     </span>
    </p>
   </div>
   <div class='ocr_carea' id='block_1_11' title="bbox 3923 2384 4455 2451">
    <p class='ocr_par' dir='ltr' id='par_1_13' title="bbox 3923 2384 4455 2451">
     <span class='ocr_line' id='line_1_80' title="bbox 3923 2384 4455 2451; baseline -0.006 0"><span class='ocrx_word' id='word_1_529' title='bbox 3923 2384 4238 2451; x_wconf 78' lang='lat' dir='ltr'><strong>Calvinus</strong></span> <span class='ocrx_word' id='word_1_530' title='bbox 4282 2391 4455 2449; x_wconf 90' lang='lat' dir='ltr'><strong>tuus.</strong></span> 
     </span>
    </p>
   </div>
   <div class='ocr_carea' id='block_1_12' title="bbox 2681 2588 4632 3878">
    <p class='ocr_par' dir='ltr' id='par_1_14' title="bbox 2681 2588 4632 3878">
     <span class='ocr_line' id='line_1_81' title="bbox 2861 2588 4632 2674; baseline 0.002 -20"><span class='ocrx_word' id='word_1_531' title='bbox 2861 2588 3190 2672; x_wconf 83' lang='lat' dir='ltr'><strong>Scriptum</strong></span> <span class='ocrx_word' id='word_1_532' title='bbox 3227 2598 3328 2654; x_wconf 90' lang='lat' dir='ltr'><strong>est</strong></span> <span class='ocrx_word' id='word_1_533' title='bbox 3362 2590 3489 2656; x_wconf 91' lang='lat' dir='ltr'><strong>huc</strong></span> <span class='ocrx_word' id='word_1_534' title='bbox 3524 2611 3751 2673; x_wconf 89' lang='lat' dir='ltr'><strong>nuper,</strong></span> <span class='ocrx_word' id='word_1_535' title='bbox 3797 2589 4038 2655; x_wconf 87' lang='lat' dir='ltr'><strong>multas</strong></span> <span class='ocrx_word' id='word_1_536' title='bbox 4072 2599 4299 2674; x_wconf 85' lang='lat' dir='ltr'><strong>gentes</strong></span> <span class='ocrx_word' id='word_1_537' title='bbox 4334 2590 4632 2657; x_wconf 75' lang='lat' dir='ltr'><strong>asiaticas</strong></span> 
     </span>
     <span class='ocr_line' id='line_1_82' title="bbox 2689 2674 4631 2760; baseline 0.002 -21"><span class='ocrx_word' id='word_1_538' title='bbox 2689 2695 2728 2738; x_wconf 91' lang='lat' dir='ltr'><strong>a</strong></span> <span class='ocrx_word' id='word_1_539' title='bbox 2771 2676 2987 2740; x_wconf 77' lang='lat' dir='ltr'><strong>Turca</strong></span> <span class='ocrx_word' id='word_1_540' title='bbox 3029 2674 3353 2741; x_wconf 87' lang='lat' dir='ltr'><strong>defecisse.</strong></span> <span class='ocrx_word' id='word_1_541' title='bbox 3443 2676 3670 2759; x_wconf 91' lang='lat' dir='ltr'><strong>Ipsum</strong></span> <span class='ocrx_word' id='word_1_542' title='bbox 3703 2676 3906 2760; x_wconf 85' lang='lat' dir='ltr'><strong>igitur</strong></span> <span class='ocrx_word' id='word_1_543' title='bbox 3940 2674 4218 2741; x_wconf 87' lang='lat' dir='ltr'><strong>detineri</strong></span> <span class='ocrx_word' id='word_1_544' title='bbox 4253 2697 4430 2742; x_wconf 89' lang='lat' dir='ltr'><strong>nunc</strong></span> <span class='ocrx_word' id='word_1_545' title='bbox 4461 2674 4631 2742; x_wconf 91' lang='lat' dir='ltr'><strong>bello</strong></span> 
     </span>
     <span class='ocr_line' id='line_1_83' title="bbox 2686 2760 4632 2845; baseline 0.001 -20"><span class='ocrx_word' id='word_1_546' title='bbox 2686 2761 2956 2844; x_wconf 91' lang='lat' dir='ltr'><strong>persico,</strong></span> <span class='ocrx_word' id='word_1_547' title='bbox 2999 2761 3348 2845; x_wconf 90' lang='lat' dir='ltr'><strong>quominus</strong></span> <span class='ocrx_word' id='word_1_548' title='bbox 3389 2762 3804 2845; x_wconf 84' lang='lat' dir='ltr'><strong>Hungariam</strong></span> <span class='ocrx_word' id='word_1_549' title='bbox 3848 2770 4061 2827; x_wconf 86' lang='lat' dir='ltr'><strong>vexet.</strong></span> <span class='ocrx_word' id='word_1_550' title='bbox 4150 2760 4285 2828; x_wconf 82' lang='lat' dir='ltr'><strong>Sed</strong></span> <span class='ocrx_word' id='word_1_551' title='bbox 4340 2762 4494 2844; x_wconf 88' lang='lat' dir='ltr'><strong>quia</strong></span> <span class='ocrx_word' id='word_1_552' title='bbox 4546 2781 4632 2827; x_wconf 85' lang='lat' dir='ltr'><strong>ex</strong></span> 
     </span>
     <span class='ocr_line' id='line_1_84' title="bbox 2689 2846 4627 2931; baseline 0.001 -20"><span class='ocrx_word' id='word_1_553' title='bbox 2689 2846 3036 2931; x_wconf 89' lang='lat' dir='ltr'><strong>Hungaria</strong></span> <span class='ocrx_word' id='word_1_554' title='bbox 3096 2847 3411 2930; x_wconf 85' lang='lat' dir='ltr'><strong>scriptum</strong></span> <span class='ocrx_word' id='word_1_555' title='bbox 3474 2858 3592 2927; x_wconf 89' lang='lat' dir='ltr'><strong>est,</strong></span> <span class='ocrx_word' id='word_1_556' title='bbox 3658 2848 3775 2912; x_wconf 85' lang='lat' dir='ltr'><strong>vix</strong></span> <span class='ocrx_word' id='word_1_557' title='bbox 3841 2847 4046 2913; x_wconf 88' lang='lat' dir='ltr'><strong>audeo</strong></span> <span class='ocrx_word' id='word_1_558' title='bbox 4109 2848 4307 2913; x_wconf 90' lang='lat' dir='ltr'><strong>fidem</strong></span> <span class='ocrx_word' id='word_1_559' title='bbox 4367 2846 4627 2913; x_wconf 83' lang='lat' dir='ltr'><strong>habere.</strong></span> 
     </span>
     <span class='ocr_line' id='line_1_85' title="bbox 2689 2932 4631 3018; baseline 0 -20"><span class='ocrx_word' id='word_1_560' title='bbox 2689 2932 2898 3017; x_wconf 89' lang='lat' dir='ltr'><strong>Cupio</strong></span> <span class='ocrx_word' id='word_1_561' title='bbox 2955 2933 3167 3016; x_wconf 86' lang='lat' dir='ltr'><strong>magis</strong></span> <span class='ocrx_word' id='word_1_562' title='bbox 3222 2954 3416 3016; x_wconf 87' lang='lat' dir='ltr'><strong>quam</strong></span> <span class='ocrx_word' id='word_1_563' title='bbox 3474 2933 3682 2999; x_wconf 88' lang='lat' dir='ltr'><strong>credo.</strong></span> <span class='ocrx_word' id='word_1_564' title='bbox 3780 2933 3995 2998; x_wconf 90' lang='lat' dir='ltr'><strong>Hodie</strong></span> <span class='ocrx_word' id='word_1_565' title='bbox 4049 2955 4303 3018; x_wconf 92' lang='lat' dir='ltr'><strong>quoque</strong></span> <span class='ocrx_word' id='word_1_566' title='bbox 4357 2932 4631 2998; x_wconf 89' lang='lat' dir='ltr'><strong>allatum</strong></span> 
     </span>
     <span class='ocr_line' id='line_1_86' title="bbox 2687 3016 4629 3104; baseline 0 -21"><span class='ocrx_word' id='word_1_567' title='bbox 2687 3028 2805 3096; x_wconf 88' lang='lat' dir='ltr'><strong>est,</strong></span> <span class='ocrx_word' id='word_1_568' title='bbox 2851 3018 3239 3084; x_wconf 87' lang='lat' dir='ltr'><strong>monachum</strong></span> <span class='ocrx_word' id='word_1_569' title='bbox 3286 3020 3395 3102; x_wconf 92' lang='lat' dir='ltr'><strong>qui</strong></span> <span class='ocrx_word' id='word_1_570' title='bbox 3433 3021 3622 3104; x_wconf 86' lang='lat' dir='ltr'><strong>regni</strong></span> <span class='ocrx_word' id='word_1_571' title='bbox 3656 3020 4194 3104; x_wconf 87' lang='lat' dir='ltr'><strong>gubernationem</strong></span> <span class='ocrx_word' id='word_1_572' title='bbox 4229 3040 4347 3104; x_wconf 91' lang='lat' dir='ltr'><strong>pro</strong></span> <span class='ocrx_word' id='word_1_573' title='bbox 4382 3016 4629 3102; x_wconf 83' lang='lat' dir='ltr'><strong>pupillo</strong></span> 
     </span>
     <span class='ocr_line' id='line_1_87' title="bbox 2686 3103 4630 3189; baseline 0.001 -21"><span class='ocrx_word' id='word_1_574' title='bbox 2686 3114 3058 3187; x_wconf 89' lang='lat' dir='ltr'><strong>susceperat</strong></span> <span class='ocrx_word' id='word_1_575' title='bbox 3092 3126 3132 3168; x_wconf 93' lang='lat' dir='ltr'><strong>a</strong></span> <span class='ocrx_word' id='word_1_576' title='bbox 3163 3106 3301 3170; x_wconf 89' lang='lat' dir='ltr'><strong>suis</strong></span> <span class='ocrx_word' id='word_1_577' title='bbox 3335 3116 3613 3189; x_wconf 82' lang='lat' dir='ltr'><strong>captum.</strong></span> <span class='ocrx_word' id='word_1_578' title='bbox 3701 3104 3932 3187; x_wconf 85' lang='lat' dir='ltr'><strong>Itaque</strong></span> <span class='ocrx_word' id='word_1_579' title='bbox 3967 3126 4095 3169; x_wconf 89' lang='lat' dir='ltr'><strong>non</strong></span> <span class='ocrx_word' id='word_1_580' title='bbox 4131 3103 4434 3170; x_wconf 89' lang='lat' dir='ltr'><strong>dubitant</strong></span> <span class='ocrx_word' id='word_1_581' title='bbox 4467 3103 4630 3188; x_wconf 87' lang='lat' dir='ltr'><strong>quin</strong></span> 
     </span>
     <span class='ocr_line' id='line_1_88' title="bbox 2686 3189 4630 3274; baseline 0.001 -21"><span class='ocrx_word' id='word_1_582' title='bbox 2686 3190 2812 3255; x_wconf 92' lang='lat' dir='ltr'><strong>ista</strong></span> <span class='ocrx_word' id='word_1_583' title='bbox 2875 3190 3206 3256; x_wconf 87' lang='lat' dir='ltr'><strong>occasione</strong></span> <span class='ocrx_word' id='word_1_584' title='bbox 3257 3191 3451 3256; x_wconf 88' lang='lat' dir='ltr'><strong>Buda</strong></span> <span class='ocrx_word' id='word_1_585' title='bbox 3502 3192 3571 3256; x_wconf 91' lang='lat' dir='ltr'><strong>in</strong></span> <span class='ocrx_word' id='word_1_586' title='bbox 3637 3199 4021 3274; x_wconf 88' lang='lat' dir='ltr'><strong>potestatem</strong></span> <span class='ocrx_word' id='word_1_587' title='bbox 4078 3190 4479 3257; x_wconf 73' lang='lat' dir='ltr'><strong>Fordinandi</strong></span> <span class='ocrx_word' id='word_1_588' title='bbox 4541 3189 4630 3255; x_wconf 90' lang='lat' dir='ltr'><strong>sit</strong></span> 
     </span>
     <span class='ocr_line' id='line_1_89' title="bbox 2685 3274 4629 3361; baseline 0.001 -21"><span class='ocrx_word' id='word_1_589' title='bbox 2685 3284 2986 3341; x_wconf 86' lang='lat' dir='ltr'><strong>ventura.</strong></span> <span class='ocrx_word' id='word_1_590' title='bbox 3055 3274 3388 3343; x_wconf 88' lang='lat' dir='ltr'><strong>Dicuntur</strong></span> <span class='ocrx_word' id='word_1_591' title='bbox 3407 3277 3602 3341; x_wconf 88' lang='lat' dir='ltr'><strong>multi</strong></span> <span class='ocrx_word' id='word_1_592' title='bbox 3622 3277 3862 3342; x_wconf 89' lang='lat' dir='ltr'><strong>milites</strong></span> <span class='ocrx_word' id='word_1_593' title='bbox 3897 3277 3968 3341; x_wconf 90' lang='lat' dir='ltr'><strong>in</strong></span> <span class='ocrx_word' id='word_1_594' title='bbox 3994 3298 4224 3361; x_wconf 87' lang='lat' dir='ltr'><strong>agrum</strong></span> <span class='ocrx_word' id='word_1_595' title='bbox 4246 3275 4629 3342; x_wconf 79' lang='lat' dir='ltr'><strong>Bremensis</strong></span> 
     </span>
     <span class='ocr_line' id='line_1_90' title="bbox 2686 3362 4628 3446; baseline 0 -20"><span class='ocrx_word' id='word_1_596' title='bbox 2686 3362 3098 3446; x_wconf 87' lang='lat' dir='ltr'><strong>episcopatus</strong></span> <span class='ocrx_word' id='word_1_597' title='bbox 3132 3364 3495 3429; x_wconf 83' lang='lat' dir='ltr'><strong>convenire.</strong></span> <span class='ocrx_word' id='word_1_598' title='bbox 3586 3362 3978 3445; x_wconf 79' lang='lat' dir='ltr'><strong>Quanquam</strong></span> <span class='ocrx_word' id='word_1_599' title='bbox 4022 3363 4148 3446; x_wconf 89' lang='lat' dir='ltr'><strong>ipsi</strong></span> <span class='ocrx_word' id='word_1_600' title='bbox 4189 3383 4322 3428; x_wconf 91' lang='lat' dir='ltr'><strong>non</strong></span> <span class='ocrx_word' id='word_1_601' title='bbox 4361 3382 4520 3445; x_wconf 90' lang='lat' dir='ltr'><strong>prae</strong></span> <span class='ocrx_word' id='word_1_602' title='bbox 4554 3380 4628 3426; x_wconf 88' lang='lat' dir='ltr'><strong>se</strong></span> 
     </span>
     <span class='ocr_line' id='line_1_91' title="bbox 2685 3448 4629 3533; baseline -0.001 -21"><span class='ocrx_word' id='word_1_603' title='bbox 2685 3448 2921 3527; x_wconf 88' lang='lat' dir='ltr'><strong>ferunt,</strong></span> <span class='ocrx_word' id='word_1_604' title='bbox 2966 3448 3153 3515; x_wconf 89' lang='lat' dir='ltr'><strong>ouius</strong></span> <span class='ocrx_word' id='word_1_605' title='bbox 3197 3449 3488 3530; x_wconf 88' lang='lat' dir='ltr'><strong>auspicia</strong></span> <span class='ocrx_word' id='word_1_606' title='bbox 3529 3460 3903 3533; x_wconf 87' lang='lat' dir='ltr'><strong>sequantur,</strong></span> <span class='ocrx_word' id='word_1_607' title='bbox 3948 3449 4362 3530; x_wconf 89' lang='lat' dir='ltr'><strong>suspicantur</strong></span> <span class='ocrx_word' id='word_1_608' title='bbox 4403 3455 4629 3512; x_wconf 85' lang='lat' dir='ltr'><strong>tamen</strong></span> 
     </span>
     <span class='ocr_line' id='line_1_92' title="bbox 2686 3532 4626 3601; baseline 0.001 -3"><span class='ocrx_word' id='word_1_609' title='bbox 2686 3534 2873 3599; x_wconf 90' lang='lat' dir='ltr'><strong>multi</strong></span> <span class='ocrx_word' id='word_1_610' title='bbox 2899 3533 3284 3600; x_wconf 71' lang='lat' dir='ltr'><strong>Hearichum</strong></span> <span class='ocrx_word' id='word_1_611' title='bbox 3316 3543 3613 3600; x_wconf 89' lang='lat' dir='ltr'><strong>nostrum</strong></span> <span class='ocrx_word' id='word_1_612' title='bbox 3647 3535 4198 3601; x_wconf 89' lang='lat' dir='ltr'><strong>Brunsvicensem</strong></span> <span class='ocrx_word' id='word_1_613' title='bbox 4232 3553 4375 3599; x_wconf 86' lang='lat' dir='ltr'><strong>esse</strong></span> <span class='ocrx_word' id='word_1_614' title='bbox 4409 3532 4626 3599; x_wconf 90' lang='lat' dir='ltr'><strong>archi·</strong></span> 
     </span>
     <span class='ocr_line' id='line_1_93' title="bbox 2685 3619 4625 3704; baseline 0.001 -20"><span class='ocrx_word' id='word_1_615' title='bbox 2685 3630 2957 3686; x_wconf 84' lang='lat' dir='ltr'><strong>tectum:</strong></span> <span class='ocrx_word' id='word_1_616' title='bbox 3016 3639 3170 3685; x_wconf 86' lang='lat' dir='ltr'><strong>nam</strong></span> <span class='ocrx_word' id='word_1_617' title='bbox 3213 3620 3414 3686; x_wconf 88' lang='lat' dir='ltr'><strong>iidem</strong></span> <span class='ocrx_word' id='word_1_618' title='bbox 3457 3632 3613 3687; x_wconf 90' lang='lat' dir='ltr'><strong>sunt</strong></span> <span class='ocrx_word' id='word_1_619' title='bbox 3654 3620 3850 3687; x_wconf 92' lang='lat' dir='ltr'><strong>duces</strong></span> <span class='ocrx_word' id='word_1_620' title='bbox 3906 3641 4068 3704; x_wconf 90' lang='lat' dir='ltr'><strong>quos</strong></span> <span class='ocrx_word' id='word_1_621' title='bbox 4125 3628 4320 3685; x_wconf 79' lang='lat' dir='ltr'><strong>antea</strong></span> <span class='ocrx_word' id='word_1_622' title='bbox 4372 3619 4447 3683; x_wconf 92' lang='lat' dir='ltr'><strong>in</strong></span> <span class='ocrx_word' id='word_1_623' title='bbox 4505 3637 4625 3685; x_wconf 84' lang='lat' dir='ltr'><strong>nos</strong></span> 
     </span>
     <span class='ocr_line' id='line_1_94' title="bbox 2684 3705 4623 3790; baseline 0 -19"><span class='ocrx_word' id='word_1_624' title='bbox 2684 3717 3070 3772; x_wconf 86' lang='lat' dir='ltr'><strong>armaverat.</strong></span> <span class='ocrx_word' id='word_1_625' title='bbox 3160 3705 3237 3773; x_wconf 81' lang='lat' dir='ltr'><strong>Si</strong></span> <span class='ocrx_word' id='word_1_626' title='bbox 3274 3710 3418 3789; x_wconf 91' lang='lat' dir='ltr'><strong>quis</strong></span> <span class='ocrx_word' id='word_1_627' title='bbox 3453 3708 3577 3772; x_wconf 87' lang='lat' dir='ltr'><strong>erit</strong></span> <span class='ocrx_word' id='word_1_628' title='bbox 3618 3706 3956 3783; x_wconf 88' lang='lat' dir='ltr'><strong>tumultus,</strong></span> <span class='ocrx_word' id='word_1_629' title='bbox 3994 3707 4354 3790; x_wconf 82' lang='lat' dir='ltr'><strong>periculum</strong></span> <span class='ocrx_word' id='word_1_630' title='bbox 4399 3712 4502 3771; x_wconf 81' lang='lat' dir='ltr'><strong>est</strong></span> <span class='ocrx_word' id='word_1_631' title='bbox 4537 3723 4623 3771; x_wconf 81' lang='lat' dir='ltr'><strong>ne</strong></span> 
     </span>
     <span class='ocr_line' id='line_1_95' title="bbox 2681 3793 3981 3878; baseline -0.002 -19"><span class='ocrx_word' id='word_1_632' title='bbox 2681 3793 3081 3859; x_wconf 89' lang='lat' dir='ltr'><strong>occasionem</strong></span> <span class='ocrx_word' id='word_1_633' title='bbox 3123 3794 3382 3878; x_wconf 84' lang='lat' dir='ltr'><strong>magnis</strong></span> <span class='ocrx_word' id='word_1_634' title='bbox 3425 3793 3611 3859; x_wconf 86' lang='lat' dir='ltr'><strong>bellis</strong></span> <span class='ocrx_word' id='word_1_635' title='bbox 3653 3795 3981 3876; x_wconf 88' lang='lat' dir='ltr'><strong>praebeat.</strong></span> 
     </span>
    </p>
   </div>
   <div class='ocr_carea' id='block_1_13' title="bbox 3163 4237 4142 4435">
    <p class='ocr_par' dir='ltr' id='par_1_15' title="bbox 3163 4237 4142 4435">
     <span class='ocr_line' id='line_1_96' title="bbox 3574 4237 3726 4309; baseline 0.013 -2"><span class='ocrx_word' id='word_1_636' title='bbox 3574 4237 3726 4309; x_wconf 77' lang='lat'><strong>3⁰3.</strong></span> 
     </span>
     <span class='ocr_line' id='line_1_97' title="bbox 3163 4365 4142 4435; baseline 0 -2"><span class='ocrx_word' id='word_1_637' title='bbox 3163 4365 3638 4435; x_wconf 76' lang='lat' dir='ltr'>TOSSANUS</span> <span class='ocrx_word' id='word_1_638' title='bbox 3683 4366 4142 4434; x_wconf 79' lang='lat' dir='ltr'><strong>FARELLO.</strong></span> 
     </span>
    </p>
   </div>
   <div class='ocr_carea' id='block_1_14' title="bbox 2679 4529 4618 4682">
    <p class='ocr_par' dir='ltr' id='par_1_16' title="bbox 2679 4529 4618 4682">
     <span class='ocr_line' id='line_1_98' title="bbox 2679 4529 4618 4682; baseline 0.002 -87"><span class='ocrx_word' id='word_1_639' title='bbox 2679 4619 2705 4681; x_wconf 61' lang='lat' dir='ltr'><strong><em>t</em></strong></span> <span class='ocrx_word' id='word_1_640' title='bbox 2780 4530 3147 4682; x_wconf 63' lang='lat' dir='ltr'><strong>ndoGrynaeo</strong></span> <span class='ocrx_word' id='word_1_641' title='bbox 3187 4532 3441 4614; x_wconf 78' lang='lat' dir='ltr'><strong>scripsit</strong></span> <span class='ocrx_word' id='word_1_642' title='bbox 3494 4533 3570 4598; x_wconf 82' lang='lat' dir='ltr'><strong>de</strong></span> <span class='ocrx_word' id='word_1_643' title='bbox 3620 4529 3877 4597; x_wconf 78' lang='lat' dir='ltr'><strong>Calvino</strong></span> <span class='ocrx_word' id='word_1_644' title='bbox 3926 4531 4384 4599; x_wconf 62' lang='lat' dir='ltr'><strong>Genevensihus</strong></span> <span class='ocrx_word' id='word_1_645' title='bbox 4438 4532 4618 4599; x_wconf 70' lang='lat' dir='ltr'><strong>resti-</strong></span> 
     </span>
     <span class='ocr_line' id='line_1_99' title="bbox 2703 4636 2918 4682; baseline -0.009 0"><span class='ocrx_word' id='word_1_646' title='bbox 2703 4636 2779 4682; x_wconf 77' lang='lat' dir='ltr'><strong>ue</strong></span> <span class='ocrx_word' id='word_1_647' title='bbox 2904 4666 2918 4680; x_wconf 96' lang='lat'><strong>.</strong></span> 
     </span>
    </p>
   </div>
   <div class='ocr_carea' id='block_1_15' title="bbox 2796 4786 4514 4858">
    <p class='ocr_par' dir='ltr' id='par_1_17' title="bbox 2796 4786 4514 4858">
     <span class='ocr_line' id='line_1_100' title="bbox 2796 4786 4514 4858; baseline 0.001 -17"><span class='ocrx_word' id='word_1_648' title='bbox 2796 4787 2909 4851; x_wconf 83' lang='lat' dir='ltr'><strong>(Ex</strong></span> <span class='ocrx_word' id='word_1_649' title='bbox 2944 4786 3279 4858; x_wconf 79' lang='lat' dir='ltr'><strong>autographo</strong></span> <span class='ocrx_word' id='word_1_650' title='bbox 3315 4786 3676 4842; x_wconf 85' lang='lat' dir='ltr'><strong>bibliothecae</strong></span> <span class='ocrx_word' id='word_1_651' title='bbox 3711 4792 3990 4857; x_wconf 86' lang='lat' dir='ltr'><strong>pastorum</strong></span> <span class='ocrx_word' id='word_1_652' title='bbox 4024 4788 4076 4842; x_wconf 84' lang='lat' dir='ltr'>N</span> <span class='ocrx_word' id='word_1_653' title='bbox 4078 4789 4514 4853; x_wconf 84' lang='lat' dir='ltr'><strong>cocomensium.)</strong></span> 
     </span>
    </p>
   </div>
   <div class='ocr_carea' id='block_1_16' title="bbox 2895 4895 3089 4904">
    <p class='ocr_par' dir='ltr' id='par_1_18' title="bbox 2895 4895 3089 4904">
     <span class='ocr_line' id='line_1_101' title="bbox 2895 4895 3089 4904; baseline 0 0"><span class='ocrx_word' id='word_1_654' title='bbox 2895 4895 3089 4904; x_wconf 95' lang='lat' dir='ltr'><strong> </strong></span> 
     </span>
    </p>
   </div>
   <div class='ocr_carea' id='block_1_17' title="bbox 2680 4896 4620 5425">
    <p class='ocr_par' dir='ltr' id='par_1_19' title="bbox 2859 4896 4619 5011">
     <span class='ocr_line' id='line_1_102' title="bbox 2859 4896 4619 5011; baseline 0.001 -17"><span class='ocrx_word' id='word_1_655' title='bbox 2859 4896 2979 5007; x_wconf 62' lang='lat'><strong>⁶11)</strong></span> <span class='ocrx_word' id='word_1_656' title='bbox 3017 4940 3106 4996; x_wconf 74' lang='lat' dir='ltr'><strong>De</strong></span> <span class='ocrx_word' id='word_1_657' title='bbox 3137 4940 3239 4996; x_wconf 59' lang='lat'><strong>1³0⁶</strong></span> <span class='ocrx_word' id='word_1_658' title='bbox 3269 4940 4432 4998; x_wconf 62' lang='lat' dir='ltr'><strong>Bmcaramcamoumeoeaassmkam:</strong></span> <span class='ocrx_word' id='word_1_659' title='bbox 4470 4940 4619 5011; x_wconf 64' lang='lat' dir='ltr'><strong>Quae</strong></span> 
     </span>
    </p>

    <p class='ocr_par' dir='ltr' id='par_1_20' title="bbox 2680 5010 4620 5135">
     <span class='ocr_line' id='line_1_103' title="bbox 2680 5010 4620 5135; baseline 0.001 -3"><span class='ocrx_word' id='word_1_660' title='bbox 2680 5016 2865 5133; x_wconf 52' lang='lat'><strong>&amp;²⁸²</strong></span> <span class='ocrx_word' id='word_1_661' title='bbox 2899 5026 3179 5133; x_wconf 53' lang='lat' dir='ltr'><strong>⁰:³⁸⁰th</strong></span> <span class='ocrx_word' id='word_1_662' title='bbox 3197 5012 3918 5135; x_wconf 48' lang='lat' dir='ltr'><strong>izmffimffiafflmffi</strong></span> <span class='ocrx_word' id='word_1_663' title='bbox 3935 5013 4328 5135; x_wconf 55' lang='lat' dir='ltr'><strong>q⁰ii1¹¹r⁵¹a⁶i2fss³¹t⁸</strong></span> <span class='ocrx_word' id='word_1_664' title='bbox 4349 5010 4620 5134; x_wconf 49' lang='lat' dir='ltr'><strong>afflui:</strong></span> 
     </span>
    </p>

    <p class='ocr_par' dir='ltr' id='par_1_21' title="bbox 2720 5095 4619 5297">
     <span class='ocr_line' id='line_1_104' title="bbox 2720 5095 4619 5272; baseline 0.002 -71"><span class='ocrx_word' id='word_1_665' title='bbox 2720 5095 3040 5272; x_wconf 34' lang='lat' dir='ltr'><strong>uaiiis‘ullgm</strong></span> <span class='ocrx_word' id='word_1_666' title='bbox 3076 5098 3406 5272; x_wconf 46' lang='lat' dir='ltr'><strong>religigxiem.</strong></span> <span class='ocrx_word' id='word_1_667' title='bbox 3489 5147 3682 5220; x_wconf 75' lang='lat' dir='ltr'><strong>(Gorp.</strong></span> <span class='ocrx_word' id='word_1_668' title='bbox 3760 5120 3775 5144; x_wconf 55' lang='lat'><strong>⁹</strong></span> <span class='ocrx_word' id='word_1_669' title='bbox 3840 5189 3855 5203; x_wconf 92' lang='lat'><strong>.</strong></span> <span class='ocrx_word' id='word_1_670' title='bbox 3904 5150 3931 5205; x_wconf 93' lang='lat'>1</span> <span class='ocrx_word' id='word_1_671' title='bbox 3992 5191 4003 5203; x_wconf 91' lang='lat'><strong>.</strong></span> <span class='ocrx_word' id='word_1_672' title='bbox 4055 5147 4155 5204; x_wconf 84' lang='lat'><strong>185</strong></span> <span class='ocrx_word' id='word_1_673' title='bbox 4197 5148 4297 5205; x_wconf 75' lang='lat' dir='ltr'><strong>ubi</strong></span> <span class='ocrx_word' id='word_1_674' title='bbox 4340 5149 4506 5206; x_wconf 65' lang='lat' dir='ltr'><strong>aiam</strong></span> <span class='ocrx_word' id='word_1_675' title='bbox 4549 5147 4619 5204; x_wconf 69' lang='lat' dir='ltr'><strong>dc</strong></span> 
     </span>
     <span class='ocr_line' id='line_1_105' title="bbox 3083 5232 3330 5297; baseline 0 0"><span class='ocrx_word' id='word_1_676' title='bbox 3083 5285 3095 5297; x_wconf 90' lang='lat'><strong>.</strong></span> <span class='ocrx_word' id='word_1_677' title='bbox 3171 5232 3218 5286; x_wconf 74' lang='grc' dir='ltr'><em>Ρ</em></span> <span class='ocrx_word' id='word_1_678' title='bbox 3316 5256 3330 5272; x_wconf 93' lang='grc'><em>·</em></span> 
     </span>
    </p>

    <p class='ocr_par' dir='ltr' id='par_1_22' title="bbox 2884 5284 3789 5425">
     <span class='ocr_line' id='line_1_106' title="bbox 2884 5284 3789 5425; baseline 0.003 -16"><span class='ocrx_word' id='word_1_679' title='bbox 2884 5284 2978 5422; x_wconf 58' lang='lat' dir='ltr'><strong>{g}</strong></span> <span class='ocrx_word' id='word_1_680' title='bbox 3013 5285 3272 5413; x_wconf 48' lang='lat' dir='ltr'><strong>1¹3&amp;ss</strong></span> <span class='ocrx_word' id='word_1_681' title='bbox 3302 5285 3789 5425; x_wconf 47' lang='grc'><strong>53331541.</strong></span> 
     </span>
    </p>
   </div>
  </div>
 </body>
</html>
