5050 6167
572 392 716 513 '2⁷1

766 633 1165 701 Clarissimis
1218 632 1377 699 viris
1434 630 1746 717 Syndicis
1812 639 2006 712 atque
2078 627 2195 691 toti
2260 625 2540 692 Senatui

595 720 990 873 rgilggffliscae
1060 718 1475 785 Genevatum
1541 715 1847 782 Dominis
1928 713 2063 780 suis
2128 730 2541 793 summopere

770 943 1008 1008 Gratia
1061 952 1128 1006 et
1180 962 1307 1024 pax
1365 961 1405 1004 a
1460 940 1774 1014 Domino,
1831 937 1959 1002 viri
2012 933 2407 1000 ornatissimi
2467 952 2544 996 ac

598 1027 1099 1114 religiosissimi!

770 1138 976 1203 Venit
1018 1136 1281 1203 tandem
1327 1137 1410 1203 ad
1448 1158 1562 1202 vos
1608 1134 1925 1209 Calvinae,
1953 1132 2003 1213 ¹)
2039 1131 2350 1196 eximium
2392 1149 2542 1211 pro-

599 1226 766 1293 fecto
810 1231 880 1289 et
921 1224 1360 1302 rarissimum,
1416 1222 1522 1289 cui
1577 1223 1687 1286 vix
1744 1218 2135 1295 secundum,
2202 1219 2258 1282 si
2322 1224 2544 1278 tamen

602 1309 963 1378 secundum
1021 1309 1249 1386 ullum,
1309 1329 1628 1392 organum
1674 1305 1921 1371 Christi
1965 1300 2156 1368 hodie
2202 1301 2385 1366 nobis
2430 1322 2545 1363 ex-

606 1404 767 1473 stat,
837 1396 891 1461 si
947 1395 1232 1460 maxime
1285 1394 1495 1460 zelum
1552 1402 1617 1458 et
1674 1390 2062 1456 industriam
2109 1384 2547 1453 aedificandae

603 1482 910 1549 ecclesiae
984 1488 1053 1547 et
1119 1479 1496 1547 facultatem
1559 1476 1865 1560 spectetis
1930 1475 2191 1558 scriptis
2263 1490 2547 1555 propug-

602 1566 860 1634 nandae
932 1576 1000 1631 et
1054 1565 1403 1632 ornandae.
1506 1562 1640 1645 Qui
1696 1564 1863 1629 sicut
1923 1561 2269 1626 universae
2334 1558 2427 1621 ita
2483 1565 2551 1619 et

602 1662 881 1729 vestrae,
927 1653 983 1717 si
1024 1673 1100 1717 ea
1142 1651 1448 1716 idoneum
1486 1649 1684 1715 alium
1707 1656 2037 1730 pastorem
2059 1642 2302 1710 habere
2337 1650 2547 1727 queat,

601 1739 712 1806 hic
776 1737 1040 1804 indubie
1094 1737 1461 1822 prodesset,
1518 1742 1586 1801 et
1635 1733 2011 1818 plurimum.
2117 1730 2321 1795 Venit
2370 1748 2547 1811 ergo,

604 1824 911 1891 dimissus
954 1823 1209 1888 ratione
1253 1844 1333 1888 ea
1373 1842 1568 1904 quam
1603 1828 1828 1885 noster
1863 1816 2152 1884 Senatus
2186 1813 2549 1898 perscribit,

603 1919 682 1977 ut
724 1909 1035 1974 nimirum
1078 1908 1318 1974 redeat.
1423 1905 1557 1973 Sed
1615 1906 1756 1971 sive
1810 1901 2062 1980 redeat,
2126 1900 2297 1984 quod
2362 1919 2551 1982 prae-

606 2004 783 2063 stare
834 1996 1101 2060 omnino
1160 1993 1513 2070 credimus,
1581 1995 1718 2057 sive
1775 1996 2040 2054 maneat
2094 1988 2271 2064 istic,
2331 1985 2552 2050 audite

606 2103 777 2160 eum,
821 2081 929 2147 vol
1020 2082 1188 2145 otius
1243 2081 1312 2143 in
1372 2098 1448 2144 eo
1506 2076 1880 2151 Christum,
1937 2081 2012 2138 ut
2054 2071 2377 2156 imprimis
2420 2070 2552 2135 dis-

606 2167 913 2251 ciplinam
1018 2165 1226 2243 hristi,
1273 2164 1413 2229 eius
1456 2172 1525 2228 et
1567 2162 1842 2227 aliorum
1885 2160 2158 2224 fratrum
2208 2156 2552 2233 sententia,

606 2252 1020 2319 constituatis
1085 2262 1152 2315 et
1215 2250 1487 2316 servetis
1547 2266 1832 2330 quoque,
1900 2266 2021 2310 nec
2079 2246 2281 2309 vestri
2336 2242 2555 2326 potius

606 2359 802 2421 quam
847 2338 1035 2420 regni
1095 2335 1345 2403 Christi
1404 2332 1654 2421 [causa]
1714 2330 2112 2415 expetivisse
2171 2349 2320 2394 eum
2372 2325 2554 2393 vide-

606 2423 827 2488 amini.
933 2421 1281 2504 Quumque
1339 2419 1685 2487 Christum
1742 2417 1824 2482 ab
1878 2416 2000 2482 hoc
2056 2414 2303 2480 discere
2367 2414 2554 2478 insti-

608 2509 811 2587 tuitis,
857 2509 1153 2591 cogitate,
1199 2516 1273 2571 ut
1316 2505 1565 2572 Christi
1609 2525 1741 2568 non
1786 2502 1930 2581 fuit,
1975 2503 2069 2566 ita
2090 2522 2209 2566 nec
2233 2498 2553 2565 Christia-

606 2616 845 2659 norum
903 2614 1043 2659 esse
1100 2592 1451 2676 quidquam
1496 2600 1788 2673 spectare
1836 2596 1951 2652 aut
2009 2606 2319 2669 quaerere
2376 2583 2555 2649 aliud

607 2699 803 2764 quam
840 2679 1111 2763 gloriam
1150 2679 1357 2762 patris
1391 2675 1703 2742 coelestis.
1762 2673 1982 2738 Huius
2005 2670 2308 2736 voluntas
2333 2680 2557 2735 vestra

607 2766 803 2845 salus,
850 2766 1046 2830 huius
1088 2764 1473 2847 glorificatio
1516 2771 1817 2826 vestrum
1859 2757 2056 2823 decus
2098 2766 2215 2822 est.
2279 2756 2554 2832 Malum,

607 2873 650 2917 a
691 2869 1076 2934 quocunque
1121 2851 1365 2926 veniat,
1416 2867 1551 2911 non
1606 2846 1735 2910 nisi
1786 2845 1954 2911 bono
2008 2844 2188 2909 vinci
2232 2849 2447 2925 potest
2490 2848 2557 2905 et

605 2938 665 3004 is
774 2936 920 3002 lura
982 2955 1240 3016 semper
1306 2934 1595 3000 lucratur
1654 2930 1768 3014 qui
1829 2928 2075 2995 Christi
2131 2949 2325 2994 causa
2367 2927 2557 3010 plura

693 2958 983 3097 rgiderit,
1038 3042 1224 3104 opes,
1278 3018 1667 3103 potentiam,
1727 3016 2032 3081 animam.
2131 3013 2346 3079 Multa
2401 3020 2557 3078 sunt

606 3044 844 3174 {geom
899 3107 1118 3183 vebia,
1184 3105 1532 3189 magnifice
1595 3103 1751 3169 fecit
1806 3101 2130 3166 Dominus
2199 3098 2554 3165 vobiscum.

608 3193 786 3260 Huic
830 3192 1001 3276 grati
1046 3213 1189 3257 esse
1231 3189 1505 3256 studete.
1572 3187 1895 3253 Iniuriam
1926 3186 2098 3250 ferre
2134 3193 2201 3250 et
2227 3184 2556 3252 beneficiis

609 3298 1051 3362 compensare,
1096 3277 1435 3360 proprium
1481 3273 2010 3340 Christianorum
2053 3292 2194 3337 esse
2236 3271 2554 3355 cogitetis.

609 3364 940 3430 Dominus
993 3362 1235 3447 dirigat
1288 3369 1355 3427 et
1411 3359 1678 3426 adiuvet
1736 3380 1846 3424 vos
1920 3367 1999 3423 ut
2062 3356 2556 3423 sanctificationi

610 3449 898 3515 nominis
954 3450 1093 3513 eius
1147 3456 1213 3513 et
1260 3444 1662 3511 restituendo
1716 3464 1918 3528 regno
1963 3443 2103 3508 eius
2145 3463 2261 3508 vos
2306 3463 2556 3510 accom-

608 3534 904 3611 modetis,
949 3553 1069 3616 pro
1113 3528 1544 3615 amplitudine
1588 3529 2050 3596 beneficiorum
2105 3529 2249 3594 eius
2304 3529 2375 3592 in
2420 3549 2554 3604 vos,

607 3641 727 3704 pro
791 3619 1275 3704 opportunitate
1336 3618 1489 3694 loci,
1574 3617 1881 3701 temporis
1958 3624 2026 3680 et
2103 3614 2557 3679 ministrorum

609 3727 773 3789 quos
817 3706 1000 3771 vobis
1045 3704 1377 3770 Dominus
1434 3702 1630 3768 dedit.
1732 3703 1814 3767 In
1871 3701 1993 3767 hoo
2051 3702 2295 3784 optimo
2346 3700 2557 3765 valete

611 3799 680 3857 et
700 3813 822 3857 nos
842 3789 1145 3857 habetote
1168 3787 1668 3856 commendatos.
1716 3785 1985 3854 Calend.
2010 3785 2342 3869 Septemb.
2374 3791 2555 3850 1541.

1657 3925 1741 3991 D.
1789 3936 2047 3990 vestrae

1419 4010 1842 4077 addictissimi
1889 4011 1960 4074 in
2002 4009 2288 4075 Domino

1154 4097 1659 4166 Concionatores
1704 4095 2012 4163 ecclesiae
2057 4095 2561 4179 Argentinensis

1390 4204 1509 4268 per
1552 4183 1915 4248 Martinam
1959 4181 2307 4247 Bucerum.

1120 4591 2047 4774 BUOERUg41i'iYCONJO.

789 4859 875 4924 Et
926 4859 1026 4924 hic
1081 4864 1137 4926 et
1190 4860 1324 4926 illic
1377 4866 1435 4926 et
1487 4859 1713 4941 ubique
1766 4860 1939 4924 vivos
1986 4857 2232 4941 neyliyi,
2289 4858 2562 4919 mortuos

615 4947 749 5013 coli.
821 4945 1153 5012 Calvinum
1193 4949 1454 5013 retinere
1497 4944 1819 5010 voluerunt
1857 4944 2302 5009 absumentem.
2369 4940 2563 5020 Quem

613 5032 911 5117 quomodo
950 5032 1078 5097 alio
1120 5034 1367 5114 suffecto
1410 5033 1480 5096 in
1516 5036 1835 5112 posterum
1878 5030 2141 5094 missum
2171 5028 2413 5110 faciant
2435 5045 2561 5107 pro

611 5124 876 5202 tempore
916 5119 1207 5186 nesciunt.

641 5290 779 5353 848.
815 5294 871 5357 1)
911 5294 1335 5361 Aramtoraeum
1377 5289 1662 5357 reliquisse
1718 5286 1930 5342 videtur
1982 5286 2033 5339 d.
2086 5284 2135 5340 2.
2192 5238 2334 5351 Sept:
2396 5298 2563 5352 quum

609 5363 796 5432 priate
832 5362 1031 5417 Nonae
1066 5362 1178 5414 iam
1208 5357 1381 5425 luerit
1418 5356 1685 5411 Basiteae.

2146 435 2663 505 EPISTOLAE
2704 438 3034 501 348—351

4457 430 4580 492 272

2646 625 2754 691 (Ex
2805 621 3140 691 autographo
3177 620 3314 673 Bibl.
3349 620 3502 674 civic.
3538 618 3845 673 Turieensis
3873 617 4027 672 MSS.
4062 617 4122 671 1³¹.
4157 615 4242 684 80,
4279 616 4408 672 olim
4442 616 4582 685 Epp.

3089 690 3153 744 T.
3187 688 3354 743 XLV.
3390 706 3442 757 p.
3480 686 3595 754 145,
3632 688 3830 741 Simler
3866 686 3989 741 Vol.
4023 684 4136 753 50.)

2818 877 3193 944 Praestanti
3236 885 3304 941 et
3345 877 3759 942 ornatissimo
3814 874 4061 941 Christi
4103 895 4291 940 servo
4337 872 4423 938 D.
4470 871 4584 939 Os.

2648 965 2952 1050 Myconio
2995 964 3238 1047 pastori
3285 962 3590 1028 ecclesiae
3639 962 4021 1029 Basiliensis
4076 969 4479 1046 symmystae
4522 971 4588 1024 et

2648 1052 2833 1116 fratri
2877 1047 3144 1116 colendo
3191 1057 3255 1112 et
3298 1048 3648 1113 carissime.

2820 1219 2889 1287 S.
2938 1221 3020 1285 D.
3111 1220 3218 1284 Ita
3257 1227 3666 1301 praesentem
3727 1217 4013 1293 odimus,
4069 1217 4401 1281 absentem
4458 1218 4591 1281 vir-

2651 1316 2859 1371 tutem
2917 1306 3327 1388 requirimus.
3424 1305 3782 1387 Grynaeum
3841 1303 3899 1367 si
3942 1302 4011 1366 hi
4057 1304 4385 1367 viventem
4418 1310 4592 1368 recte

2650 1392 3104 1476 agnovissent,
3160 1412 3337 1456 nunc
3391 1392 3642 1455 minore
3697 1387 4104 1455 incommodo
4151 1386 4593 1453 desiderarent

2648 1488 2995 1544 mortuum.
3062 1476 3196 1543 Sed
3229 1476 3392 1541 haeo
3424 1474 3823 1559 deploranda
3865 1485 4037 1551 sunt,
4083 1473 4416 1540 emendari
4458 1493 4591 1538 non

2651 1574 2945 1648 possunt.
3043 1563 3316 1629 Utinam
3375 1570 3595 1627 autem
3652 1561 3723 1626 in
3779 1558 4050 1626 sublatis
4103 1560 4215 1625 icti
4264 1560 4593 1641 sapiamus

2654 1650 2735 1715 de
2793 1649 3054 1715 relictis.
3164 1647 3493 1714 Calvinum
3546 1647 3878 1721 adiuvate,
3936 1646 4049 1727 qui
4100 1655 4167 1710 et
4222 1647 4363 1727 ipse
4419 1665 4594 1709 nunc

2654 1736 3013 1820 negligitur
3055 1755 3095 1798 a
3136 1733 3382 1813 multis,
3438 1754 3631 1817 quem
3677 1732 3749 1795 in
3783 1731 4023 1798 cubilia
4064 1751 4183 1797 sua
4225 1732 4595 1814 ingressum

2655 1822 2899 1887 frustra
2942 1822 3172 1886 colent.
3261 1819 3744 1902 Prophetarum
3788 1817 4086 1899 sepulcra
4123 1837 4358 1881 ornare
4402 1836 4597 1899 quam

2655 1907 3005 1990 prophetas
3048 1905 3295 1985 audire,
3339 1915 3638 1970 nostrum
3679 1903 4024 1987 ingenium
4053 1902 4323 1967 mavult.
4395 1901 4598 1967 Hunc

2658 2013 2815 2057 vero
2860 1991 3148 2058 Senatus
3192 1998 3257 2056 et
3300 2011 3419 2055 nos
3461 1989 3671 2055 modis
3728 1989 4029 2053 omnibus
4085 1988 4370 2053 retinere
4413 1994 4597 2071 opta-

2657 2080 2871 2143 vimus
2915 2087 2980 2141 et
3021 2078 3493 2143 laboravimus:
3540 2075 3655 2140 sed
3690 2083 3883 2158 urget
3916 2075 4091 2139 illius
4133 2074 4599 2140 conscientiam

2656 2164 3079 2247 promissum,
3138 2174 3361 2229 nostra
3403 2161 3798 2227 conscientia
3841 2167 3907 2224 et
3950 2160 4287 2225 voluntate
4335 2160 4597 2233 factum,

2657 2260 2733 2315 ut
2780 2250 2881 2315 vel
2924 2249 3241 2313 inviseret
3284 2247 3724 2313 Genevatium
3771 2246 4106 2311 ecclesiam
4154 2255 4220 2309 et
4253 2242 4599 2327 dispiceret

2657 2344 2807 2401 utra
2849 2335 2917 2399 in
2975 2334 3247 2400 ecclesia
3303 2333 3567 2398 Christo
3617 2333 4010 2398 fructuosius
4066 2330 4312 2396 servire
4375 2330 4597 2412 possit.

2658 2420 2791 2487 Sed
2828 2431 3050 2485 tamen
3086 2420 3505 2503 sperabamus
3529 2418 3709 2484 vobis
3730 2417 3937 2482 iuncti
3976 2438 4123 2481 cum
4148 2437 4222 2481 eo
4257 2416 4601 2482 Genevam

2659 2528 2776 2571 nos
2820 2515 3148 2585 venturos,
3194 2513 3260 2569 et
3303 2504 3408 2570 vel
3451 2504 3827 2569 reducturos
3873 2525 4043 2579 eum,
4089 2501 4193 2566 vel
4239 2502 4598 2578 relicturos,

2659 2592 2931 2658 ecclesia
2998 2591 3112 2656 illa
3176 2592 3374 2655 etiam
3427 2590 3814 2655 Bernatium
3883 2599 4018 2654 tam
4077 2587 4340 2673 politiae
4404 2606 4603 2670 quam

2658 2678 2962 2743 ecclesiae
3005 2677 3536 2741 administrorum
3580 2676 3908 2758 praesenti
3944 2674 4209 2740 consilio
4252 2681 4318 2738 et
4360 2672 4602 2737 auxilio

2659 2763 3029 2829 constituta.
3095 2763 3156 2827 N
3163 2783 3290 2828 uno
3333 2763 3615 2826 visitatio
3649 2761 3921 2826 Domini
3947 2762 3997 2841 ¹)
4033 2782 4151 2825 nos
4202 2759 4308 2824 hic
4342 2760 4600 2823 retinet.

2663 2848 2808 2926 Vos,
2855 2850 2911 2914 si
2955 2848 3246 2931 potestis,
3293 2846 3592 2931 supplete
3636 2856 3927 2911 nostram
3964 2855 4031 2910 et
4056 2855 4346 2910 vestram
4368 2843 4601 2921 vicem,

2659 2934 2739 3000 de
2782 2955 2912 3017 qua
2953 2956 3025 3000 re
3078 2943 3301 2998 noster
3341 2932 3627 2998 Senatus
3674 2930 3756 2996 ad
3801 2942 4112 2997 vestrum.
4201 2929 4391 2995 Detis
4445 2948 4602 3012 ergo

2659 3042 2924 3104 operam
2969 3028 3045 3085 ut
3085 3020 3324 3085 iuvetis
3378 3019 3596 3083 virum
3652 3026 3827 3083 certe
3885 3017 4231 3093 eximium,
4290 3024 4356 3080 et
4414 3016 4602 3082 cuius

2658 3107 2946 3190 profecto
3001 3125 3243 3188 parem,
3290 3115 3557 3186 excepto
3604 3102 3921 3186 Philippo,
3970 3101 4222 3167 nullum
4265 3100 4602 3177 habemus,

2660 3192 2922 3269 ardore,
2982 3191 3352 3272 eloquentia
3407 3200 3474 3256 et
3532 3189 3787 3255 iudicio.
3895 3188 4088 3253 Vobis
4163 3208 4318 3254 vero
4381 3193 4606 3253 cavete

2661 3277 2868 3343 modis
2939 3276 3241 3342 omnibus
3305 3275 3387 3342 ab
3452 3275 3755 3341 omnibus
3820 3275 3936 3357 qui
4000 3272 4284 3340 schisma
4359 3280 4604 3337 amant.

2662 3362 2794 3444 Qui
2837 3363 2931 3429 sic
2969 3374 3145 3441 sunt,
3189 3362 3497 3429 ecclesiae
3541 3383 3674 3426 non
3716 3368 3900 3425 sunt:
3946 3359 4071 3424 nisi
4115 3380 4249 3423 non
4292 3358 4450 3423 satis
4491 3356 4606 3422 ad-

2660 3449 2893 3513 moniti
2950 3449 3093 3514 sitis
3148 3449 3218 3512 in
3271 3469 3349 3514 eo
3399 3449 3509 3530 qui
3564 3456 3701 3511 tam
3754 3445 4113 3509 beneficum
4177 3443 4248 3508 in
4305 3465 4375 3509 se
4437 3442 4606 3525 Gry·

2660 3555 2891 3600 nasum
2925 3557 3009 3600 ne
3044 3535 3431 3599 morientem
3474 3533 3733 3615 quidem
3771 3531 4012 3597 invisit.
4036 3532 4093 3612 ²)
4190 3528 4297 3595 De
4341 3527 4606 3594 Vilichio

2663 3643 2782 3686 nos
2829 3621 3013 3687 nihil.
3088 3618 3224 3686 Sed
3267 3619 3348 3685 de
3393 3618 3606 3685 Schoto
3649 3617 3949 3698 quodam,
3994 3637 4185 3698 quem
4223 3615 4409 3680 nobis
4448 3613 4607 3678 Pla·-

2662 3709 2879 3789 lippus
2921 3727 3317 3791 magnopere
3362 3702 3859 3779 commendavit,
3905 3703 4142 3785 quique
4179 3708 4396 3765 noster
4430 3706 4608 3764 totus

2662 3804 2779 3869 est,
2825 3794 3115 3858 omnium
3161 3790 3537 3875 dogmatum
3583 3798 3649 3853 et
3692 3788 4046 3852 formarum
4093 3786 4395 3870 loquendi
4452 3802 4606 3848 oon·

2662 3880 2994 3956 sensione,
3052 3898 3202 3942 eum
3261 3897 3379 3941 nos
3433 3876 3503 3940 in
3547 3875 3759 3939 locum
3808 3872 4054 3939 calvini
4110 3872 4602 3937 destinavimus.

2664 3964 2738 4030 Si
2782 3967 2912 4028 iam
2962 3962 3263 4028 Calvinus
3321 3960 3402 4026 ad
3461 3982 3581 4025 nos
3633 3960 3875 4023 reverti
3932 3968 4165 4041 posset,
4225 3958 4410 4022 illum
4455 3976 4605 4040 pos·

2664 4072 2882 4115 scmus
2927 4049 3081 4113 dare
3127 4047 3325 4113 vobis.
3412 4044 3669 4112 Deinde
3715 4045 4016 4109 Latomus
4032 4047 4089 4125 ὅ)
4135 4042 4347 4109 adhuc
4381 4042 4607 4108 forsan

2664 4135 2960 4201 ducentis
3019 4130 3101 4197 ad
3158 4153 3278 4197 vos
3336 4139 3403 4196 et
3472 4130 3790 4196 tolerabili
3861 4130 4277 4194 matrimonio
4339 4125 4607 4211 perduci

2663 4228 2872 4304 queat.
2983 4217 3054 4281 Is
3116 4218 3378 4300 quidem
3445 4216 3734 4282 laetioris
3796 4224 3895 4280 est
3952 4216 4154 4291 vitae,
4220 4214 4335 4279 sod
4391 4234 4604 4290 verus,

2665 4316 2967 4372 constans
3007 4312 3073 4369 et
3114 4314 3289 4368 certe
3332 4301 3561 4368 doctus
3606 4311 3797 4383 atque
3840 4299 4164 4383 eloquens.
4270 4299 4457 4383 Opus
4505 4306 4607 4363 est

2664 4391 2931 4456 omnino
2975 4390 3041 4454 in
3090 4389 3193 4454 his
3236 4389 3560 4471 Principe.
3650 4386 3785 4453 Sed
3838 4386 4030 4451 valde
4085 4407 4205 4452 nos
4264 4406 4440 4450 nunc
4481 4385 4608 4448 im-

2665 4474 2969 4559 pedimur
3003 4483 3069 4540 et
3103 4474 3564 4557 perturbamur
3599 4472 3842 4550 multis,
3871 4472 4159 4536 maxime
4182 4493 4301 4555 ego
4324 4470 4606 4536 editione

2665 4565 2979 4628 Actorum
3044 4561 3116 4625 in
3183 4561 3500 4626 Comitiis.
3518 4560 3578 4643 ⁴)
3677 4558 3861 4624 Alias
3927 4558 4116 4641 plura
4182 4570 4247 4622 et
4309 4558 4602 4623 certiora.

2665 4647 2832 4712 Vale
2876 4667 3025 4712 cum
3068 4668 3273 4712 uxore
3319 4655 3386 4712 et
3427 4644 3768 4723 fratribus,
3827 4653 3894 4709 et
3946 4642 4112 4708 nihil
4166 4641 4606 4727 praecipitetis

2698 4867 2832 4930 349.
2873 4870 2932 4935 1)
2961 4869 3149 4937 pestis.

2868 4937 2929 5001 2)
2972 4936 3234 4991 Simlerus
3282 4939 3595 5005 suspicatur
3642 4934 4080 4989 Garolostadium
4121 4935 4209 4989 hic
4243 4934 4417 4988 innui.

4495 4932 4608 5003 Qus·

2665 5014 2714 5061 et
2749 5008 2864 5075 ipse
2897 5012 3023 5060 ante
3053 5006 3212 5072 finem
3249 5010 3387 5060 anni
3421 5006 3600 5059 eodem
3635 5005 3822 5059 morbo
3866 5006 4121 5071 abreptus
4154 5010 4244 5059 est.
4313 5002 4403 5057 De
4448 5004 4605 5057 cuius

2661 5076 2772 5142 fine
2841 5091 2983 5129 auca
3017 5081 3226 5128 tantum
3261 5075 3418 5144 apud
3451 5074 3771 5129 Fasslmum
3805 5078 3856 5127 et
3889 5071 4193 5141 Jacyerum,
4229 5071 4494 5126 maalle
4510 5088 4602 5140 ap.

2671 5144 2794 5199 Rue
2869 5142 3343 5281 &Vistiggizliquis
3379 5209 3459 5266 Io.
3501 5210 3731 5265 Steinlin
3780 5210 4023 5264 minister
4065 5208 4424 5277 Aryontorati
4459 5206 4606 5262 1530.

2872 5281 2932 5339 4)
3030 5297 3129 5335 uae
3169 5282 3363 5350 paucis
3410 5280 3828 5335 hebdomadibus
3871 5284 4060 5347 postea
4103 5277 4458 5346 prodierunt,
4508 5275 4605 5333 scd

2667 5366 2871 5405 annum
2910 5350 2937 5402 1
3081 5350 3138 5405 in
3170 5350 3353 5415 fronte
3384 5350 3648 5419 professa.
