5050 6167
382 480 502 545 229

383 664 733 751 Ladvoyer
786 672 854 731 et
905 664 1170 732 Conseil
1230 665 1311 730 de
1361 665 1585 730 Berne
1640 687 1682 731 a
1743 663 2147 732 honnorable
2204 670 2328 731 etc.

902 760 909 765 ’
1012 751 1241 818 Ρ101·1·0
1286 751 1477 817 Viret
1518 750 1710 817 salut.

551 890 616 953 A
659 887 726 952 la
766 892 1067 971 requeste
1110 895 1178 951 et
1208 886 1606 970 postulation
1644 886 1758 953 des
1792 884 2151 972 Seigneurs
2172 884 2329 952 Sin-

384 972 648 1058 dicques
712 983 781 1037 et
843 972 1085 1039 conseil
1149 970 1230 1037 de
1290 972 1563 1039 Geneve
1626 994 1751 1038 noz
1817 972 2329 1056 combourgeoys

380 1078 666 1126 sommes
719 1068 990 1124 contans
1045 1057 1127 1123 de
1181 1079 1346 1124 vous
1399 1058 1628 1123 laisser
1669 1078 1903 1124 ancore
1947 1056 2124 1122 deux
2146 1061 2197 1131 ¹)
2243 1077 2330 1121 an

383 1165 469 1209 au
513 1145 763 1210 service
807 1142 889 1209 de
909 1141 1083 1209 Dieu
1128 1151 1195 1209 et
1227 1144 1566 1209 ministerc
1603 1143 1684 1209 de
1717 1165 1791 1209 sa
1825 1142 2070 1228 parolle
2114 1141 2332 1208 audiet

384 1229 660 1297 Geneve
700 1237 950 1315 voyant
990 1229 1053 1294 10
1095 1229 1329 1295 fruictz
1367 1252 1406 1294 a
1439 1232 1674 1314 jusque
1716 1250 1756 1294 a
1789 1235 2055 1312 present
2093 1227 2156 1293 10
2178 1224 2329 1312 Sgr.

376 1315 435 1401 j]
476 1335 551 1379 aa
591 1314 747 1381 faict
787 1335 910 1399 par
943 1335 1125 1380 vous.
1216 1315 1584 1381 Toutesfois
1628 1336 1752 1398 que
1796 1314 1879 1380 ad
1922 1336 1996 1381 00
2039 1335 2124 1379 80
2167 1334 2332 1380 vous

382 1399 745 1468 vouldrons
795 1400 1161 1466 astraindre
1214 1422 1306 1486 ny
1365 1422 1485 1485 par
1536 1402 1710 1466 force
1781 1423 1859 1487 sy
1925 1408 2148 1467 vostre
2200 1400 2333 1465 bon

384 1485 616 1572 plaisir
655 1506 744 1551 ne
784 1495 1016 1570 pourte
1052 1486 1287 1570 dillecq
1323 1486 1702 1553 desmourer
1722 1487 2060 1570 Esperans
2103 1494 2334 1551 neant-

383 1572 816 1725 3⁰3&ss
854 1573 1259 1742 &3352
1289 1572 1581 1743 ²:333&
1597 1570 2336 1742 (1θυῖῗῖξίὧίἭὲἓὲ

384 1744 587 1811 Anno
638 1749 822 1809 1541.

1180 2003 1589 2014 -———-———

1286 2238 1436 2311 818.

485 2377 962 2447 GALVINUS
1002 2376 1482 2446 MINISTRIS
1527 2373 2228 2444 TURIOENSIBUS.

571 2551 841 2616 Gratias
859 2551 949 2616 iis
982 2551 1114 2635 ayit
1132 2551 1210 2615 de
1251 2548 1511 2633 epistola
1545 2567 1737 2632 quam
1766 2549 1897 2629 ipsi
1939 2548 2341 2628 scripserunt.

395 2635 673 2703 Remeat
730 2638 821 2703 iis
863 2636 1500 2717 inmmoriamqua
1544 2635 1858 2700 decanea
1906 2633 2056 2699 olim
2095 2631 2341 2698 vaa

386 2723 680 2789 medere
718 2728 965 2789 coactus
1005 2724 1243 2787 interea
1282 2740 1408 2786 non
1448 2720 1657 2785 redire
1688 2720 1994 2801 potuerit,-
2050 2717 2342 2798 declarat,

389 2828 517 2892 quo
558 2828 723 2874 nunc
761 2811 975 2874 animo
1014 2810 1116 2885 sit,
1161 2806 1317 2889 quid
1348 2807 1757 2889 promissum,
1814 2806 1972 2888 quid
2011 2809 2221 2870 actam
2260 2804 2347 2869 sit

385 2894 465 2960 in
521 2890 1864 2977 hocneyotio,mmquesollmtatwm··
1673 2892 1686 2904 '
1904 2890 2343 2974 apudipsum,

389 2981 691 3064 quamvis
730 3000 856 3046 non
896 2981 1182 3057 invitum,
1220 2978 1493 3044 mansioni
1523 2977 1830 3060 ponderis
1868 2995 2003 3043 esse
2041 2975 2340 3058 affirmat

394 3151 514 3217 (Ex
560 3167 629 3204 au
824 3150 898 3204 110
934 3151 991 3204 111
1045 3149 1298 3204 Archivis
1347 3148 1526 3203 Turio.
1575 3149 1705 3203 olim
1750 3149 1815 3201 B.
1869 3147 1993 3216 Epp
2029 3145 2089 3199 T.
2125 3145 2167 3200 1.
2204 3162 2348 3200 1111110

388 3220 544 3275 Plut-
580 3220 684 3274 VI.
718 3237 787 3274 vo
863 3218 978 3285 105,
1016 3219 1106 3272 sol.
1142 3216 1262 3287 334,
1308 3218 1452 3271 unde
1487 3217 1777 3287 descripsit
1822 3216 2085 3269 simlerus
2116 3215 2223 3270 vol.
2259 3212 2345 3281 49,

390 3288 591 3359 Henry
611 3288 670 3342 T.
692 3289 737 3343 1.
771 3288 914 3359 App.
950 3305 1004 3358 p.
1042 3285 1127 3371 81,
1166 3288 1492 3426 Ἶοῗίιέιὲεἰιιί
1527 3287 1791 3356 anglicam
1827 3283 1911 3339 ed.
1948 3282 2100 3338 B.·O.
2136 3283 2349 3339 Tom.1.

572 3544 974 3613 clarissimis
1017 3553 1085 3610 et
1126 3544 1390 3630 egregia
1430 3541 1797 3608 eruditione
1829 3540 2142 3625 praeditis
2186 3539 2349 3606 viris

387 3633 768 3718 pastoribus
802 3653 877 3698 ac
900 3630 1268 3697 doctoribus
1289 3628 1599 3697 ecclesiae
1625 3628 2000 3713 Tigurinae,
2036 3627 2348 3693 fratribus

390 3738 470 3786 ac
516 3715 799 3784 dominis
842 3715 1009 3782 mihi
1050 3715 1408 3800 plurimum
1452 3713 1893 3782 observandis.

572 3853 812 3918 Gratia
868 3853 1056 3918 vobis
1120 3862 1189 3916 et
1253 3873 1382 3936 pax
1445 3872 1487 3916 a
1541 3851 1686 3916 Deo
1749 3858 1938 3932 patre
1999 3856 2224 3915 nostro
2280 3856 2352 3913 et

390 3938 687 4004 Domino
755 3938 910 4003 Iesu
963 3936 1248 4003 Ohristo.
1358 3937 1722 4003 Clarissimi
1786 3936 1919 4001 viri
1980 3944 2048 3999 et
2110 3934 2350 3999 fratres

390 4023 705 4108 inprimis
789 4021 1200 4090 observandi.
1330 4024 1598 4089 Literae
1686 4032 1946 4087 vestrae
1972 4022 2023 4106 ¹)
2101 4019 2350 4103 duplici

393 4110 671 4175 nomine
726 4108 1138 4192 gratissimae
1192 4107 1354 4172 mihi
1410 4109 1710 4173 fuerunt:
1768 4117 1906 4172 tum
1962 4104 2131 4189 quod
2189 4105 2350 4171 fide-

393 4194 556 4261 liter
600 4215 677 4260 ac
717 4192 1079 4276 prudenter
1121 4212 1227 4255 me
1272 4191 1352 4256 de
1396 4194 1606 4259 officio
1648 4213 1812 4270 meo,
1871 4212 1989 4274 pro
2032 4213 2112 4256 ea
2151 4212 2348 4274 quam

395 4280 733 4348 Dominus
800 4280 976 4344 inter
1048 4298 1167 4342 nos
1236 4297 1379 4342 esse
1436 4279 1649 4343 voluit
1703 4277 2176 4355 coniunctione,
2236 4275 2351 4341 ad-

396 4366 722 4445 monetis,
782 4373 924 4429 tum
977 4362 1151 4446 quod
1207 4361 1289 4426 de
1358 4363 1628 4429 ecclesia
1694 4363 2099 4440 Genevensi,
2166 4361 2353 4428 cuius

397 4452 582 4520 salus
646 4447 1105 4518 commendata
1182 4447 1343 4513 mihi
1423 4466 1563 4512 esse
1628 4446 1835 4525 debet,
1858 4449 1915 4530 ²)
1977 4447 2170 4512 video
2237 4466 2354 4513 vos

401 4539 575 4605 serio
634 4557 779 4604 esse
835 4536 1160 4603 sollicitos.
1256 4533 1489 4615 Itaque
1544 4552 1679 4597 non
1734 4552 1879 4596 meo
1937 4539 2198 4598 tantum
2239 4531 2356 4598 sed

401 4623 612 4708 ipsius
668 4643 923 4706 quoque
981 4619 1289 4687 ecclesiae
1344 4619 1606 4683 nomine
1671 4617 2039 4701 singulares
2103 4618 2354 4701 gratias

404 4716 477 4776 et
513 4708 727 4776 habeo
768 4718 837 4773 et
879 4728 1034 4792 ago:
1081 4704 1255 4789 quod
1298 4714 1365 4770 et
1404 4704 1589 4769 illam
1628 4712 1850 4769 vestro
1883 4703 2243 4786 patrocinio
2286 4712 2356 4769 et

406 4814 518 4860 me
593 4794 865 4862 consilio
944 4790 1391 4857 adiuvandum
1476 4789 1835 4856 censuistis.
1958 4788 2354 4873 Quanquam

407 4890 630 4946 autem
674 4881 874 4945 anxia
907 4879 1023 4944 illa
1066 4877 1522 4943 exhortatione
1551 4896 1683 4958 qua
1713 4876 1815 4940 usi
1850 4875 2008 4941 estis
2040 4897 2168 4941 non
2193 4876 2354 4941 adeo

407 4964 807 5051 indigebam,
844 4966 954 5048 qui
999 4964 1133 5028 iam
1176 4974 1405 5045 sponte
1449 4961 1610 5027 satis
1645 4980 2010 5045 propensus
2045 4981 2226 5026 eram
2271 4960 2356 5026 ad

420 5105 821 5115 --——.-·-—-7——‘--0——r

448 5185 573 5248 817.
611 5190 662 5255 3)
697 5189 860 5243 licen:
895 5188 1073 5258 demy.

447 5254 579 5317 818.
618 5260 671 5325 l)
709 5256 788 5312 N.
826 5255 946 5312 294„

621 5326 681 5395 2)
718 5327 903 5381 whose
946 5322 1410 5391 adnnnistration,
1454 5339 1517 5376 88
1550 5340 1585 5376 a
1619 5321 1808 5377 sacred
1841 5320 2054 5391 charge,
2088 5322 2186 5376 1188
2220 5322 2361 5376 been

416 5396 698 5449 ωτι-1181011
732 5407 792 5450 to
826 5410 931 5450 me.

2169 477 2329 542 1541
2375 474 2613 543 ΜΠ.

2430 661 2644 746 agend
2652 684 2763 727 um
2828 663 2999 746 quod
3061 663 3345 733 suadetis
3364 716 3379 741 ‚
3446 662 3616 732 mihi
3688 674 3910 734 tamen
3982 669 4051 735 id
4122 690 4386 756 quoque

2431 748 2791 813 iucundum
2835 749 2977 828 fuit,
3020 750 3093 815 in
3136 748 3384 818 difficili
3425 753 3866 836 perplexaque
3914 753 4386 826 deliberatione

2432 843 2655 900 vestro
2709 832 2953 900 iudicio
3005 837 3399 905 confirmari.
3495 836 3633 905 Sed
3696 840 3848 922 quia
3909 841 4383 921 animadverto,

2435 940 2557 984 vos
2600 917 2681 985 de
2723 940 2868 985 meo
2913 921 3132 987 animo
3175 923 3480 989 nonnihil
3521 922 3839 1004 dubitare,
3898 927 4186 1009 primum
4236 927 4384 995 bre-

2434 1006 2606 1070 viter
2664 1005 2850 1071 vobis
2906 1028 3231 1090 exponam
3288 1007 3443 1089 quid
3499 1009 3854 1088 obstiterit,
3910 1012 4260 1094 quominus
4303 1034 4384 1079 eo

2434 1089 2712 1156 celerius
2776 1094 3094 1157 venerim:
3164 1092 3400 1159 deinde
3461 1093 3618 1176 quid
3696 1097 3958 1160 tandem
4022 1099 4235 1164 facere
4301 1098 4386 1165 de

2434 1176 2715 1241 fratrum
2749 1196 3047 1243 meorum
3089 1180 3416 1243 sententia
3448 1181 3918 1246 constituerim.
3987 1180 4211 1262 Quum
4245 1184 4385 1267 pri-

2435 1281 2585 1326 mae
2662 1261 2894 1327 literae
2974 1273 3294 1328 venerunt
3369 1265 3605 1347 quibus
3684 1266 4091 1333 voluntatem
4167 1290 4385 1335 meam

2439 1345 2729 1413 Senatus
2771 1348 3084 1425 tentabat,
3129 1348 3339 1415 fateor
3385 1371 3492 1415 me
3549 1371 3682 1416 non
3735 1351 3969 1418 leviter
4010 1353 4386 1437 perculsum

2437 1433 2673 1509 fuisse,
2728 1432 2900 1516 quod
2955 1433 3247 1500 viderem
3310 1456 3416 1501 me
3470 1437 3538 1501 in
3583 1458 3693 1503 eas
3736 1439 4073 1522 angustias
4115 1439 4385 1519 retrahi,

2438 1518 2615 1584 unde
2669 1539 2927 1601 semper
2982 1518 3267 1585 iudicavi
3325 1543 3432 1587 1110
3497 1522 3817 1607 singulari
3880 1521 4009 1588 Dci
4072 1525 4387 1592 beneficio

2438 1604 2641 1670 fuisse
2710 1603 3076 1670 liberatum.
3191 1606 3369 1690 Ego,
3444 1607 3756 1690 quamdiu
3835 1609 4144 1675 ecclesiae
4211 1610 4390 1677 illius

2439 1688 2985 1774 gubernationem
3049 1711 3199 1756 cum
3263 1692 3507 1775 optimo
3567 1701 3635 1758 et
3696 1693 4077 1761 fidelissimo
4139 1695 4394 1780 collega

2439 1795 2588 1840 meo
2646 1774 2901 1842 Farello
2955 1777 3260 1854 sustinui,
3304 1779 3449 1843 vias
3493 1799 3720 1844 omnes
3755 1779 3925 1845 bona
3965 1779 4094 1847 fide
4137 1782 4392 1849 tentavi

2441 1860 2679 1944 quibus
2712 1861 2831 1926 illa
2872 1863 3248 1928 conservari
3292 1874 3528 1947 posset.
3617 1866 3719 1930 Ac
3763 1867 4022 1931 tametsi
4067 1867 4390 1934 molestis-

2441 1947 2610 2012 sima
2651 1946 2818 2011 mihi
2860 1947 3196 2030 provincia
3238 1958 3414 2026 erat,
3470 1971 3806 2033 nunqnam
3857 1961 4078 2016 tamen
4121 1952 4204 2018 de
4244 1952 4391 2020 1000

2443 2030 2804 2098 descrendo
2847 2034 3143 2117 cogitavi.
3240 2032 3632 2101 Arbitrabar
3685 2037 3864 2102 enim
3916 2058 4024 2101 me
4076 2036 4264 2105 velut
4317 2039 4393 2104 in

2444 2120 2725 2182 statione
2777 2140 2817 2182 a
2871 2118 3017 2184 Deo
3070 2118 3486 2199 collocatum,
3536 2141 3574 2186 e
3640 2142 3770 2204 qua
3831 2121 4065 2205 pedem
4125 2143 4395 2191 movere

2445 2202 2632 2268 nefas
2688 2211 2877 2268 esset.
2989 2204 3084 2269 Et
3133 2212 3357 2270 tamon
3414 2205 3797 2273 incredibile
3848 2208 4038 2275 vobis
4094 2209 4398 2275 futurum

2444 2288 2601 2365 scio,
2647 2288 2705 2353 si
2738 2288 3079 2353 minimam
3113 2298 3371 2374 partem
3405 2292 3590 2358 vobis
3612 2292 3890 2358 referam
3925 2293 4397 2375 molestiarum,

2446 2373 2556 2439 vel
2606 2374 2828 2457 potius
2885 2375 3316 2455 miseriarum,
3372 2398 3540 2461 quae
3585 2384 3720 2443 toto
3761 2398 3940 2444 anno
3983 2377 4399 2446 devorandae

2446 2460 2638 2526 nobis
2693 2459 2978 2525 fuerunt.
3083 2460 3231 2528 Hoc
3284 2483 3438 2528 vere
3501 2483 3766 2546 possum
3824 2465 4079 2543 testari,
4139 2465 4399 2531 nullum

2445 2545 2861 2627 praeteriisse
2904 2545 3095 2625 diem,
3138 2568 3268 2630 quo
3308 2569 3444 2613 non
3488 2547 3702 2614 decies
3745 2558 4020 2614 mortem
4082 2561 4397 2632 optarem,

2445 2631 2675 2697 relicta
2717 2638 2939 2697 autem
2975 2632 3245 2699 ccclesia
3287 2633 3415 2698 alio
3451 2635 3737 2718 migrare
3778 2655 3865 2699 ne
3898 2634 4103 2701 semel
4135 2635 4402 2718 quidem

2447 2717 2617 2782 mihi
2653 2718 2727 2782 in
2768 2725 3062 2783 mentem
3106 2718 3380 2785 venisse.
3451 2718 3690 2802 Itaque
3733 2741 3932 2802 quum
3977 2719 4064 2785 ad
4104 2729 4404 2789 extrema

2445 2811 2722 2868 ventum
2765 2817 2957 2881 esset,
3001 2804 3156 2887 quia
3199 2802 3598 2884 videbamus,
3643 2804 3920 2871 salutem
3954 2805 4133 2872 illius
4166 2807 4237 2870 in
4274 2807 4402 2872 1100

2450 2909 2595 2955 0880
2629 2889 2910 2972 positam
2948 2890 3004 2955 si
3039 2889 3480 2973 gubernacula
3516 2890 3705 2957 nobis
3739 2912 3875 2956 non
3911 2900 4398 2968 excuterentur,

2448 2994 2570 3058 pro
2615 2973 2958 3040 retinendo
3001 2983 3227 3041 nostro
3268 2976 3631 3042 ministerio
3682 2996 3821 3041 11011
3875 2976 4094 3043 minus
4144 2976 4400 3043 labora-

2450 3060 2697 3139 vimus,
2778 3081 2978 3143 quam
3052 3061 3110 3126 si
3189 3059 3271 3126 de
3347 3061 3670 3144 capitibus
3746 3062 3990 3128 nostris
4066 3071 4401 3129 certamen

2449 3146 2700 3212 fuisset.
2786 3148 2888 3213 Ac
2931 3146 2990 3212 si
3033 3146 3216 3227 mihi,
3275 3146 3526 3213 homini
3580 3169 3714 3213 non
3769 3147 4174 3225 acutissimo,
4230 3160 4403 3215 esset

2449 3233 2993 3314 obtemperatum,
3037 3231 3246 3298 multo
3287 3232 3542 3299 facilius
3572 3243 3731 3300 tunc
3750 3233 3981 3299 fuisset
4014 3232 4122 3298 vel
4150 3233 4402 3299 labanti

2451 3317 2762 3383 ecclesiae
2804 3317 3182 3396 subvenire,
3239 3319 3347 3385 vel
3401 3341 3488 3383 ex
3539 3328 3730 3402 parte
3778 3318 4130 3402 collapsam
4185 3319 4401 3385 suble-

2454 3424 2631 3481 vare,
2688 3423 2885 3486 quam
2937 3425 3115 3470 nunc
3170 3404 3258 3469 sit
3330 3405 3592 3486 penitus
3649 3404 3975 3487 perditam
4040 3404 4404 3470 restituere.

2452 3487 2800 3572 Optimum
2844 3497 2989 3555 erat
3028 3489 3390 3555 remedium
3411 3510 3543 3572 quo
3585 3490 3875 3573 periculo
3909 3490 4304 3568 obviaretur,
4346 3490 4406 3556 si

2453 3573 2539 3639 ad
2585 3583 2872 3641 vestram
2912 3575 3240 3660 synodum
3273 3575 3620 3641 fuissemus
3658 3576 3891 3641 vocati.
3909 3575 3966 3662 ⁸)
4052 3575 4408 3658 Impetrari

2454 3681 2587 3724 non
2628 3660 2857 3743 potuit.
2960 3660 3266 3725 Alterum
3321 3681 3500 3739 vero,
3559 3661 3613 3726 si
3661 3681 3928 3727 causam
3983 3677 4278 3727 nostram
4331 3660 4406 3725 in

2453 3766 2800 3811 commune
2855 3746 3024 3811 serio
3080 3746 3388 3812 ecclesiae
3443 3746 3899 3828 suscepissent.
3999 3747 4202 3812 Visus
4255 3767 4409 3812 811111

2453 3832 2761 3898 omnibus
2822 3831 3112 3897 insanire
3175 3851 3376 3914 quum
3442 3831 3881 3914 praedicerem
3944 3829 4116 3915 quod
4180 3838 4409 3913 postea

2455 3925 2802 3999 sequutum
2841 3926 2958 3982 est.
3028 3915 3252 3997 Quum
3287 3936 3483 4001 porro
3523 3915 3688 3981 mihi
3711 3916 3969 3982 viderer
3991 3916 4076 3982 ad
4099 3917 4407 3983 ultimum

2455 4001 2824 4081 defunctus,
2867 4002 3116 4068 contuli
3150 4023 3256 4067 me
3289 4001 3513 4084 quieta
3545 4002 3942 4068 conscientia
3974 4003 4043 4067 in
4078 4023 4406 4069 secessum

2454 4110 2608 4155 cum
2653 4087 2923 4154 Farell0.
3023 4087 3149 4153 Ille
3208 4088 3433 4153 statim
3489 4096 3794 4153 avocatus
3851 4096 3952 4153 est
4013 4087 4157 4153 alio.
4259 4089 4409 4172 Ego

2456 4175 2539 4241 ab
2595 4174 2775 4238 omni
2828 4175 2899 4238 in
2953 4180 3289 4258 posterum
3347 4173 3606 4256 publica
3671 4174 4009 4240 functione
4079 4173 4409 4239 abstinere

2456 4268 2834 4325 statueram.
2923 4260 3015 4324 Et
3056 4259 3372 4336 fecissem,
3418 4259 3544 4324 nisi
3579 4280 3686 4324 me
3722 4270 3936 4325 certae
3971 4278 4203 4325 causae
4236 4257 4409 4324 hanc

2456 4346 2526 4410 in
2570 4365 2701 4427 qua
2755 4365 2931 4410 nuuc
2985 4366 3134 4411 sum
3191 4345 3597 4410 vocationem
3651 4345 3981 4427 suscipere
4021 4344 4409 4429 coegissent.

2456 4431 2639 4514 Ergo
2680 4429 2869 4509 mihi,
2912 4439 2990 4495 ut
3030 4451 3267 4496 verum
3309 4431 3534 4510 fatear,
3578 4431 3849 4495 minimo
3902 4429 4226 4496 iucundus
4283 4429 4411 4495 fuit

2456 4514 2569 4580 ille
2614 4517 2910 4593 nuncius,
2955 4536 3156 4598 quum
3195 4515 3488 4583 revocari
3530 4537 3637 4581 mc
3680 4515 3838 4582 illuc
3870 4515 4184 4580 audirem.
4272 4515 4408 4580 Ne-

2456 4622 2584 4685 que
2627 4609 2847 4666 tamen
2886 4600 3003 4665 illa
3043 4601 3264 4666 omnia
3290 4623 3509 4667 moror
3546 4621 3711 4684 quae
3745 4601 3909 4666 mihi
3942 4600 4410 4685 impedimento

2458 4707 2602 4752 esse
2667 4686 2957 4752 creditis:
3023 4687 3379 4770 irrogatam
3450 4687 3614 4752 mihi
3691 4687 4149 4770 ignominiam,
4215 4687 4410 4751 inhu-

2457 4793 2723 4837 manam
2762 4773 3217 4839 tractationem
3270 4781 3338 4838 et
3391 4771 3648 4838 similia.
3736 4773 3847 4837 An
3901 4773 4178 4838 iniurias
4230 4791 4410 4836 meas

2457 4857 2688 4924 ulcisci
2730 4857 2991 4931 soleam,
3036 4856 3182 4923 Deo
3226 4869 3293 4922 et
3348 4858 3725 4923 hominibus
3779 4857 3893 4941 qui
3943 4856 4200 4941 experti
4251 4864 4411 4921 sunt

2459 4943 2758 5027 relinquo
2837 4941 3279 5009 iudicandum.
3404 4944 3656 5008 Verum
3734 4944 3989 5009 etiamsi
4075 4940 4410 5007 vindictae

2461 5049 2673 5094 essem
2717 5029 2958 5112 alioqui
2998 5028 3478 5112 cupidissimus,
3524 5050 3644 5094 cur
3677 5036 3898 5095 tamen
3942 5026 4023 5092 de
4059 5028 4412 5093 (1011011011-

2668 5248 4030 5321 3)MmeAprai1538uoncocatifiaorunt‚
4079 5247 4413 5317 aedepoute

2462 5319 3095 5389 apricatimaderant.
3168 5318 3725 5391 sidehacoynodo
3768 5318 4230 5398 legatumque
4277 5320 4414 5375 tum

2462 5389 2530 5443 in
2561 5404 2723 5446 mm
2751 5390 2994 5458 oratiam
3024 5390 3180 5458 facta
3213 5393 3363 5458 mm,
3399 5404 3516 5445 non
3547 5386 4096 5527 ωΐβοὲοηᾱαιΐέζωκ
4139 5386 4414 5456 affirmat.
