5050 6167
370 463 447 526 29
1853 468 2021 530 1540
2062 465 2903 534 FEBRUAR-m'l‘.
4296 472 4381 538 30

370 670 437 713 se
473 648 887 729 cohaereant,
933 660 1013 715 ιιι
1054 649 1371 730 desidero,
1416 672 1553 716 non
1595 649 1804 717 audeo
1849 659 2157 732 statuere,
2194 653 2325 719 nisi

366 733 537 818 quod
582 735 1035 803 animadverto
1076 735 1402 802 infaustae
1452 736 1630 803 illius
1692 738 2128 804 contentionis
2170 738 2323 804 reli-

366 821 551 903 quias
606 822 882 886 nimium
942 823 1177 887 animis
1237 821 1483 888 nostris
1549 821 2032 890 adhaerescere.
2144 823 2322 891 Hinc

364 905 667 972 sinistrae
724 907 974 973 multae
1037 908 1465 992 suspiciones,
1531 929 1697 991 qnae
1764 909 1878 974 ubi
1942 929 2062 974 nos
2119 909 2322 976 semel

364 1001 783 1075 occuparunt,
828 992 1015 1058 nulla
1056 993 1229 1058 inter
1272 1013 1394 1059 nos
1429 992 1641 1060 solida
1684 995 1971 1059 amicitia
2007 1001 2127 1059 aut
2159 1016 2320 1076 esse,

363 1084 477 1142 aut
518 1078 633 1144 din
677 1087 852 1144 stare
897 1087 1126 1162 potest
1215 1079 1320 1144 De
1364 1080 1613 1147 nostris
1656 1079 1781 1145 hoc
1814 1087 1993 1146 certe
2027 1080 2318 1164 polliceri

360 1171 554 1246 atque
589 1164 792 1229 etiam
836 1164 1158 1248 spondere
1202 1165 1434 1244 ausim,
1480 1166 1648 1231 nihil
1684 1187 1796 1232 eos
1827 1166 2041 1251 magis
2062 1187 2318 1250 cupere,

360 1269 555 1333 qnam
621 1259 699 1316 ιιι
775 1248 1089 1335 depositis
1163 1249 1465 1317 omnibus
1539 1250 1879 1318 discordiis
1958 1252 2318 1318 fraternam

362 1334 721 1402 amicitiam
745 1336 998 1403 sincere
1024 1337 1365 1403 vobiscum
1409 1336 1655 1405 colant:
1703 1336 1939 1403 deinde
1960 1358 2092 1403 non
2139 1337 2318 1404 aliud

356 1442 673 1505 quaerere
726 1419 1108 1488 concordiae
1178 1421 1555 1504 vinculum,
1625 1445 1822 1508 quam
1885 1444 2122 1507 puram
2185 1424 2318 1490 Dei

354 1509 725 1574 veritatem.
812 1506 922 1573 De
969 1506 1297 1592 Capitonis
1339 1509 1735 1589 sinceritate,
1779 1510 1930 1594 qnia
1972 1511 2133 1575 satis
2252 1532 2315 1574 r-

352 1602 649 1741 ffectam
688 1593 876 1661 vobis
921 1615 1062 1660 esse
1106 1600 1286 1679 puto,
1334 1615 1469 1660 non
1515 1594 1798 1660 multum
1845 1594 2092 1678 loquar.

418 1700 606 1746 acero
658 1680 1090 1763 respondebo,
1146 1700 1278 1745 non
1336 1701 1479 1746 esse
1534 1701 1833 1759 causam,
1893 1700 2012 1746 cnr
2064 1679 2203 1746 ulla
2244 1682 2313 1747 in

350 1784 423 1829 re
468 1764 705 1832 debeat
746 1765 932 1832 vobis
973 1786 1117 1831 esse
1159 1775 1516 1849 suspectus.
1606 1767 1899 1832 Tametsi
1957 1768 2131 1832 enim
2177 1766 2313 1832 sin·

351 1851 573 1936 gulari
646 1852 1114 1936 perspicientia
1185 1852 1539 1934 iudiciique
1611 1853 1913 1918 acumine
1976 1852 2313 1935 praeditus

352 1945 470 2016 est,
519 1958 717 2003 nemo
758 1947 987 2003 tamen
1031 1948 1133 2003 est
1175 1937 1287 2021 qui
1324 1938 1693 2022 religiosius
1736 1937 1999 2002 studeat
2039 1940 2111 2002 in
2156 1939 2311 2004 sim-

348 2022 644 2107 plicitate
697 2022 883 2088 verbi
939 2021 1069 2088 Dei
1126 2044 1196 2089 se
1239 2023 1609 2100 continere,
1663 2044 1741 2090 ac
1798 2022 2050 2089 alienas
2101 2022 2182 2088 ab
2236 2044 2314 2089 ea

347 2110 647 2195 argutias
706 2131 839 2175 non
897 2107 1041 2175 dico
1096 2109 1321 2175 minus
1376 2117 1595 2194 captet
1652 2110 1767 2175 sed
1826 2110 2038 2194 magis
2081 2108 2309 2175 oderit.

344 2195 493 2260 Iam
540 2195 599 2261 si
641 2194 799 2279 qnid
843 2195 912 2260 in
953 2215 1031 2260 eo
1076 2193 1480 2277 desideratis,
1539 2216 1670 2280 qua
1726 2202 1827 2261 est
1876 2194 2203 2262 modestia
2245 2202 2315 2260 et

344 2280 686 2360 facilitate,
742 2301 878 2346 non
931 2278 1123 2346 modo
1177 2280 1511 2346 admoneri
1573 2302 1612 2346 a
1668 2282 1883 2360 vobis,
1944 2279 2058 2346 sed
2115 2282 2312 2347 etiam

347 2367 720 2452 obiurgari,
791 2368 847 2432 si
904 2387 1071 2451 opus
1126 2375 1256 2445 est,
1314 2368 1678 2434 sustinebit.
1766 2367 2053 2432 Tantum
2097 2375 2315 2433 osten-

350 2450 487 2518 dite
533 2473 683 2519 eam
727 2473 846 2517 vos
898 2453 1237 2519 nobiscum
1298 2459 1606 2537 expetere
1656 2453 2315 2521 communicationem

348 2559 518 2623 quae
562 2539 770 2604 servis
816 2536 1064 2604 Christi
1107 2540 1283 2604 inter
1325 2560 1396 2605 se
1441 2559 1585 2605 esse
1629 2538 1836 2605 debet.
1905 2539 2010 2604 De
2054 2545 2314 2604 contro-

346 2625 572 2691 versia
611 2625 759 2708 ipsa
801 2644 935 2689 non
979 2634 1080 2689 est
1133 2624 1307 2708 quod
1356 2636 1573 2692 tecum
1627 2644 1839 2710 agam.
1940 2624 2079 2690 Res
2134 2625 2312 2689 enim

348 2721 445 2778 est
506 2733 673 2796 quae
728 2713 846 2778 vix
902 2730 1020 2796 per
1072 2710 1299 2777 literas
1352 2710 1562 2795 possit
1616 2710 1928 2793 expediri.
2042 2711 2135 2775 Et
2192 2731 2314 2794 ego

346 2799 646 2864 fortassis
689 2805 938 2863 temere
982 2804 1495 2882 arroganterque
1530 2797 1742 2862 facere
1781 2796 2025 2875 videar,
2064 2796 2120 2862 si
2156 2794 2314 2880 quid

347 2885 417 2949 in
488 2904 571 2949 eo
638 2904 882 2969 genere
945 2891 1204 2949 tentare
1271 2883 1504 2948 ausim.
1613 2883 1773 2948 'l'em
1824 2903 2009 2947 erare
2087 2889 2312 2948 tamen

346 2970 517 3037 mihi
572 2989 769 3055 saepe
825 2989 1111 3053 nequeo,
1167 2968 1325 3053 quin
1380 2968 1635 3053 cupiam
1688 2968 1781 3033 mi
1832 2968 1857 3032 i
1909 2969 2313 3035 occasionem

347 3056 640 3142 aliquam
685 3056 826 3121 dari
870 3055 1072 3121 huius
1116 3053 1515 3139 quaestionis
1572 3075 1790 3121 coram
1850 3061 2066 3120 tecum
2122 3054 2311 3119 fami-

346 3142 608 3209 liariter
648 3140 1031 3208 tractandae
1075 3162 1151 3206 ac
1196 3139 1674 3225 disceptandas.
1764 3139 1912 3206 Scis
1968 3139 2145 3205 enim
2205 3157 2314 3204 me

348 3250 692 3314 nunquam
735 3236 953 3295 tecum
998 3227 1092 3293 sic
1133 3227 1358 3293 verbis
1402 3224 1482 3292 de
1517 3248 1596 3293 ea
1629 3225 2000 3306 contulisse,
2046 3234 2122 3291 ιιι
2146 3226 2313 3293 scire

429 3317 601 3383 ssim
642 3315 801 3400 quid
845 3315 1109 3398 plenam
1155 3312 1331 3378 inter
1385 3332 1509 3378 nos
1564 3312 2063 3378 consensionem
2105 3313 2313 3395 impe-

391 3404 406 3417 '
449 3409 507 3468 t.
577 3399 757 3482 Quia
799 3407 1039 3477 autem,
1085 3398 1401 3499 quidquid
1444 3396 1610 3464 illud
1628 3408 1746 3476 est,
1782 3397 1920 3463 indi
2020 3419 2137 3462 um
2172 3418 2314 3463 esse

350 3487 600 3568 sentio,
655 3484 827 3571 quod
879 3485 1133 3551 dissidii
1188 3507 1450 3554 causam
1517 3485 1707 3552 nobis
1769 3505 1927 3568 prac
1974 3491 2112 3564 eat,
2165 3490 2313 3568 peto

349 3574 461 3640 abs
528 3582 630 3654 te,
687 3572 783 3639 mi
825 3571 1230 3655 Bullinyere,
1290 3571 1395 3637 vel
1452 3571 1671 3655 potius
1726 3578 1793 3635 te
1850 3571 2047 3636 etiam
2118 3578 2313 3654 atque

350 3661 552 3726 etiam
596 3657 906 3737 obtestor,
948 3668 1024 3723 ut
1067 3678 1198 3723 non
1241 3656 1437 3722 modo
1480 3657 1560 3723 ab
1606 3656 1789 3722 omni
1844 3656 1992 3722 odio
2035 3677 2111 3722 ac
2155 3676 2313 3723 con-

350 3748 662 3824 tentione,
709 3744 825 3811 sed
870 3744 952 3809 ab
996 3744 1178 3808 omni
1221 3743 1422 3809 etiam
1457 3743 1836 3808 offensionis
1858 3743 2071 3827 specie
2107 3743 2313 3807 simus

349 3831 755 3897 alienissimi.
867 3831 1180 3916 Ignosces
1257 3851 1442 3894 meae
1522 3826 1958 3894 sollicitudini.
2084 3828 2312 3911 Neque

349 3918 532 3983 enim
587 3916 751 3984 haec
808 3915 951 3982 dico
993 3915 1166 3999 quod
1213 3916 1317 3982 vel
1375 3913 1455 3979 de
1554 3914 1860 3980 radentia
1900 3922 2035 3994 tua,
2076 3913 2186 3979 vel
2227 3913 2312 3978 de

350 4004 728 4083 voluntate,
785 4003 890 4069 vel
945 4002 1025 4067 de
1083 4001 1288 4066 animi
1353 3998 1759 4066 firmitudine
1816 4000 2311 4082 constantiaque

348 4089 676 4167 dubitem,
723 4089 839 4155 sed
883 4087 1084 4154 habet
1128 4088 1250 4153 hoc
1305 4087 1648 4172 proprium
1702 4087 1971 4163 caritas,
2027 4093 2104 4150 ut
2151 4085 2310 4150 dum

347 4175 521 4241 nihil
554 4196 691 4241 non
737 4182 989 4258 sperat,
1045 4173 1135 4238 sit
1177 4181 1398 4239 tamen
1442 4173 1709 4238 interim
1765 4192 1899 4237 non
1924 4174 1970 4249 ¹)
2013 4171 2307 4237 sollicita.

346 4260 615 4327 Deinde
657 4261 716 4326 si
759 4260 1134 4326 consideras
1187 4268 1346 4342 quot
1397 4258 1691 4342 undique
1745 4256 2068 4342 pericula,
2122 4277 2342 4340 prae--

347 4348 581 4413 sertim
638 4346 763 4412 hoc
816 4346 1058 4411 infelici
1114 4353 1336 4412 nostro
1394 4346 1651 4412 saeculo
1703 4366 1821 4410 nos
1887 4345 2314 4410 circumstent

349 4443 553 4516 atque
596 4431 965 4510 obsideant,
1021 4431 1265 4510 locum,
1321 4438 1398 4497 ut
1450 4452 1674 4516 spcr0,
1726 4449 1911 4495 meac
1955 4430 2110 4495 huic
2154 4430 2312 4493 sim-

347 4518 649 4603 plicitati,
672 4517 912 4583 nedum
935 4517 1220 4596 veniam,
1257 4517 1584 4583 concedes.
1643 4516 1834 4596 Vale,
1872 4514 2312 4581 eruditissime

346 4606 452 4671 vir
512 4611 713 4687 atque
765 4602 1210 4687 integerrime.
1310 4600 1545 4669 Saluta
1597 4623 1839 4686 quaeso
1894 4602 2061 4666 mihi
2126 4622 2313 4665 reve-

346 4699 579 4756 renter
644 4689 880 4755 fratres
945 4708 1203 4767 omnes,
1275 4686 1695 4769 Halicanum,
1755 4688 2053 4762 Leonem9
2117 4686 2311 4752 Theo-

348 4777 604 4856 domm,
660 4773 1081 4860 Meyandrum
1137 4782 1207 4840 et
1263 4774 1424 4840 alios
1477 4794 1638 4857 quos
1700 4792 1826 4858 ego
1886 4773 1957 4837 in
2023 4773 2312 4838 Domino

349 4860 528 4928 bona
590 4861 724 4928 fide
776 4881 1075 4927 veneror.
1176 4860 1446 4927 Utinam
1491 4881 1597 4924 me
1642 4878 1898 4944 quoque
1940 4856 2143 4925 libere
2198 4857 2314 4923 ad·-

351 4967 630 5015 monere
672 4968 758 5012 ne
802 4947 1194 5032 graveris.²)
1283 4946 1701 5030 Argentorati
1752 4949 1846 5008 12.
1892 4943 2140 5009 Martii.

1605 5081 1923 5148 Calvinus
1966 5090 2137 5146 tuns.

392 5322 2315 5408 218.1)nondeeefinapoyr.uoanullinetiaweionemylicq.

567 5393 1549 5467 mmmm-adeunte·
1598 5391 1947 5462 οισωρωρλο
2002 5391 2319 5458 Gonoessa,

2599 654 2722 721 Isti
2762 653 2920 720 boni
2961 653 3092 721 viri
3134 651 3317 719 Galli
3358 661 3516 720 sunt
3560 655 3855 723 honestis
3905 657 4171 725 familiis
4218 658 4380 739 nati,

2426 760 2591 823 quos
2646 740 2730 806 ad
2773 740 2944 806 hanc
2988 738 3456 822 profectionem
3501 741 3981 826 suscipiendam
4034 744 4381 812 curiositas

2425 846 2562 890 non
2595 826 2891 909 improba
2925 846 3043 892 vos
3080 825 3542 909 regionemque
3573 827 3771 893 istam
3802 829 4060 895 visendi
4093 830 4376 913 impulit.

2424 910 2561 976 Eos
2603 911 2813 996 igitur
2854 933 2983 994 qua
3019 910 3194 978 solos
3236 910 3643 978 humanitate
3682 934 3922 997 quaeso
3964 916 4270 1000 excipias.

3197 1283 3604 1292 *—

3322 1579 3466 1649 214.

2912 1715 3384 1785 GALVINUS
3429 1715 3893 1785 FARELLO.

2591 1887 2810 1953 Anxie
2852 1893 2908 1952 et
2947 1888 3171 1969 cupide
3212 1888 3433 1954 literas
3476 1893 3784 1971 exspectat
3826 1909 3989 1971 quae
4040 1892 4259 1973 ipsum
4297 1894 4376 1959 de

2416 1973 2601 2040 rebus
2660 1974 2946 2040 Genevae
2992 1976 3185 2057 gestis
3241 1974 3555 2039 certiorem
3615 1975 3884 2056 faciant,
3954 1977 4068 2042 etsi
4132 1978 4209 2044 de
4264 1998 4377 2060 spe

2415 2060 2665 2125 reditus
2704 2060 2964 2124 minime
3003 2059 3128 2124 sibi
3164 2060 3601 2143 yralulantem.
3689 2060 3794 2127 De
3831 2062 4117 2145 coniuyt'o
4169 2063 4375 2129 adhuc

2415 2164 2738 2294 wapenooeL
2606 2231 2619 2244 .
2696 2149 2908 2296 Ιςαᾶεεί.
2979 2144 3229 2296 Ίῖανέιαε
3261 2146 3555 2211 iuvenum
3596 2144 3927 2298 ἕωαῑῖοωῃι
3949 2147 4264 2298 ἐνροηέον.
4262 2150 4372 2216 ati.

2421 2249 2654 2400 3233?
2664 2235 3222 2382 ωηαᾝέῗὲεηί
3243 2251 3537 2383 'affl’
3537 2252 3895 2383 aasz?
4047 2240 4377 2317 “mm“

2420 2486 2585 2609 (Εἰς
2619 2486 3001 2610 §.ma
3027 2484 3264 2611 232³·
3295 2483 3927 2625 {affixas-mizi:
3957 2488 4374 2628 waw-

2591 2655 2662 2724 S.
2686 2657 2833 2724 Iam
2853 2657 3103 2724 frustra
3125 2667 3267 2724 tam
3288 2658 3401 2724 diu
3422 2658 3649 2724 literas
3671 2668 3820 2723 tuas
3856 2662 4253 2744 exspectavi,
4298 2671 4377 2729 ιιι

2418 2743 2711 2809 dubitem
2768 2765 2854 2809 an
2912 2742 3180 2809 debeam
3239 2743 3523 2828 amplius
3567 2751 3966 2827 exspectare.
4069 2743 4375 2814 Sustinet

2415 2839 2640 2896 tamen
2696 2828 2912 2897 adhuc
2967 2850 3151 2914 spem
3208 2850 3425 2895 meam
3475 2829 3742 2896 illarum
3810 2830 4237 2899 desiderium:
4296 2853 4375 2899 ac

2416 2935 2661 2999 paucos
2703 2915 3069 2981 etiamnum
3111 2914 3251 2983 dies
3295 2913 3661 2981 sustinebit.
3727 2913 3983 2982 Verum
4017 2920 4075 2982 si
4111 2918 4374 3001 quando

2417 3021 2682 3086 sperare
2725 3000 2995 3082 desiero,
3039 3002 3284 3068 senties
3326 3021 3522 3083 quam
3565 3001 3836 3086 indigne
3879 3003 4146 3070 tulerim
4198 3004 4374 3072 hanc

2414 3087 2927 3154 frustrationem.
3016 3087 3118 3153 Ac
3160 3107 3237 3153 eo
3279 3087 3504 3152 minus
3544 3086 3819 3152 ferenda
3859 3095 3962 3153 est
4002 3097 4118 3155 tua
4160 3090 4376 3174 negli-

2417 3173 2673 3258 gentia,
2723 3172 2894 3258 quod
2952 3181 3090 3238 tam
3147 3172 3481 3256 copiosum
3535 3172 3865 3240 scribendi
3908 3186 4376 3259 argumentum

2414 3260 2689 3343 praebet
2729 3259 2850 3326 tibi
2892 3257 3169 3325 Geneva
3209 3257 3334 3326 hoc
3384 3266 3695 3342 tempore.
3721 3260 3774 3343 ¹)
3860 3259 4152 3325 Tametsi
4195 3263 4376 3327 cnim

2414 3344 2582 3411 mihi
2626 3344 2888 3430 scripsit
2936 3344 3246 3423 Talearis,
3289 3365 3421 3409 non
3465 3353 3691 3410 tamen
3728 3365 4038 3429 assequor
4074 3345 4157 3411 ad
4181 3346 4376 3430 liqui-

2416 3430 2576 3496 dum
2632 3453 2718 3497 ex
2773 3433 2915 3496 eius
2967 3430 3206 3506 verbis,
3255 3429 3515 3514 qualem
3568 3431 3873 3496 habuerit
3913 3432 4376 3516 catastrophen

2412 3516 2530 3581 illa
2570 3517 2807 3583 fabula.
2896 3515 3175 3582 ΜίοΙιαὲΖ
3232 3517 3429 3581 ctiam
3484 3525 3515 3579 t
3607 3515 3941 3617 ographus
3996 3518 4163 3583 mihi
4220 3517 4377 3583 Ble-

2412 3601 2636 3669 chereti
2652 3604 2712 3688 2)
2755 3602 2976 3670 verbis
3017 3600 3366 3679 indicavit,
3422 3536 3709 3667 reffi'um
3761 3602 3920 3667 illuc
3974 3602 4140 3668 mihi
4184 3623 4376 3687 posse

2416 3688 2668 3755 confici.
2759 3686 2896 3754 Sed
2940 3695 3206 3754 centum
3248 3688 3466 3771 potius
3510 3686 3678 3751 aliae
3728 3697 3975 3752 mortes
4018 3709 4217 3771 quam
4261 3688 4378 3755 illa

2415 3794 2614 3841 crux:
2657 3775 2729 3839 in
2772 3793 2901 3856 qua
2943 3773 3183 3839 millies
3217 3771 3506 3856 quotidie
3541 3772 3952 3856 pereundum
3988 3784 4178 3839 esset.
4245 3775 4375 3839 'Pe-

2416 3880 2566 3926 cum
2621 3859 2748 3926 hoc
2799 3858 3011 3925 obiter
3063 3859 3545 3926 communicare
3599 3858 3805 3938 volui,
3872 3868 3946 3923 ιιι
4008 3879 4130 3942 pro
4193 3860 4376 3926 virili

2414 3966 2718 4014 occurras
2783 3965 3011 4011 eorum
3076 3943 3395 4022 consiliis,
3460 3943 3576 4027 qni
3636 3964 3745 4008 me
3809 3942 3971 4009 illuc
4033 3947 4374 4012 retrahere

2416 4031 2782 4098 tentabunt.
2886 4032 3107 4114 Atque
3158 4036 3235 4094 ut
3297 4050 3383 4095 ne
3436 4036 3668 4096 contra
3723 4030 4045 4095 rationem
4103 4031 4375 4096 tendere

2415 4116 2645 4184 videar
2662 4169 2679 4196 ,
2744 4115 3092 4183 consilium
3157 4135 3379 4180 meum
3446 4114 3564 4181 tibi
3622 4134 3947 4198 exponam
4002 4117 4058 4180 si
4113 4114 4375 4200 quando

2461 4204 2703 4270 otieris.
2791 4201 2898 4267 De
2941 4201 3243 4285 coniugio
3285 4200 3503 4266 adhuc
3546 4201 3850 4283 suspensi
3893 4220 4156 4267 sumus:
4200 4200 4376 4285 quod

2413 4289 2561 4355 ideo
2604 4309 2710 4354 me
2754 4288 2925 4354 male
2967 4286 3185 4366 habet,
3233 4288 3386 4370 quia
3427 4287 3684 4351 instant
3737 4286 3976 4369 propin
4022 4287 4094 4352 ni
4136 4287 4376 4356 nobilis

2414 4375 2595 4440 illius
2637 4373 2915 4459 puellae,
2962 4381 3038 4438 ut
3080 4393 3225 4437 eam
3264 4372 3429 4437 mihi
3465 4390 3743 4438 sumam.
3817 4370 3968 4453 Quo
4034 4395 4377 4458 nunquam

2414 4461 2709 4526 facturus
2761 4481 2940 4537 sum,
2998 4459 3128 4523 nisi
3182 4457 3506 4524 Dominus
3559 4466 3847 4523 mentem
3902 4460 4167 4541 penitus
4210 4461 4376 4526 mihi

2416 4545 2781 4612 abstulerit.
2894 4544 3071 4626 Quia
3145 4551 3369 4608 tamen
3447 4543 3797 4609 molestum
3876 4552 3977 4610 est
4052 4566 4373 4626 recusare,

2413 4631 2805 4720 praesertim
2847 4630 3086 4696 talibus
3132 4630 3248 4712 qui
3289 4649 3412 4695 sua
3446 4629 3907 4697 benevolentia
3930 4651 4040 4696 me
4061 4632 4373 4712 obruunt,

2416 4719 2605 4803 cupio
2668 4718 3096 4784 vehementer
3170 4734 3277 4779 me
3351 4714 3476 4782 hac
3554 4714 3937 4781 difficultate
4000 4718 4369 4785 liberatum.

2414 4804 2626 4870 Brevi
2684 4812 2904 4869 tamen
2956 4802 3081 4867 hoc
3138 4800 3436 4866 fiiturum
3491 4821 3849 4885 speramus.
3951 4802 4079 4870 His
4146 4803 4373 4870 diebus

2418 5044 2513 5100 sod
2565 5060 2633 5099 ex
2690 5044 2842 5112 epist.
2893 5044 3021 5111 ipsa
3070 5040 3115 5109 f.
3158 5039 3245 5095 25.
3290 5037 3376 5093 26.
3430 5039 3741 5110 desumpta,
3786 5042 3884 5096 ubi
3915 5056 3953 5095 a
3991 5042 4216 5097 Calvino
4250 5044 4376 5112 ipse

2418 5114 2618 5169 addita
2652 5118 2796 5167 aaut.
2868 5113 3092 5165 Annum
3126 5111 3367 5178 scriptae
3412 5110 3672 5176 epistolae
3718 5107 3856 5163 1540
3902 5124 4041 5179 esse,
4091 5126 4204 5166 aaa
4247 5128 4375 5170 nero

2420 5181 2574 5249 1539,
2611 5182 2694 5237 vel
2727 5198 2795 5236 αυ
2821 5182 3006 5250 primo
3043 5194 3202 5232 versu
3238 5179 3441 5258 elicias,
3476 5179 3604 5233 item
3640 5195 3706 5233 ex
3742 5179 3819 5235 N.
3845 5177 3961 5232 211.

2453 5253 2587 5314 214.
2624 5251 2684 5319 1)
2721 5250 2808 5304 De
2840 5264 3042 5320 maqna
3076 5248 3178 5303 ala
3210 5248 3559 5303 conversione
3592 5263 3776 5303 rerum
3812 5263 3878 5300 m.
3920 5244 4081 5302 Febr.
4125 5247 4376 5306 Gaganae

2416 5323 2576 5391 facta
2608 5338 2656 5375 v.
2696 5318 2841 5373 Kam
2886 5319 2994 5374 sch.
3026 5334 3079 5387 p.
3115 5315 3219 5371 361
3255 5332 3311 5370 se
3385 5359 3394 5368 .

2627 5388 2689 5456 2)
2728 5395 2787 5442 at
2819 5335 3121 5442 ffiecbemt.
3161 5334 3380 5456 (Anstfi
