5050 6167
391 387 507 449 705

550 569 816 635 Liberae
871 575 1148 648 vestrae,
1179 572 1227 652 ¹)
1284 577 1361 633 ut
1410 588 1535 653 par
1589 575 1762 647 erat,
1819 589 2094 653 gravem
2150 586 2331 633 acer-

387 657 662 739 bumque
729 654 1020 719 dolerem
1084 655 1272 720 nobis
1338 653 1734 720 atuilerunt:
1815 652 1986 737 qued
2054 673 2138 719 ex
2198 652 2334 718 illis

386 741 841 818 intelleximus,
880 760 1088 806 novas
1124 739 1400 807 subinde
1422 739 1755 805 molestias
1792 739 1983 804 vebis
2016 739 2331 816 exhiberi,

389 849 607 894 eorum
672 827 1015 891 hominum
1035 829 1094 906 2)
1160 827 1693 908 importunitate,
1753 826 1864 909 qui
1930 832 2190 890 tantum
2250 823 2334 890 ad

387 912 773 980 turbandam
817 911 1151 982 ecelesiam
1199 912 1337 977 nati
1381 910 1709 976 videntur.
1765 911 2022 976 Verum
2064 911 2157 976 sic
2200 919 2335 976 sta-

387 1001 550 1065 tuite
604 1020 755 1064 cum
811 998 1051 1062 animis
1107 999 1373 1077 vestris,
1433 1018 1634 1080 quum
1694 996 1873 1061 aliud
1931 996 2336 1080 prepositum

388 1085 510 1170 ipsi
563 1083 879 1162 habeant,
936 1091 1002 1147 et
1054 1083 1182 1148 alie
1240 1082 1508 1149 consilio
1553 1105 1592 1147 a
1637 1080 1888 1148 Satana
1946 1084 2336 1160 excitentur,

388 1172 632 1238 servire
710 1176 934 1233 tamen
1002 1168 1321 1246 Domine,
1390 1177 1466 1233 ιιι
1528 1190 1646 1251 per
1709 1188 1820 1233 ees
1890 1188 2334 1233 exerceamur.

388 1256 723 1339 Quantum
769 1254 1087 1320 hactenus
1120 1257 1303 1338 potui
1339 1254 1689 1319 aestimare
1723 1275 1809 1318 ex
1844 1275 1917 1319 re
1950 1254 2124 1335 ipsa:
2168 1252 2341 1318 sicut

387 1364 469 1408 ex
509 1342 783 1409 ecelesia
827 1341 1396 1424 Wittenbergensi
1452 1341 1648 1404 fluxit
1691 1340 1814 1404 hac
1858 1348 2084 1404 nestra
2126 1345 2341 1403 aetate

384 1427 825 1512 evangelium:
865 1428 963 1490 ita
996 1426 1185 1490 multi
1221 1425 1403 1490 illinc
1439 1435 1800 1513 emergunt·
1821 1445 1954 1490 non
1991 1422 2341 1490 dissimiles

384 1514 484 1593 iis,
528 1514 644 1597 qui
680 1511 1144 1598 Hierosolyma
1186 1512 1339 1578 olim
1386 1512 1677 1594 profecti,
1724 1530 2106 1593 quocunque
2140 1529 2341 1574 vene-

386 1606 568 1678 rant,
626 1599 962 1683 negotium
1020 1598 1429 1663 facessebant
1473 1599 1649 1662 veris
1694 1595 1946 1662 Christi
1991 1596 2232 1672 servis,
2279 1603 2346 1659 et

384 1683 835 1751 tumultuandi
876 1684 1280 1748 occasionem
1313 1681 1677 1766 captabant.
1728 1682 1877 1749 Hoc
1908 1683 2065 1746 facit
2096 1682 2339 1759 κακοζη-

386 1774 516 1835 ita:
578 1770 738 1835 dum
796 1777 1220 1853 praepostera
1277 1769 1689 1834 affectatione
1732 1776 2057 1850 quaerunt
2101 1768 2169 1831 in
2215 1788 2341 1849 que

386 1856 634 1924 similes
676 1855 905 1921 haberi
948 1856 1202 1938 possint
1243 1855 1505 1938 magnis
1548 1854 1739 1934 viris,
1798 1863 1875 1918 ut
1917 1854 2043 1919 sibi
2086 1872 2342 1935 queque

384 1942 910 2028 magnitudinem
956 1941 1239 2024 aliquam
1283 1940 1645 2006 concilient.
1733 1939 1985 2004 Verum
2029 1938 2155 2005 hec
2199 1948 2342 2002 tan-

385 2035 529 2094 tum
597 2035 1102 2110 consequuntur,
1168 2034 1246 2091 ut
1309 2026 1501 2092 sicuti
1566 2034 1751 2104 sunt,
1815 2025 1911 2090 ita
1983 2030 2346 2109 appareant

385 2135 609 2180 merae
650 2112 892 2179 simiae.
958 2113 1104 2177 Hoc
1145 2112 1294 2177 ideo
1336 2112 1496 2190 dice,
1540 2133 1626 2177 ne
1668 2110 1750 2176 ab
1793 2110 2064 2176 ecclesia
2098 2111 2344 2174 Witte-

385 2200 692 2286 bergensi
752 2200 1134 2283 cuiusquam
1192 2198 1450 2263 animus
1504 2197 1843 2262 alienetur.
1923 2196 2096 2262 Nam
2153 2196 2345 2260 sicuti

387 2286 540 2351 elim
590 2286 812 2362 Petro,
856 2283 1109 2363 Iacche,
1155 2284 1427 2367 aliisque
1470 2281 1777 2366 apostolis
1814 2291 1927 2347 aut
1961 2282 2199 2347 nesciis
2234 2289 2349 2345 aut

385 2371 913 2456 repugnantibus
977 2371 1382 2438 cursitabant
1444 2370 1717 2452 inquieti
1779 2368 1877 2432 illi
1942 2369 2212 2451 spiritus
2265 2366 2346 2430 ad

386 2456 879 2541 impediendum
945 2457 1121 2522 inter
1185 2465 1416 2540 gentes
1483 2454 1809 2539 evangelii
1888 2474 2187 2519 cursum:
2257 2453 2349 2516 ita

386 2550 567 2609 certe
613 2544 821 2608 ausim
861 2562 1154 2607 asserere
1184 2541 1446 2607 Luthero
1489 2562 1625 2606 nen
1670 2543 1889 2605 minus
1932 2561 2125 2623 quam
2162 2539 2350 2603 nobis

389 2628 736 2713 displicere
770 2629 1029 2711 ineptes
1062 2627 1223 2693 istos
1245 2628 1637 2704 Thrasones,
1660 2627 1775 2710 qui
1798 2624 2349 2709 Wittebergensis

387 2714 707 2781 ecclesiae
751 2720 1114 2796 praetextu,
1161 2711 1245 2778 ad
1279 2733 1386 2778 res
1422 2713 1586 2777 bene
1623 2713 2015 2778 constitutas
2050 2732 2131 2775 ex
2170 2718 2348 2774 statu

388 2822 503 2867 sue
526 2798 1053 2878 commovendas,
1091 2799 1475 2865 abutuntur.
1521 2798 1693 2863 Nam
1719 2796 1874 2880 quid
1897 2795 2096 2861 habet
2114 2815 2350 2862 causae

387 2886 514 2953 iste
557 2893 801 2964 vester,
812 2884 867 2971 8)
922 2894 998 2949 ut
1053 2884 1250 2949 rebus
1304 2882 1478 2968 apud
1533 2905 1651 2950 ves
1694 2882 2068 2964 compositis
2113 2901 2188 2946 ac
2231 2901 2349 2963 pa·

384 2972 553 3039 catis
622 2981 959 3038 certamen
1010 2970 1321 3036 moveat?
1413 2969 1666 3052 Litigat
1706 2967 1789 3032 de
1833 2967 2083 3033 frivolis
2134 2966 2352 3034 nescio

388 3057 629 3142 quibus
688 3078 764 3124 ac
821 3055 1011 3121 nihili
1065 3054 1508 3121 caeremoniis.
1601 3056 1746 3119 Hoc
1804 3054 2064 3118 tametsi
2108 3054 2241 3116 iam
2286 3059 2353 3116 et

387 3144 694 3227 iniquum
736 3150 805 3209 et
846 3142 1134 3207 alienum
1178 3162 1218 3205 a
1260 3141 1619 3205 christiano
1663 3138 1931 3224 spiritu,
1976 3147 2201 3203 tamen
2245 3145 2354 3201 ut-

389 3250 655 3314 cunque
698 3238 872 3294 esset
914 3224 1282 3294 tolerabile:
1327 3246 1561 3291 verum
1603 3225 1875 3290 ulterius
1919 3222 2352 3308 progreditur.

387 3313 571 3382 Nam
626 3314 891 3399 adigere
945 3334 1065 3379 ves
1118 3318 1397 3378 conatur
1452 3311 1536 3376 ad
1590 3330 1697 3375 res
1739 3330 2011 3393 prorsus
2067 3310 2353 3376 vitiosas.

388 3400 521 3468 Hic
570 3401 758 3467 vobis
800 3400 1056 3466 fortiter
1099 3396 1534 3463 resistendum
1581 3405 1696 3462 est.
1770 3393 2107 3461 Obtendat
2147 3415 2357 3477 quan-

390 3496 537 3553 tum
588 3485 765 3552 velet
816 3505 1205 3570 magnorum
1248 3485 1541 3548 virerum
1587 3482 1882 3547 nemina:
1928 3481 2158 3545 scitote
2202 3501 2356 3545 eum

388 3573 619 3640 fucum
664 3572 893 3638 facere.
964 3571 1135 3635 Nam
1178 3591 1259 3634 ea
1301 3566 1648 3652 prudentia
1690 3576 1758 3631 et
1798 3566 2127 3649 gravitate
2214 3586 2356 3630 rae-

394 3655 575 3724 ditus
631 3667 731 3722 est
774 3656 1126 3730 Matheo-us,
1184 3677 1260 3721 ee
1303 3655 1553 3736 ingenii
1598 3652 1930 3729 acumine,
1976 3672 2054 3716 ee
2094 3651 2164 3715 iu
2218 3651 2355 3728 'cio,

394 3763 605 3827 eaque
649 3742 1095 3807 moderatiene
1138 3740 1508 3822 praeditum
1553 3740 1710 3803 nevi
1760 3736 2156 3819 Snepkfium,
2177 3737 2236 3818 ⁴)
2282 3745 2361 3800 ut

391 3850 533 3919 guen
583 3827 876 3893 dubitem
921 3847 1190 3892 manum
1226 3826 1415 3891 vobis
1456 3824 1740 3889 libenter
1773 3834 2205 3906 porrecturos,
2246 3821 2358 3887 ubi

397 3936 540 3980 rem
588 3915 753 3980 bene
798 3935 873 3978 ac
917 3914 1187 3996 penitus
1224 3911 1557 3994 cognitam
1602 3908 1970 3974 habuerint:
2058 3907 2361 3972 Primum

398 4007 627 4065 tamen
673 3998 754 4065 de
796 3998 995 4064 rebus
1039 3997 1199 4080 ipsis
1241 3997 1484 4061 iterum
1529 3994 1760 4070 dicam,
1805 3991 1978 4077 qued
2012 3991 2359 4060 videbitur.

399 4085 579 4152 Nam
624 4085 827 4150 semel
871 4086 1004 4149 iam
1047 4083 1233 4148 vobis
1278 4091 1566 4145 mentem
1610 4100 1823 4145 meam
1867 4078 2164 4160 exposui.

579 4170 876 4236 Infantes
920 4193 960 4236 a
1001 4167 1390 4233 mulieribus
1432 4166 1769 4248 baptizari,
1813 4185 1901 4229 ex
1941 4163 2228 4246 pessime
2263 4184 2367 4227 er-

403 4278 557 4324 rore
602 4265 833 4322 natum
879 4265 996 4333 est,
1040 4252 1216 4338 qued
1259 4252 1340 4317 de
1384 4272 1611 4317 eorum
1655 4250 1868 4316 salute
1912 4256 2132 4315 actum
2176 4255 2365 4331 puta-

456 4549 589 4613 547.
626 4549 686 4615 1)
727 4547 882 4617 Quae
915 4547 1030 4602 iam
1063 4561 1182 4602 non
1215 4546 1459 4610 matam,
1495 4541 1609 4596 scil.
1632 4538 2005 4594 Helvetiosde
2028 4537 2368 4593 Mermad-

412 4620 671 4681 aantimn
702 4619 815 4673 zelo
850 4618 1107 4671 certiores
1139 4614 1403 4683 facientes
1434 4610 1619 4665 indies
1652 4610 2093 4679 ingravescente:
2127 4623 2262 4661 nam
2294 4607 2372 4662 ad

414 4680 1555 4819 ssmffmnffss⁸2a“”m“⁸a?aff“ss““m‘rffi
1597 4676 2019 4816 Ἲῖὲέὲιὸᾞ)
2042 4692 2372 4747 'mmm

626 4828 686 4890 2)
725 4825 804 4882 N.
852 4824 976 4892 506,
1035 4829 1150 4878 not.
1202 4768 1489 4877 &quem
1671 4815 1682 4828 ”
1806 4816 1979 4870 hom
2036 4814 2372 4894 scriptorum

415 4889 1588 4956 mhmkoeioMmaximedezectabam
1633 4891 1685 4940 et
1730 4900 1810 4939 stc
1854 4883 2233 4964 Zwmlzanes
2277 4882 2371 4936 de-

413 4966 616 5025 uetari
648 4964 939 5021 didicerat.
1010 4962 1096 5029 Gt.
1137 4961 1258 5016 οὐκ
1290 4958 1553 5030 epistolas
1585 4971 1683 5026 ap.
1720 4953 2047 5010 Neudeoker
2078 4953 2259 5008 Bm.
2293 4952 2370 5006 IL

414 5036 490 5093 9⁰
522 5049 689 5170 ⁸⁶⁹ss
726 5104 847 5161 Δια
881 5100 1329 5170 mmmmm
1360 5095 1567 5164 imit,
1605 5098 1707 5152 aut
1728 5091 2032 5148 Blaesimn.
2089 5088 2174 5157 ef.
2207 5087 2373 5143 aiam

420 5175 501 5233 ‘N'
538 5172 930 5306 wem
964 5232 1552 5317 calvaaffl‘semp
1636 5247 1691 5286 n·
1722 5230 1913 5286 morae
1952 5225 2374 5295 aehocmqotco

427 5312 674 5384 scriptae
703 5310 1054 5365 mmmm.
1129 5303 1271 5361 Vade
1302 5301 1462 5370 mlv-a
1607 5301 1689 5355 10.
1719 5299 1837 5358 Oct.
1871 5296 2026 5353 1544.

641 5395 860 5453 Calvina·
888 5408 1073 5464 opera·
1154 5390 1273 5447 Vol.
1305 5388 1415 5444 XI.

2194 376 2599 444 1544MAI.

4283 389 4409 454 706

2434 565 2615 642 bant,
2661 563 2722 630 si
2763 564 3082 631 defuisset
3117 565 3499 649 baptismus.
3572 566 3806 653 Itaque
3847 568 3919 635 in
3960 570 4202 638 scholis
4245 570 4410 640 defi-

2436 652 2734 728 nierunt,
2764 649 2845 716 de
2881 652 3270 717 necessitate
3307 651 3537 718 salutis
3572 675 3716 719 esse
3749 654 3872 721 hoe
3891 665 4401 724 sacramentum.

2436 736 2646 819 Atqui
2692 757 2812 802 nes
2855 756 3082 802 eorum
3139 736 3417 803 salutem
3467 740 3708 805 scimus
3752 742 4109 808 consistere
4151 743 4220 807 in
4267 745 4403 810 fee-

2437 820 2594 887 dere
2640 821 2945 903 Domini,
3002 843 3131 906 que
3187 821 3598 908 recipiuntur
3641 832 3707 889 et
3749 834 4140 910 coeptantur
4181 828 4256 893 in
4299 850 4405 894 so-

2440 908 2745 972 cietatem
2785 907 3017 991 pepuli
3060 909 3216 974 eius.
3301 909 3449 975 Hoc
3492 910 3756 993 quidem
3799 913 4028 980 foedus
4072 912 4406 999 obsignari

2439 992 2767 1075 baptismo
2808 994 3130 1073 fatemur,¹
3160 993 3273 1060 sed
3317 995 3412 1059 ita
3454 1004 3531 1059 ut
3573 1017 3805 1080 perse
3850 1000 4016 1064 satis
4052 999 4403 1066 firmitudi-

2441 1079 2548 1144 nis
2608 1077 2877 1178 habeat,
2935 1080 3192 1145 etiamsi
3250 1102 3382 1145 non
3427 1079 3691 1146 accedat
3734 1084 4017 1166 signum.
4111 1085 4405 1150 Gravem

2443 1184 2600 1247 erge
2642 1164 2957 1230 iniuriam
2994 1165 3246 1231 faciunt
3277 1166 3692 1248 promissioni
3714 1168 3862 1248 Dei,
3901 1172 4012 1252 qui
4047 1170 4408 1237 infantibus

2438 1270 2575 1315 nen
2631 1250 2857 1315 tinctis
2899 1250 3217 1316 claudunt
3271 1252 3410 1317 eius
3466 1272 3776 1336 regnum,
3834 1275 3995 1337 quos
4048 1255 4189 1339 ipse
4249 1276 4405 1322 suos

2443 1335 2911 1418 prenunciavit
2975 1345 3327 1419 antequam
3392 1347 3836 1404 nascerentur.
3927 1342 4020 1406 Et
4065 1348 4240 1406 certe
4296 1342 4410 1424 qui

2444 1420 2572 1487 hac
2629 1421 3099 1505 superstitione
3155 1430 3469 1488 tenentur
3523 1425 3850 1508 magicam
3893 1427 4409 1493 incantationem

2442 1506 2698 1573 faciunt
2756 1526 2840 1571 ex
2902 1507 3244 1591 baptismo.
3334 1508 3590 1574 Verum
3673 1509 3997 1591 Christus,
4076 1513 4407 1596 inquiunt,

2443 1593 2925 1658 renascentiam
2973 1615 3055 1658 ex
3099 1593 3340 1677 spiritu
3383 1601 3452 1659 et
3496 1616 3665 1678 aqua
3706 1598 4010 1679 postulat.
4057 1598 4166 1662 Ex
4208 1597 4411 1663 simili

2442 1677 2819 1762 ignorantia
2874 1680 3145 1745 emersit
3201 1679 3364 1746 haee
3417 1681 3892 1764 interpretatio.
3982 1681 4269 1765 Quidam
4325 1704 4410 1748 ex
4451 1692 4456 1696 ’

2443 1765 2779 1830 veteribus
2823 1765 3089 1830 nomine
3133 1786 3340 1849 aquae
3383 1767 3956 1833 mortificationem
4009 1768 4407 1853 intelligunt.

2446 1849 2585 1915 Alii
2628 1849 2862 1915 velunt
2902 1871 3045 1918 esse
3081 1850 3550 1935 metaphoram.
3601 1852 3744 1936 Ege
3766 1853 4152 1936 simpliciter
4172 1874 4410 1938 aquam

2446 1942 2514 2000 et
2557 1936 2860 2019 spiritum
2921 1956 3038 2018 pre
3079 1937 3307 2002 eedem
3352 1939 3628 2019 accipie,
3686 1938 3809 2003 hec
3866 1961 4095 2018 sensu,
4152 1940 4409 2005 renasci

2448 2041 2571 2086 nos
2607 2029 2909 2103 oportere
2951 2044 3036 2088 ex
3090 2022 3359 2106 spiritu,
3415 2023 3532 2106 qui
3586 2045 3795 2106 aquae
3853 2025 4064 2090 officie
4109 2025 4412 2109 fungitur

2448 2106 2521 2171 in
2567 2108 2757 2174 nobis
2801 2105 3163 2188 abluendis,
3223 2108 3394 2191 sicut
3451 2106 3606 2173 alibi
3650 2131 3734 2174 ex
3792 2110 4031 2192 spiritu
4077 2121 4302 2176 sancte
4344 2115 4413 2174 et

2449 2193 2621 2276 igne.
2712 2193 3063 2259 Caeterum
3131 2202 3210 2258 ut
3275 2193 3509 2258 demus
3572 2195 3714 2259 fieri
3781 2216 3856 2260 ee
3920 2194 4057 2260 leco
4101 2194 4414 2278 baptismi

2451 2277 2876 2364 mentionem,
2911 2300 2996 2344 an
3031 2279 3180 2345 ideo
3217 2286 3442 2344 tamen
3465 2279 3747 2344 salutem
3770 2280 4137 2364 alligabunt
4156 2279 4410 2364 aquae?

2451 2385 2655 2447 quum
2699 2365 2864 2430 satis
2897 2373 3170 2444 constet,
3218 2364 3511 2430 nendum
3548 2366 3641 2430 ita
3672 2367 3987 2433 usitatum
4022 2372 4180 2430 tune
4211 2367 4414 2432 fuisse

2452 2449 2850 2533 baptismum
2870 2501 2886 2528 ,
2939 2452 3097 2533 quin
3154 2452 3381 2531 multi,
3441 2459 3557 2515 aut
3609 2452 3818 2516 sancti
3878 2459 3993 2516 aut
4034 2459 4414 2518 sanctorum

2452 2536 2603 2614 filii,
2665 2536 2912 2618 absque
2970 2558 3048 2601 ee
3101 2538 3481 2620 migrarent.
3567 2537 3661 2601 Et
3702 2538 3810 2619 qui
3857 2538 4128 2602 fuerunt
4171 2557 4252 2601 ex
4298 2559 4413 2620 pa-

2452 2622 2646 2704 pistis
2688 2621 3042 2700 deterrimi,
3087 2621 3258 2687 hanc
3291 2622 3744 2688 necessitatem
3779 2623 4181 2707 martyribus
4215 2622 4416 2686 remi-

2452 2714 2714 2772 serunt:
2760 2727 2967 2790 quum
3001 2706 3399 2790 baptismum
3436 2708 3782 2792 sanguinis
3825 2729 4034 2790 aquae
4090 2705 4232 2773 vice
4267 2707 4416 2774 sub-

2453 2794 2828 2859 stituerunt.
2917 2792 3103 2857 Haec
3156 2814 3351 2875 perro
3406 2813 3568 2858 sana
3611 2801 3712 2858 est
3755 2793 4080 2871 doctrina,
4125 2793 4419 2878 gratuita

2453 2879 2585 2944 Dei
2629 2879 3003 2961 acceptione
3046 2879 3117 2942 in
3160 2877 3391 2944 foedus
3447 2877 3680 2945 salutis
3736 2887 4030 2961 receptes
4073 2899 4215 2945 esse
4254 2878 4417 2943 fide-

2453 2964 2618 3030 lium
2660 2964 2920 3042 liberes,
2964 2963 3161 3047 idque
3200 2965 3417 3030 Deum
3462 2964 3647 3030 nobis
3680 2971 3996 3029 testatum
4029 2963 4259 3029 fecisse
4294 2962 4419 3028 hae

2455 3050 2913 3132 promissione:
2974 3049 3121 3132 Ego
3177 3070 3326 3114 sum
3379 3049 3565 3115 Deus
3623 3050 3892 3115 seminis
3945 3050 4060 3114 tui.
4149 3047 4232 3112 In
4289 3047 4417 3113 hac

2457 3155 2615 3219 erge
2671 3135 3100 3218 promissione
3153 3134 3692 3219 acquiescendum
3752 3134 3940 3200 nobis
3984 3145 4100 3199 est.
4190 3133 4417 3200 Huius

2456 3220 2721 3304 quidem
2765 3220 3213 3304 promissionis
3257 3220 3547 3305 sigillum
3591 3229 3692 3284 est
3734 3220 4125 3304 baptismus:
4174 3218 4287 3284 sed
4324 3220 4420 3285 ita

2460 3314 2540 3370 ut
2580 3306 2696 3371 illa
2740 3328 2859 3388 per
2902 3327 2972 3371 se
3016 3307 3330 3384 sufficiat,
3374 3307 3429 3371 si
3474 3305 3827 3389 contigerit
3867 3306 4024 3371 huic
4066 3305 4420 3370 accessioni

2460 3412 2596 3456 nen
2639 3391 2784 3456 dari
2827 3400 3088 3474 tempus
3131 3398 3197 3456 et
3239 3391 3472 3457 locum.
3563 3389 3699 3456 Sed
3741 3390 3866 3457 hec
3922 3410 4176 3474 queque
4220 3389 4423 3456 simul

2460 3476 2944 3544 observandum
2990 3486 3107 3554 est,
3153 3476 3537 3541 mandatum
3581 3497 3723 3542 esse
3768 3475 4167 3559 baptismum
4212 3475 4421 3542 eccle-

2460 3564 2615 3642 siae,
2657 3564 2927 3644 eiusque
2968 3559 3600 3627 administrationem
3660 3560 3998 3645 alligatam
4050 3582 4190 3626 esse
4234 3561 4424 3627 verbi

2462 3648 2853 3713 ministerio:
2900 3648 2995 3712 ita
3026 3656 3105 3712 ut
3145 3655 3405 3731 separet
3446 3667 3612 3730 quae
3657 3647 3842 3711 Deus
3886 3646 4262 3724 coniunxit,
4309 3645 4422 3728 qui

2463 3754 2609 3800 eam
2668 3734 2748 3798 ad
2792 3733 3101 3799 mulieres
3157 3733 3486 3798 transfert.
3568 3731 3827 3811 Quibus
3870 3732 4079 3810 enim,
4135 3729 4421 3810 obsecre,

2464 3818 2713 3887 dictum
2758 3827 2884 3886 est:
2930 3820 3052 3897 Ite,
3095 3819 3448 3901 baptizate:
3496 3818 3620 3886 nisi
3665 3816 3770 3882 his
3815 3817 4050 3899 quibus
4093 3814 4246 3880 data
4287 3815 4422 3880 iam

2422 3943 2433 3955 κ
2466 3913 2612 3970 erat
2654 3904 2926 3971 docendi
2970 3913 3258 3989 potestas
3302 3911 3368 3969 et
3407 3924 3652 3967 munus
3701 3900 4160 3966 commissum?
4251 3900 4426 3965 Nam

2468 3988 2659 4074 quod,
2705 3998 2782 4055 ut
2824 3988 3048 4068 audie,
3104 3998 3428 4056 conantur
3470 3988 3586 4053 illa
3627 3986 4025 4070 discerpere,
4082 3986 4280 4052 nimis
4323 3994 4426 4052 est

2466 4075 2718 4160 puerile
2762 4082 2830 4140 et
2866 4075 3229 4141 ridiculum.
3277 4073 3389 4141 Sic
3411 4075 3630 4157 itaque
3651 4073 3996 4149 constitue,
4024 4072 4426 4154 baptismum

2469 4162 2925 4241 obstetricum,
2977 4161 3250 4244 impiam
3308 4180 3450 4225 esse
3491 4159 3633 4224 veri
3677 4179 3751 4223 ac
3794 4157 4069 4242 legitimi
4117 4156 4425 4239 baptismi

2469 4246 3010 4332 profanationem.
3099 4244 3294 4328 Quod
3349 4244 3407 4310 si
3446 4239 3693 4311 veteris
3749 4244 4055 4309 eeclesiae
4110 4242 4425 4306 autoritas

2472 4333 2828 4416 quaeritur,
2872 4332 3079 4396 fateor
3119 4330 3441 4414 equidem,
3490 4330 3569 4395 de
3591 4328 3915 4412 baptismo
3938 4348 3977 4392 a
4018 4327 4180 4392 viris
4201 4328 4425 4410 priva-

2470 4419 2557 4484 tis
2593 4416 3046 4484 administrate
3071 4416 3524 4500 Augustinum
3558 4414 3970 4494 haesitare.⁶)
4038 4412 4428 4479 Invaluerat

2473 4503 2652 4570 enim
2708 4504 2840 4568 iam
2895 4502 3328 4581 consuetude,
3380 4522 3511 4584 qua
3564 4502 3711 4584 pius
3768 4500 3891 4577 vir,
3948 4519 4080 4563 nen
4121 4519 4306 4564 secus
4350 4519 4427 4565 ac

2475 4590 2684 4656 bonus
2748 4586 3082 4654 interdum
3144 4593 3346 4652 nauta
3409 4593 3831 4670 tempestate,
3888 4583 4334 4668 abripiebatur
4387 4603 4429 4647 a

2474 4682 2651 4741 reete
2687 4694 2900 4740 cursu.
2946 4673 3177 4756 Neque
3213 4680 3432 4737 tamen
3474 4670 3671 4736 audet
3702 4692 3962 4754 negare,
4000 4669 4163 4754 quin
4196 4688 4426 4753 pecca-

2475 4771 2616 4826 tum
2652 4761 2755 4840 sit,
2794 4765 3124 4841 utcunque
3158 4764 3485 4823 extenuet.
3533 4755 3882 4822 Caeterum
3921 4755 4001 4820 de
4023 4754 4426 4834 mulieribus,

2474 4848 2718 4930 absque
2773 4845 2908 4910 ulla
2950 4843 3332 4928 exceptione
3374 4841 3797 4908 constitutum
3855 4841 3979 4906 fuit
4020 4840 4092 4904 in
4152 4838 4426 4906 concilio

2474 4931 3019 5016 Carthaginensi,
3074 4951 3160 4994 ne
3203 4928 3468 4993 omnino
3523 4926 3850 5010 baptizare
3908 4931 4346 5008 praesumant.
4366 4926 4430 5003 θ)

2478 5108 2728 5117 ——...———--—
2783 5105 2884 5112 —.—-

2684 5221 2745 5291 5)
2777 5223 2920 5276 libro
2953 5220 2988 5273 2
3022 5225 3215 5274 contra
3248 5217 3478 5287 Epistol.
3515 5209 3877 5284 Pal-moniarii,
3914 5230 4030 5285 cap.
4067 5211 4148 5267 13.

2687 5292 2747 5358 6)
2784 5292 3003 5346 Oenone
3042 5288 3144 5344 100
3177 5287 3391 5343 concilii
3426 5284 3678 5356 Oai-theg.
3713 5283 3765 5338 4.
3946 5348 4017 5405 45
