5050 6167
552 415 680 478 359

552 620 698 666 esse
747 606 907 698 puto
962 598 1074 680 qui
1131 597 1437 680 obsignet
1490 594 1689 661 corda
1750 601 2002 671 nostra,
2067 598 2135 657 et
2188 589 2385 655 fidem
2439 595 2509 655 et

551 683 1072 769 promissionem,
1153 703 1276 749 nec
1342 686 1400 746 2.
1464 701 1654 764 posse
1713 700 1856 744 rem
1896 676 2329 762 spiritualem
2392 683 2510 740 aut

552 771 860 854 spiritum
922 768 1061 834 ulla
1136 789 1207 832 re
1273 765 1592 850 corporali
1659 764 1920 848 ullaque
1982 769 2286 829 creatura
2350 782 2506 826 con-

549 854 804 922 firmari
866 863 981 920 aut
1035 854 1366 937 obsignari
1432 871 1640 935 posse,
1705 870 1915 933 neque
1981 852 2037 913 3.
2098 847 2166 912 id
2232 846 2506 913 verbum

553 951 903 1006 externum
945 948 1177 1023 potest,
1235 938 1444 1003 multo
1500 938 1723 1001 minus
1765 939 2196 1001 sacramenta.
2283 932 2507 997 Verba

552 1027 730 1091 enim
784 1025 858 1090 in
917 1025 1040 1091 hoc
1095 1024 1399 1089 instituta
1446 1029 1603 1088 sunt
1644 1029 1723 1086 ut
1764 1020 2039 1085 doceant
2081 1040 2203 1084 nos
2249 1017 2329 1082 de
2372 1016 2505 1082 Dei

552 1111 912 1187 voluntate,
959 1110 1039 1175 de
1083 1110 1229 1175 eius
1273 1109 1484 1194 gratia
1504 1121 1572 1173 et
1604 1104 2082 1173 benevolentia.
2151 1103 2502 1169 Caeterum

547 1197 768 1262 inanis
810 1196 937 1261 erit
991 1196 1206 1260 omnis
1257 1194 1655 1278 praedicatio
1712 1191 1825 1257 ubi
1879 1190 2148 1273 spiritus
2203 1210 2315 1254 cor
2367 1209 2501 1253 non

550 1282 1002 1359 illustraverit,
1046 1292 1123 1343 ut
1164 1289 1481 1365 perpetuo
1525 1280 1614 1345 sit
1657 1298 1915 1343 verum:
1964 1295 2157 1341 nemo
2189 1273 2375 1339 venit
2417 1272 2500 1337 ad

547 1388 656 1433 me
698 1367 828 1432 nisi
848 1375 1038 1451 pater
1079 1367 1360 1431 traxerit
1392 1385 1561 1430 eum.
1607 1369 1667 1429 4.
1714 1361 1901 1443 Quae
1946 1360 2026 1426 de
2047 1359 2501 1444 obsignatione

547 1451 980 1535 diplomatum
1019 1450 1290 1518 adducis
1305 1501 1322 1529 ,
1389 1449 1636 1533 duplici
1688 1449 1944 1514 ratione
1987 1443 2308 1529 quadrare
2362 1464 2500 1508 non

547 1537 893 1604 videntur:
952 1543 1096 1602 tum
1150 1536 1323 1620 quod
1376 1535 1592 1619 sigilla
1645 1555 1812 1618 quae
1879 1553 1985 1597 res
2041 1542 2201 1596 sunt
2254 1539 2501 1612 tempo-

547 1623 721 1688 rales
737 1673 753 1700 ,
812 1621 1169 1705 diplomata
1224 1643 1390 1705 quae
1432 1623 1590 1685 item
1644 1626 1803 1685 sunt
1859 1615 2246 1700 temporalia
2287 1615 2500 1699 obsig-

547 1717 727 1786 nant,
773 1715 1184 1774 sacramenta
1225 1729 1383 1774 vero
1426 1727 1533 1771 res
1574 1703 1944 1788 corporales
1983 1711 2158 1779 sunt,
2218 1701 2497 1784 promis-

544 1793 763 1861 siones
805 1814 964 1860 vero
1006 1802 1074 1858 et
1105 1790 1269 1858 fides
1303 1812 1409 1857 res
1448 1799 1608 1858 sunt
1650 1788 2021 1872 spirituales
2054 1797 2122 1851 et
2163 1795 2494 1852 aeternae:

545 1884 690 1944 tum
733 1877 906 1962 quod
949 1878 1165 1963 sigilla
1207 1877 1434 1943 literas
1487 1895 1714 1942 omnes
1756 1873 1992 1958 quibus
2035 1871 2499 1957 appenduntur

546 1964 916 2048 obsignant,
956 1970 1367 2029 sacramenta
1409 1982 1564 2027 vero
1599 1981 1639 2025 a
1680 1959 1907 2025 multis
1952 1960 2093 2025 sine
2135 1959 2353 2023 fructu
2388 1978 2495 2022 ac-

538 2048 904 2132 cipiuntur,
964 2048 1200 2132 quibus
1241 2048 1410 2112 nihil
1454 2048 1877 2123 confirmant,
1935 2045 2063 2109 nisi
2106 2046 2243 2110 vim
2286 2063 2494 2125 quan-

539 2132 691 2198 dam
732 2134 949 2200 inesse
1003 2133 1141 2199 illis
1186 2132 1515 2210 dicamus,
1573 2151 1771 2216 quam
1824 2129 2200 2212 ubicunque
2243 2127 2494 2193 fuerint

536 2218 830 2284 exhibita
871 2227 1197 2297 exserant,
1285 2218 1413 2284 uod
1459 2227 1531 2282 tu
1575 2217 1766 2300 plane
1808 2216 1880 2280 in
1917 2224 2031 2279 tua
2065 2214 2487 2296 expositione,

535 2311 603 2369 et
657 2317 863 2382 recte,
918 2324 1138 2388 negas.
1293 2303 1419 2369 uod
1473 2324 1632 2368 vero
1690 2305 1794 2365 6.·
1883 2299 2136 2366 Paulus
2183 2297 2491 2383 σφραγῖδα

532 2398 726 2456 vocat
764 2389 1338 2468 circumcisionem,
1379 2388 1648 2454 videtur
1762 2386 1775 2400 “
1835 2387 1848 2399 “
1888 2385 2058 2451 hanc
2100 2405 2325 2451 vocem
2368 2405 2489 2467 pro

530 2474 721 2560 signo
752 2482 867 2539 aut
900 2475 1233 2559 signaculo
1265 2475 1578 2558 posuisse,
1614 2470 2160 2557 quemadmodum
2193 2477 2263 2536 et
2293 2480 2488 2537 vetus

529 2560 860 2643 interpres
894 2559 1307 2645 signaculum
1343 2560 1812 2642 interpretatus
1845 2564 1961 2635 est,
2004 2577 2136 2621 non
2173 2555 2486 2639 sigillum,

531 2652 647 2711 aut
687 2653 865 2712 certe
909 2643 1194 2730 quadam
1231 2643 1657 2710 translatione
1691 2663 1886 2709 usum
1926 2662 2069 2708 6666
2113 2641 2485 2724 apostolum

531 2730 657 2796 hac
690 2751 865 2808 voce,
913 2729 1085 2813 quod
1128 2730 1363 2796 sentis:
1408 2750 1541 2795 non
1582 2728 1965 2811 infrequens
2005 2734 2106 2792 est
2148 2734 2224 2790 ut
2265 2747 2484 2792 sacra-

527 2817 770 2882 mentis
813 2816 1107 2881 tribuant
1163 2815 1339 2899 quod
1391 2822 1492 2881 est
1545 2814 1815 2898 potioris
1870 2812 2082 2897 partis
2135 2812 2210 2876 in
2262 2833 2482 2878 sacra-

526 2902 787 2974 mentis.
874 2900 1059 2966 Haec
1100 2909 1274 2979 sunt,
1330 2899 1704 2966 dulcissime
1742 2900 1866 2978 vir,
1912 2919 2079 2981 quae
2122 2918 2230 2962 me
2272 2898 2479 2981 impe-

526 2986 721 3053 diunt
761 2993 837 3053 ut
878 2987 1033 3052 huic
1075 2987 1443 3052 sententiae
1485 2984 1793 3052 accedere
1834 3004 1972 3049 non
2004 2984 2267 3068 possim.
2330 2983 2479 3048 Iam

525 3081 593 3139 te
649 3094 769 3157 per
822 3071 1161 3138 Christum
1219 3078 1620 3138 servatorem
1677 3077 1976 3136 nostrum
2028 3069 2346 3148 obtestor,
2401 3090 2477 3134 ac

526 3156 1009 3225 ardentissimis
1092 3157 1347 3223 recibus
1379 3156 1589 3240 pulso,
1637 3155 1802 3221 velis
1850 3155 2021 3221 hanc
2055 3174 2319 3238 operam
2355 3154 2478 3219 tibi

524 3263 789 3309 sumere
830 3251 901 3308 et
1015 3242 1029 3257 ‘
1088 3243 1101 3257 “
1151 3243 1385 3321 locare,
1444 3249 1521 3306 ut
1562 3240 1645 3307 de
1684 3240 1808 3307 hac
1864 3241 2221 3320 sententia,
2279 3261 2477 3323 quam

522 3336 601 3394 tu
643 3348 871 3395 veram
914 3327 1171 3407 asseris,
1227 3349 1335 3393 me
1376 3326 1757 3393 certissimis
1799 3325 2165 3392 rationibus
2206 3343 2475 3408 persua-

524 3412 698 3479 deas.
786 3412 960 3478 Nam
1001 3412 1170 3479 nihil
1212 3411 1562 3480 contendo:
1608 3411 1992 3494 simpliciter
2025 3420 2090 3477 et
2132 3411 2477 3477 sinceriter

523 3498 646 3564 tibi
685 3506 980 3563 mentem
1013 3509 1081 3564 et
1122 3498 1585 3583 cogitationem
1627 3518 1846 3563 meam
1887 3497 2121 3580 pando.
2187 3495 2327 3562 Nec
2360 3495 2475 3561 ob-

519 3583 820 3650 luctabor
862 3583 1126 3649 veritati
1179 3582 1443 3668 agnitae
1484 3602 1804 3667 unquam,
1862 3583 2068 3649 sicubi
2120 3602 2266 3648 eam
2312 3581 2475 3645 emi-

518 3690 671 3737 care
713 3667 957 3734 videro.
1046 3667 1217 3746 Scio,
1263 3689 1397 3734 non
1439 3668 1709 3754 negabis
1749 3668 1939 3733 fratri
1983 3677 2120 3734 tam
2163 3666 2475 3750 supplici-

520 3762 626 3820 ter
667 3752 1034 3820 obsecranti
1079 3752 1253 3838 quod
1297 3755 1482 3820 Deus
1540 3754 1664 3820 tibi
1705 3753 2030 3824 revelavit
2046 3803 2062 3830 ,
2117 3753 2191 3817 in
2235 3773 2361 3835 quo
2405 3759 2474 3817 et

516 3839 667 3905 Deo
708 3838 959 3904 cultum
1016 3839 1356 3906 exhibebis
1399 3839 1851 3924 gratissimum
1868 3889 1886 3917 ,
1945 3848 2015 3905 et
2054 3839 2345 3916 fratrem,
2390 3838 2473 3904 si-

517 3923 671 3993 cubi
721 3934 899 3989 errat
914 3975 931 4002 ,
990 3923 1373 3992 lucrifacies.
1475 3924 1758 4007 Insuper
1816 3944 1923 3990 me
1979 3924 2098 3990 tibi
2154 3932 2471 4007 perpetuo

517 4008 825 4094 obsequio
870 4008 1217 4077 devincies.
1308 4008 1496 4089 Vale,
1540 4009 1982 4076 eruditissime
2027 4010 2153 4088 vir,
2199 4017 2266 4075 et
2300 4008 2471 4075 hanc

519 4115 735 4161 meam
777 4095 917 4160 sive
959 4096 1397 4161 temeritatem
1442 4096 1583 4162 sive
1626 4093 2048 4161 stoliditatem
2104 4095 2260 4161 boni
2313 4113 2471 4159 con-

519 4180 681 4248 sule.
749 4180 896 4265 Ego
938 4201 1180 4263 quaero
1219 4182 1497 4266 gloriam
1539 4180 1667 4247 Dei
1710 4187 1779 4246 et
1820 4181 2261 4266 cognitionem
2303 4179 2473 4246 veri-

514 4266 695 4333 tatis.
780 4265 1037 4331 Iterum
1077 4265 1247 4332 vale.
1335 4267 1442 4333 Ex
1485 4266 1751 4350 'figura

694 4356 752 4417 7.
798 4351 946 4418 Hoc
987 4350 1337 4418 exciderat.
1425 4350 1659 4430 Fides,
1716 4359 1795 4418 ut
1848 4351 2135 4433 perfecta
2177 4350 2285 4417 hic
2328 4371 2471 4417 esse

519 4457 859 4521 nunquam
903 4445 1135 4519 potest,
1181 4438 1277 4502 ita
1309 4446 1379 4502 et
1416 4435 1690 4503 subinde
1733 4437 1924 4503 novis
1958 4437 2257 4503 auctibus
2294 4457 2469 4503 cres-

518 4542 668 4590 cere
709 4531 925 4607 potest
966 4531 1034 4589 et
1074 4524 1450 4589 confirmari
1492 4523 1732 4588 certius
1750 4573 1766 4596 ‚
1824 4543 2054 4588 verum
2100 4522 2270 4586 hanc
2312 4543 2466 4587 con·

516 4607 957 4674 firmationem
997 4628 1038 4671 a
1080 4607 1222 4673 Deo
1266 4629 1410 4673 esse
1452 4608 1725 4674 affirmo.
1793 4606 2017 4688 Quare
2061 4617 2247 4693 pater
2287 4607 2466 4672 illius

519 4693 638 4759 filii
703 4692 900 4757 dixit:
979 4694 1266 4760 Domine
1331 4692 1568 4758 adiuva
1632 4693 2155 4759 incredulitatem
2225 4712 2461 4758 meam.

518 4777 634 4846 Sic
675 4777 952 4861 apostoli
994 4777 1336 4844 Christum
1383 4779 1732 4863 appellant,
1775 4776 2089 4844 dicentes:
2155 4778 2461 4858 Domine,

515 4864 769 4949 adauge
810 4863 999 4929 nobis
1041 4864 1254 4931 fidem.
1342 4867 1793 4950 Augmentum
1828 4885 1986 4949 ergo
2022 4864 2173 4929 fidei
2194 4864 2464 4930 Christo

515 4949 966 5030 adscribimus,
1020 4970 1152 5015 non
1197 4952 1651 5030 sacramentis,
1713 4950 1885 5033 quod
1929 4951 1999 5015 in
2039 4951 2238 5015 Petro
2281 4949 2463 5016 vide-

515 5057 681 5116 mus,
726 5036 837 5120 qui
872 5056 1030 5101 mox
1071 5057 1111 5101 a
1143 5048 1552 5103 sacramento
1587 5035 2041 5102 infirmitatem
2076 5057 2264 5102 suam
2302 5056 2461 5118 pan-

559 5240 692 5320 383.
734 5242 787 5319 1)
833 5239 951 5293 Aut
996 5239 1061 5292 in
1108 5241 1356 5294 numeris
1412 5240 1620 5296 erravit
1666 5245 1766 5295 aut
1827 5241 1890 5294 in
1941 5239 2297 5308 praecedenti
2353 5239 2463 5296 duo

2084 400 2614 470 EPISTOLAE
2661 405 2998 468 382—383

4432 406 4560 468 360

2612 590 2712 656 dit
2725 641 2742 670 ,
2808 588 3013 656 donec
3058 588 3367 657 Christus
3420 610 3572 655 eum
3626 589 4134 656 misericorditer
4186 611 4293 657 res
4336 590 4556 671 iceret,

2611 686 2681 742 et
2742 677 3016 760 spiritus
3078 695 3252 741 novo
3318 675 3600 759 quodam
3663 675 3857 741 modo
3934 676 4206 742 coelitus
4315 686 4556 743 aretur.

2608 763 2938 827 Dominus
2990 770 3056 828 te
3099 761 3213 826 diu
3270 770 3492 826 servet
3540 762 3825 827 ecclesiis
3879 762 3950 826 in
3999 762 4249 841 Gallia,
4303 763 4378 828 in
4430 781 4560 846 qua

2610 847 2826 913 adhuc
2868 847 3083 912 multa
3124 846 3334 912 millia
3373 846 3698 912 habentur
3751 867 3917 930 quae
3969 868 4185 932 genua
4227 867 4348 915 sua
4389 846 4559 914 Baal

2608 954 2744 998 non
2784 932 3122 1000 inclinant.
3143 931 3200 1018 ²)

3498 1025 3523 1047 ⁸
3550 1018 3693 1084 Leo
3735 1017 3862 1083 Iud
3906 1028 4059 1083 tuus
4102 1040 4184 1084 ex
4229 1019 4467 1084 animo.

3376 1260 3775 1269 ————————--

3498 1445 3654 1517 383.

2890 1580 3626 1650 RECONCILIATIO
3668 1579 4273 1650 MORGIENSIS.

2605 1754 2855 1823 (Perrot‚
2902 1753 2990 1807 vie
3024 1754 3093 1809 de
3127 1754 3303 1809 Farel.
3370 1754 3667 1877 Βιίιαιιιθιιιεοτίι
3683 1753 3860 1889 5(196)16
3891 1752 4268 1823 bibliotheque
4300 1753 4371 1808 de
4407 1753 4551 1808 Neu·

3367 1840 3397 1876 c
3434 1840 3467 1876 a
3546 1863 3560 1889 ,
3594 1840 3648 1892 p.
3755 1862 3770 1879 .

2772 1975 2866 2042 Le
2904 1978 3254 2062 mayistrat,
3295 1976 3749 2059 recoynoissant
3789 1974 3846 2040 le
3886 1980 4007 2043 tort
4044 1977 4170 2059 fait
4207 1975 4250 2041 ὰ
4295 1975 4539 2042 Far-el

2605 2058 2900 2128 Calvia
2939 2068 2998 2127 et
3043 2060 3333 2130 Goraut
3379 2083 3514 2145 por
3542 2060 3872 2142 plusieurs
3902 2063 4208 2145 μείωμα
4247 2063 4541 2128 sinistre-3

2592 2253 2863 2384 ἴωσυοίν
2922 2255 3279 2385 convenabss
3328 2318 3714 2401 satis-faction
3779 2284 4051 2401 quelqae'
4093 2323 4288 2402 temps
4350 2338 4540 2401 apres

2592 2404 2768 2486 quiln
2800 2409 3015 2470 curent
3054 2409 3173 2471 este
3211 2404 3531 2488 conyedieae
3545 2429 3564 2468 .-
3620 2408 3679 2467 et
3717 2423 3785 2469 se
3838 2409 4119 2470 trouvent
4159 2404 4250 2469 les
4289 2404 4540 2470 mide-3

2590 2489 2669 2555 de
2708 2489 2777 2555 la
2816 2489 3270 2556 reconciliation
3321 2490 3480 2571 saite
3531 2490 3697 2555 dans
3738 2489 3804 2554 la
3845 2488 3992 2556 ville
4032 2490 4110 2555 de
4154 2488 4410 2574 Morqee
4448 2509 4538 2555 au

2588 2579 2822 2658 respect
2853 2575 2932 2641 de
2967 2574 3210 2641 Farel
3249 2573 3536 2641 Calvia
3571 2579 3627 2639 et
3664 2573 3758 2640 Co
3778 2580 3993 2653 raut,
4031 2575 4223 2641 cestui
4254 2576 4314 2641 ci
4348 2595 4537 2660 quoy-

2589 2659 2972 2741 quedecede,
3035 2660 4535 2744 moesteformeenlatinsiynezdelapro-

2572 2745 3390 2914 gamainja-Calvia,
3433 2750 3491 2812 et
3530 2747 3643 2828 qui
3671 2745 3885 2828 fun-ent
3915 2766 4176 2829 envoyez
4217 2745 4260 2812 ὰ
4296 2745 4537 2813 Farel

2754 2999 3273 3067 Praeteritorum
3329 3002 3776 3068 conviciorum
3830 3009 3901 3068 et
3952 3002 4343 3069 iniuriarum
4401 3023 4534 3070 me-

2582 3087 2860 3153 moriam
2902 3095 3215 3171 perpetuo
3257 3085 3566 3153 abolitam
3608 3088 3914 3153 volumus
3946 3088 4269 3172 utrinque,
4314 3096 4384 3155 et
4416 3110 4534 3156 au-

2582 3194 2689 3240 res
2731 3181 2993 3238 nostras
3034 3172 3105 3237 in
3145 3181 3481 3256 posterum
3526 3172 3927 3239 delatoribus
3974 3172 4360 3242 obstructas.

2751 3258 2982 3324 Primo
3043 3258 3333 3324 fatentur
3393 3259 3631 3324 fratres
3697 3257 4129 3327 Genevenses
4190 3260 4532 3343 carissimi,

2581 3345 2791 3410 satius
2833 3349 2902 3409 et
2943 3343 3306 3410 consultius
3349 3351 3503 3410 ante
3541 3345 3611 3409 in
3696 3365 3913 3410 essum
3966 3367 4153 3411 suum
4201 3345 4285 3412 ad
4327 3346 4533 3414 eccle-

2579 3430 2745 3497 siam
2788 3428 3251 3495 Genevensem
3315 3428 3539 3512 plures
3636 3437 3814 3495 octos
3869 3430 4047 3498 viros
4103 3433 4528 3513 consuluisse,

2578 3514 2883 3598 inprimis
2925 3535 3085 3581 vero
3131 3512 3478 3594 Farellum,
3520 3514 3889 3580 Iohannem
3935 3515 4266 3584 Οαῑυίηαηι
4307 3527 4377 3584 et
4421 3516 4533 3587 co-

2578 3601 2833 3667 raldum
2875 3599 3247 3666 carissimos
3282 3600 3534 3677 fratres,
3577 3601 3689 3685 qui
3731 3599 3848 3667 fidi
3898 3611 4191 3685 pastores
4230 3604 4371 3670 eius
4403 3604 4530 3670 loci

2579 3691 2771 3751 erant
2813 3692 2883 3750 et
2922 3692 3166 3750 statum
3208 3685 3350 3752 eius
3388 3685 3697 3752 ecclesiae
3738 3686 3977 3752 melius
4019 3699 4362 3755 noverant.

2750 3769 2927 3852 Quia
2967 3791 3102 3836 non
3145 3792 3386 3854 paucas
3428 3772 3796 3838 occasiones
3838 3793 3875 3838 e
3917 3775 4332 3841 concionibus
4374 3795 4528 3841 nos-

2577 3856 2701 3921 tris
2741 3855 2951 3920 intell‘
3005 3856 3191 3935 'mus,
3244 3877 3537 3941 quaeque
3579 3857 3906 3923 nollemus
3947 3859 4218 3926 minime
4261 3881 4338 3926 eo
4382 3870 4527 3926 ten-

2579 3940 2777 4007 dendi
2816 3941 3120 4007 instituto
3167 3950 3515 4027 menteque
3557 3951 3809 4022 nostra,
3863 3942 3948 4009 ad
3990 3945 4527 4012 calumniandum

2576 4027 3016 4092 ministerium
3059 4034 3127 4091 et
3170 4025 3532 4093 doctrinam
3566 4028 4052 4095 carissimorum
4092 4032 4369 4097 fratrum
4405 4053 4525 4098 an-

2575 4120 2974 4178 tecessorum
3027 4119 3401 4180 nostrorum
3418 4164 3435 4192 ,
3491 4112 3739 4181 Fareui
3794 4113 4100 4196 dicimus,
4168 4115 4417 4184 Caluini
4457 4124 4527 4184 et

2580 4196 2840 4265 Goraldi
2853 4248 2870 4279 ,
2933 4196 3315 4280 pollicemur
3371 4219 3629 4264 summo
3693 4198 3909 4266 studio
3974 4208 4042 4266 et
4104 4203 4316 4285 quoad
4380 4202 4523 4271 fieri

2575 4291 2791 4366 potest
2832 4281 3323 4367 advigilaturos,
3382 4305 3469 4349 ne
3554 4306 3906 4368 uemquam
3948 4287 4306 4353 incautiore
4350 4288 4523 4355 dicto

2571 4367 2984 4435 offendamus
3025 4377 3139 4434 aut
3177 4369 3258 4435 ab
3303 4368 3433 4435 illis
3546 4372 3849 4436 'enemus.

2745 4454 2907 4520 Reci
2952 4454 3126 4521 imus
3189 4456 3347 4520 item
3411 4476 3531 4520 nos
3608 4460 3938 4522 communi
4010 4477 4133 4541 ope
4207 4458 4521 4536 fratribus

2570 4541 2812 4607 nostris
2855 4475 3109 4606 dffectis
3151 4560 3235 4606 ex
3278 4560 3439 4626 agro
3481 4540 3755 4606 Bernati
3800 4541 4156 4623 adfuturos,
4201 4566 4288 4610 ne
4323 4566 4522 4628 quam

2571 4624 2876 4710 deinceps
2917 4626 3231 4691 iniuriam
3274 4626 3652 4694 conviciave
3687 4627 3860 4710 apud
3893 4648 4014 4694 nos
4047 4629 4375 4715 impunita
4408 4652 4520 4697 ex·-

2565 4711 2926 4794 periantur.

2737 4796 3196 4862 Promittimus
3252 4798 3410 4862 item
3466 4819 3633 4880 quae
3689 4798 3758 4863 in
3815 4798 4087 4865 ecclesia
4142 4798 4516 4867 desideran-

2568 4889 2697 4961 tur,
2744 4890 2821 4947 ut
2863 4890 2965 4946 est
3008 4882 3388 4966 disciplinae
3430 4883 3728 4965 publicae
3770 4884 4213 4965 labefactatio,
4275 4908 4518 4971 paupe-

2568 4988 2714 5032 rum
2750 4966 3107 5051 neglectus,
3152 4967 3435 5049 scholae,
3478 4977 3548 5032 et
3580 4970 3637 5035 si
3672 4990 3837 5053 quae
3873 4982 4033 5036 sunt
4065 4971 4213 5050 alia,
4258 4994 4517 5039 summa

2708 5171 2765 5232 2)
2802 5171 2899 5226 Ex
2933 5172 3040 5226 hac
3074 5170 3326 5227 clausula
3357 5171 3942 5240 efficimuoCalvinum
3974 5175 4390 5232 iamGonevam
4421 5194 4509 5233 re-

2567 5240 2752 5295 diisse.
2824 5241 2940 5295 Leo
2984 5245 3234 5294 mortuus
3278 5248 3357 5297 εει
3401 5243 3452 5296 d.
3492 5245 3574 5298 19.
3612 5245 3777 5299 Iunii
3814 5245 3964 5299 1542.
4045 5245 4297 5301 Certiora
4343 5263 4512 5316 qutun

2568 5327 2684 5366 non
2715 5310 3032 5378 Ιιαὺεαπιιιο,
3067 5310 3216 5364 hamc
3247 5311 3325 5365 ad
3358 5312 3557 5367 calcem
3590 5314 3732 5368 anni
3766 5314 3894 5368 1541
3931 5314 4249 5383 moyn-m.
