5050 6167
618 419 738 482 751

789 603 1141 670 Caeterum
1184 602 1265 669 de
1297 623 1454 687 pace
1494 609 1562 667 et
1600 601 1771 668 bello
1815 603 1971 686 quid
2016 602 2227 669 dicam
2269 623 2406 669 non
2440 603 2561 667 ha-

612 689 750 756 beo.
843 689 1166 773 Cuperem
1212 699 1276 754 te
1335 689 1463 753 iter
1504 689 1830 772 suscipere
1874 687 1958 753 ad
2002 687 2367 773 Tigurinos,
2388 688 2446 771 8)
2492 695 2561 752 et

610 774 681 840 id
722 796 828 841 res
868 784 1164 858 posceret
1204 783 1270 840 te
1315 773 1531 858 digna,
1575 775 1707 839 imo
1751 774 2038 852 ecclesia,
2099 775 2230 839 imo
2276 773 2554 839 Christe.

613 859 809 943 Quod
852 861 1041 943 cupio
1077 867 1153 925 ut
1194 880 1391 945 quam
1427 859 1923 944 diligentissime
1958 860 2220 938 efficias,
2268 868 2337 924 et
2369 860 2557 944 quid-

609 945 766 1030 quid
809 946 1054 1031 poteris
1097 944 1440 1029 pervidere
1496 945 1662 1029 quod
1720 947 1896 1011 factu
1938 946 2027 1011 sit
2067 966 2261 1028 opus,
2320 965 2555 1028 quaeso

612 1041 678 1097 te
721 1052 962 1116 proper
1004 1031 1348 1097 Christum
1391 1053 1473 1096 ne
1519 1030 1834 1115 negligas,
1894 1032 2027 1095 imo
2071 1052 2296 1096 omnes
2339 1030 2557 1096 horte-

609 1117 706 1182 ris
749 1116 833 1182 ad
872 1116 1249 1183 incendium
1304 1116 1425 1183 hoc
1478 1116 2035 1201 restinguendum.
2122 1117 2268 1200 Ego
2311 1125 2376 1183 te
2418 1115 2558 1181 ido-

610 1224 815 1268 neum
856 1203 1069 1286 magis
1113 1223 1245 1267 non
1288 1202 1510 1280 vide0,
1556 1223 1677 1268 nec
1720 1203 1832 1284 qui
1875 1203 2084 1286 magis
2127 1203 2303 1267 norit
2348 1223 2556 1284 quan·

609 1295 753 1354 tum
797 1287 895 1353 illi
938 1288 1307 1353 Thrasones
1350 1309 1552 1371 quum
1594 1289 1664 1352 in
1711 1287 1934 1353 Gallia
1976 1297 2115 1352 tum
2159 1288 2231 1352 in
2276 1286 2556 1353 Germa-

609 1375 723 1439 nia
765 1383 833 1439 et
873 1376 1117 1457 passim
1160 1382 1455 1439 noceant.

781 1460 885 1524 De
951 1458 1235 1542 spadone
1299 1467 1521 1524 nostro
1539 1456 1597 1534 ⁴)
1663 1479 1795 1523 nou
1861 1466 1960 1523 est
2020 1457 2189 1540 quod
2253 1458 2552 1523 scribam.

609 1543 919 1610 Christus
962 1545 1149 1609 Iesus
1204 1553 1512 1628 repurget
1568 1544 1885 1627 templum
1929 1565 2125 1609 suum
2168 1551 2233 1609 et
2276 1544 2439 1608 faxit
2481 1551 2556 1608 ut

609 1631 722 1713 qui
764 1631 1021 1694 intrant
1072 1631 1223 1712 puri
1275 1630 1409 1695 sint
1464 1638 1530 1693 et
1582 1628 1813 1694 mundi
1868 1637 1935 1695 et
1977 1649 2140 1711 pure
2180 1629 2377 1694 litent
2416 1628 2556 1693 Do-

608 1716 809 1780 mino.
897 1714 1344 1796 Quintinistae
1384 1714 1669 1799 facti0,⁶)
1715 1736 1883 1798 quae
1925 1736 2007 1779 ex
2043 1713 2335 1780 Simonis
2379 1716 2556 1798 magi

610 1799 947 1884 discipulis
982 1808 1197 1865 ortum
1220 1800 1517 1884 sumpsit,
1564 1801 1619 1865 si
1633 1799 2004 1884 Epiphanio
2039 1799 2380 1880 credimus,
2427 1802 2555 1865 uti-

608 1906 766 1952 nam
810 1906 929 1969 per
970 1893 1037 1951 te
1078 1886 1369 1951 funditus
1404 1886 1819 1967 exstirpetur.
1909 1887 2232 1952 Dominus
2266 1886 2453 1951 Iesus
2488 1893 2556 1950 te

608 1980 835 2038 servet
877 1992 951 2037 ac
993 1979 1181 2036 tuam
1223 1992 1494 2037 uxorem
1507 2022 1523 2049 ,
1577 1970 2070 2046 Bernardinum,
2121 1973 2553 2049 Genesionum‚

606 2066 677 2122 et
740 2055 1057 2140 quidquid
1121 2071 1221 2123 est
1282 2057 1560 2140 piorum.
1670 2056 1856 2122 Vale.
1970 2054 2221 2123 Omnes
2300 2057 2555 2123 salvere

603 2142 773 2208 iube.
861 2142 1087 2207 Nostri
1132 2142 1250 2209 tibi
1306 2141 1587 2209 salutem
1632 2141 1875 2209 dicunt.
1963 2142 2275 2208 Neooomi
2318 2146 2377 2207 2.
2423 2140 2556 2208 Oc-

605 2226 814 2293 tobris
863 2233 1043 2292 1544.
1067 2227 1124 2311 ⁶)

1644 2313 1946 2380 Farellus
1990 2320 2143 2380 tuus
2185 2321 2380 2381 totus.

1504 2721 1653 2791 575.

1010 2855 1482 2924 CALVINUS
1527 2854 2077 2924 SCH'NEPFIO.
2105 2859 2155 2935 ¹)

773 3009 1465 3096 Monsbelyardensium
1535 3010 1876 3076 libertatem
1932 3011 2005 3076 in
2059 3010 2287 3077 ritibus
2345 3014 2551 3079 sacris

602 3096 899 3172 mendam
940 3098 999 3161 ei
1039 3097 1435 3176 commendat,
1495 3096 1897 3179 Anyelandri
1938 3097 2402 3163 intolerantiam
2442 3119 2549 3165 no-

595 3185 688 3248 tat
731 3186 786 3247 et
825 3183 1190 3247 sentemi'am
1232 3202 1417 3247 suam
1459 3181 1534 3246 de
1574 3182 1945 3264 quaestione,
1989 3203 2140 3247 num
2183 3183 2371 3267 impii
2411 3204 2549 3251 cor-

588 3287 725 3352 pus
771 3264 1008 3333 Christi
1048 3268 1120 3332 in
1162 3287 1348 3333 coena
1389 3267 1712 3348 recipiant,
1756 3269 2025 3350 exponit.

597 3435 710 3503 (Ex
755 3435 1066 3506 apographo
1112 3452 1310 3489 coaevo
1354 3435 1717 3490 bibliothecae
1762 3442 2042 3506 pastorum
2077 3438 2542 3495 Neocomensium.

595 3503 765 3560 Aliud
800 3509 980 3558 exstat
1012 3503 1072 3557 in
1093 3504 1235 3557 Bibl.
1274 3504 1569 3558 Basileeusi
1604 3505 1667 3559 G.
1705 3505 1752 3559 Ι.
1787 3503 1874 3574 22,
1906 3506 1997 3560 fol.
2031 3504 2116 3562 39.
2166 3508 2335 3564 Edita
2370 3517 2455 3565 est
2486 3513 2545 3565 in

594 3573 860 3642 supplem.
879 3573 1055 3626 Bam
1077 3573 1216 3627 Gen.
1240 3569 1393 3630 1576.
1427 3590 1480 3643 p.
1497 3571 1619 3640 425,
1657 3572 1863 3628 Chouet
1885 3592 1938 3643 p.
1958 3573 2079 3644 592,
2116 3578 2288 3634 Amst.
2309 3597 2361 3648 p.
2401 3579 2543 3647 266.)

593 3724 1034 3793 ornatissimo
1066 3726 1208 3791 viro
1251 3733 1318 3791 et
1350 3728 1593 3793 eximio
1619 3726 1870 3794 Christi
1903 3730 2201 3797 ministro
2223 3733 2307 3798 D.
2331 3733 2541 3800 Eber-

592 3811 803 3878 hardo
846 3810 1214 3894 Scenephio
1266 3813 1473 3877 amico
1529 3824 1597 3877 et
1638 3813 1829 3878 fratri
1880 3815 2284 3884 observando
2328 3827 2395 3884 et
2433 3841 2539 3886 ea-

1176 3896 1434 3962 rissimo
1478 3896 1880 3964 Stueardiae.
1898 3903 1957 3976 ²)

765 4030 836 4097 S.
882 4028 1108 4113 Quum
1140 4031 1271 4097 iam
1308 4040 1460 4099 ante
1482 4043 1764 4117 quatuor
1784 4057 2041 4103 menses
2061 4038 2538 4107 intellexissem

587 4115 827 4183 fratres
903 4123 1164 4182 nostros
1232 4118 1887 4205 Monsbelgardensos
1948 4124 2029 4190 ob
2094 4126 2309 4191 nescio
2374 4147 2537 4211 quos

795 4286 854 4346 3)
891 4288 956 4340 in
988 4303 1048 4341 re
1082 4290 1520 4344 sacramentaria
1552 4290 1719 4344 nimis
1753 4297 1950 4346 contra
1972 4292 2280 4348 Lumo-um
2313 4296 2537 4366 eiusque

587 4353 886 4424 famulam
920 4357 1212 4424 miimosos,
1246 4362 1312 4410 ut
1329 4358 1589 4412 nimirum
1607 4361 1923 4414 conciliaret
1937 4361 2291 4430 aliquatenus
2321 4371 2534 4420 utram-

585 4439 694 4548 Ἐκ
720 4430 941 4492 partem
1036 4425 1421 4548 Vidquuoque
1458 4426 1679 4507 calvini
1711 4444 1739 4482 e
1787 4469 1796 4478 .
1909 4431 2086 4484 exime
2121 4439 2445 4502 sequentem,
2484 4442 2536 4490 et

645 4493 813 4615 ugcgaelzt
852 4492 918 4547 V.
953 4493 1070 4547 205.
1216 4510 1323 4565 ess,
1357 4496 1695 4565 Buamqer'e
1948 4499 2001 4554 Ι.
2037 4499 2157 4554 432.
2226 4501 2537 4560 Pestaloesi

579 4574 648 4631 ²⁹⁹
787 4600 854 4693 ’4)
892 4629 939 4682 o
1185 4647 1279 4685 um
1313 4632 1453 4686 mia
1484 4632 1692 4687 annaeo
1725 4635 1807 4688 σεο
1840 4653 1879 4690 a

792 4695 854 4761 ὅ)
891 4632 1360 4769 Pmusque
1392 4701 1647 4770 asseclae,
1683 4719 1736 4758 v.
1767 4703 1846 4758 N.
1906 4637 2129 4760 ἔξαὲἑὸὃ
2162 4712 2214 4760 et
2240 4708 2393 4764 Galo.
2430 4716 2531 4765 cir.

633 4904 706 4916 ..
832 4835 1424 4916 )Inipsaepistolae
1466 4839 2367 4912 ionem-iptioneeoetmorekqitur
2403 4846 2529 4901 Gal-

583 4920 705 4960 um
737 4919 912 4958 manu
944 4919 973 4958 s
1097 4910 1240 4959 tum:
1290 4908 1528 4961 Remitte
1565 4927 1663 4977 per
1698 4911 1927 4978 primum
1968 4913 2217 4966 nuncium
2254 4922 2524 4985 utrasque.

624 4974 842 5037 5751)
881 4972 971 5027 De
1092 4975 1270 5030 kardo
1287 4974 1598 5045 Schnepfio,
1635 4978 1797 5032 cuius
1827 4994 2026 5034 nomen
2061 4980 2242 5036 Gallis
2273 4984 2400 5039 istis
2430 5001 2525 5040 ne·

581 5047 795 5111 quinam
826 5041 1146 5111 facessebat,
1182 5061 1233 5100 v.
1270 5043 1649 5100 Schwarzimn
1680 5045 1744 5099 in
1775 5047 2048 5117 Hmoqii
2080 5050 2309 5121 Encycl.
2353 5055 2415 5107 T.
2443 5056 2526 5108 13.

583 5110 929 5179 Hau-mnam»,
968 5111 1110 5167 Erh.
1147 5112 1195 5169 S
1366 5114 1405 5180 f.
1451 5115 1585 5169 iub.
1623 5115 1776 5168 1870.

790 5182 1282 5243 mmmmm-bis
1439 5183 2524 5257 mimmaddam,quihocapo-

580 5248 837 5327 araphan
884 5250 1254 5306 Neocomense
1303 5252 1621 5318 faciendum
1676 5253 1895 5308 mavit
1946 5269 2117 5324 quum
2159 5258 2213 5311 ei
2258 5258 2526 5315 Calvinus

581 5318 865 5386 mustelam
897 5320 1146 5376 misisset.
1224 5320 1363 5375 Vide
1395 5335 1503 5390 seq.
1535 5326 1647 5377 not.
1682 5321 1735 5376 8.

2142 412 2668 482 ΕΡΙΒΤΟΒΑΕ
2714 417 3050 479 574-576

4486 418 4610 481 752

2663 602 2833 668 ritus
2876 603 3201 668 immerito
3245 603 3499 682 vexari,
3566 603 3717 686 quia
3759 622 3892 669 non
3934 602 4213 668 libenter
4255 600 4610 687 quidquam

2663 690 2734 753 in
2779 688 2917 753 suis
2961 688 3248 754 ecclesiis
3306 710 3455 753 cum
3511 688 3700 772 gravi
3742 688 3949 772 plebis
3987 688 4379 755 offendiculo
4420 690 4607 754 inuo-

2663 774 2805 838 vari
2828 774 3259 857 patiebantur,
3302 774 3615 857 petieram
3638 773 3752 839 abs
3797 783 3864 839 te
3903 795 4023 857 per
4062 774 4286 840 literas
4302 777 4361 859 ⁸)
4405 782 4483 839 ut
4523 773 4608 839 ad

2661 859 2808 925 illos
2851 859 3149 925 molestia
3205 859 3641 926 sublevandos
3699 860 4119 925 autoritatem
4174 868 4360 925 tuam
4402 860 4606 925 inter-

2662 966 2954 1028 poneres.
3065 945 3307 1009 Postea
3368 943 3591 1010 audivi
3654 946 3926 1011 missum
3991 945 4148 1010 illuc
4213 967 4253 1010 a
4319 946 4606 1027 principe

2661 1031 2864 1096 fuisse
2907 1029 3166 1096 doctum
3214 1030 3542 1113 quendam
3595 1041 3663 1096 et
3714 1032 3901 1115 pium
3953 1031 4170 1096 virum
4231 1033 4341 1113 qui
4384 1032 4609 1097 omnia

2662 1117 2884 1182 statim
2938 1137 3058 1199 pro
3116 1137 3234 1181 sua
3297 1115 3642 1200 prudentia
3699 1126 3767 1180 et
3831 1116 4158 1199 aequitate
4223 1117 4602 1200 composuit.

2660 1203 2757 1268 At
2788 1222 2989 1284 quum
3022 1203 3258 1266 fiatres
3294 1201 3645 1284 tranquillo
3680 1203 3749 1267 in
3785 1210 3961 1268 statu
3983 1223 4125 1268 esse
4161 1204 4608 1268 existimarem

2660 1295 2729 1352 et
2763 1288 2884 1352 hoc
2917 1287 3048 1353 illis
3084 1287 3347 1353 nomine
3375 1287 3759 1371 gratularer,
3795 1309 3944 1355 ecee
3977 1289 4218 1353 iterum
4253 1288 4605 1371 derepente

2661 1374 2937 1438 affertur
2989 1373 3201 1438 tristis
3255 1373 3563 1439 nuncius:
3631 1395 3873 1439 novum
3939 1384 4267 1440 certamen
4332 1373 4463 1439 illis
4522 1374 4603 1439 ab

2660 1458 3062 1543 Anydandro
3079 1461 3138 1541 ⁴)
3204 1460 3560 1524 excitatum
3626 1480 3785 1526 esse.
3886 1458 4282 1542 Quanquam
4337 1459 4607 1543 ignotus

2659 1554 2759 1610 est
2800 1544 2968 1609 mihi
3010 1544 3412 1628 Anyelander
3451 1544 3582 1624 ille,
3637 1545 3843 1610 fretus
3886 1554 4110 1610 tamen
4155 1546 4392 1610 amoris
4449 1566 4607 1630 erga

2660 1639 2728 1695 te
2769 1631 2900 1695 mei
2943 1630 3340 1697 conscientia
3382 1637 3450 1694 et
3492 1631 3778 1697 vicissim
3819 1629 4059 1696 fiducia
4101 1639 4257 1695 tuae
4299 1651 4458 1715 erga
4498 1652 4606 1697 me

2660 1715 3170 1794 benevolentiae,
3225 1716 3360 1781 iam
3406 1724 3559 1782 ante
3602 1715 3927 1799 prioribus
3969 1715 4176 1781 literis
4221 1716 4607 1801 simpliciter

2658 1802 2781 1867 tibi
2823 1801 3092 1884 exposui
3136 1800 3291 1885 quid
3334 1800 3413 1867 de
3457 1823 3532 1867 eo
3575 1803 3905 1867 sentirem.
3991 1802 4184 1867 Certe
4229 1823 4429 1884 quum
4474 1803 4606 1867 fra-

2659 1885 2901 1963 tribus,
2957 1908 3116 1970 quos
3160 1907 3280 1971 ego
3324 1886 3647 1953 modestos
3702 1908 3843 1953 esse
3897 1894 3964 1951 et
4003 1888 4257 1970 quietos
4298 1888 4606 1971 pacisque

2659 1979 2955 2038 amantes
2997 1973 3147 2050 scio,
3193 1993 3276 2037 ne
3361 1973 3527 2038 tium
3571 1972 3882 2038 exhibere
3921 1993 4052 2038 non
4097 1971 4372 2053 desinat,
4461 1973 4606 2039 uasi

2659 2065 3046 2140 perpetuum
3100 2058 3232 2123 illis
3332 2058 3538 2123 ellum
3591 2056 3936 2137 indixerit,
3993 2080 4194 2143 quum
4251 1994 4486 2125 deiuge
4540 2069 4606 2124 et

2658 2141 2923 2208 rixandi
2966 2143 3275 2229 cupidum
3320 2152 3389 2208 et
3429 2144 3503 2208 in
3534 2142 3935 2210 sustinendis
3968 2143 4162 2209 malis
4197 2144 4410 2211 causis
4451 2166 4602 2228 per-

2658 2230 2940 2296 tinacem
2986 2251 3129 2295 esse
3172 2229 3460 2307 videam,
3518 2250 3652 2294 non
3706 2250 3970 2312 possum
4025 2228 4215 2295 aliter
4256 2228 4337 2294 de
4379 2251 4455 2295 eo
4497 2232 4600 2296 iu-

2658 2314 2873 2381 dicare
2907 2336 3104 2397 quam
3145 2313 3480 2380 hominem
3524 2335 3667 2380 esse
3708 2314 4064 2397 importuni
4098 2315 4342 2398 ingenii
4376 2323 4445 2380 et
4485 2315 4602 2399 qui

2657 2399 2740 2465 ad
2783 2399 3270 2483 impediendum
3315 2401 3582 2466 Domini
3639 2421 3804 2484 opus
3847 2422 4042 2484 quam
4087 2398 4169 2464 ad
4211 2421 4601 2484 promoven-

2655 2484 2812 2549 dum
2870 2486 2958 2551 sit
3010 2487 3238 2567 aptior.
3326 2485 3625 2552 Antehac
3643 2488 3702 2564 ὁ)
3771 2484 3850 2551 de
3901 2495 4307 2552 sacramento
4361 2507 4603 2552 coenae

2652 2570 2957 2655 litigavit.
3047 2571 3320 2637 Fratres
3338 2622 3352 2648 ,
3412 2580 3490 2636 ut
3530 2593 3601 2636 se
3642 2584 4004 2655 purgarent
4044 2572 4125 2637 ab
4170 2572 4311 2637 eius
4355 2572 4600 2637 calum-

2652 2656 2781 2721 niis
2799 2708 2817 2735 ,
2875 2657 3346 2722 confessionem
3400 2655 3764 2735 ediderunt,
3788 2661 3843 2740 ⁶)
3900 2655 4168 2722 brevem
4225 2657 4492 2739 quidem
4534 2665 4602 2723 et

2653 2741 3045 2825 simplicem,
3112 2741 3228 2807 sed
3290 2763 3437 2808 meo
3490 2742 3728 2808 iudicio
3793 2744 3968 2825 piam
4027 2749 4096 2807 et
4147 2742 4598 2824 orthodoxam,

2652 2835 2721 2892 et
2764 2847 2960 2910 quam
3025 2828 3143 2894 tibi
3199 2848 3453 2912 quoque
3507 2827 3853 2911 probatum
3909 2828 3994 2892 iri
4046 2828 4315 2893 confido.
4404 2828 4470 2894 N
4471 2850 4599 2896 unc

2651 2915 3097 2996 quaestionem
3142 2914 3311 2980 hanc
3354 2914 3665 2998 exagitat,
3724 2935 3883 2977 num
3931 2913 4112 2996 impii
4156 2912 4406 2980 Christi
4451 2934 4595 2981 cor-

2649 3019 2773 3149 gus
2835 2999 2911 3063 in
2973 3019 3176 3064 coena
3236 2999 3572 3083 recipiant.
3594 3001 3650 3076 ⁷)
3756 2996 3909 3064 Scio
3984 3006 4076 3079 te,
4156 2999 4596 3066 eruditissime

2706 3084 3027 3168 cuephi‚⁸)
3049 3105 3089 3148 a
3109 3085 3532 3168 supervacuis
3547 3082 4086 3162 contentionibus,
4107 3085 4299 3150 sicuti
4321 3104 4593 3170 gravem

2650 3176 2717 3234 et
2758 3169 3167 3235 moderatum
3211 3171 3426 3236 virum
3462 3170 3664 3250 decet,
3708 3191 3976 3254 prorsus
4010 3170 4377 3236 abhorrere.
4446 3169 4594 3251 Quo

2650 3254 2942 3333 liberius,
2985 3255 3142 3339 quid
3186 3254 3267 3320 de
3310 3256 3434 3321 hac
3477 3255 3921 3322 controversia
3963 3256 4260 3334 sentiam,
4307 3254 4483 3339 apud
4525 3263 4593 3321 te

2649 3340 3014 3424 profitebor.
3115 3341 3259 3425 Ego
3324 3340 3586 3425 quidem
3653 3340 3917 3406 axioma
3981 3340 4148 3406 illud
4213 3349 4592 3408 constanter

2649 3425 3006 3492 tenendum
3062 3447 3320 3493 censeo:
3380 3427 3847 3511 qualiscunque
3900 3427 3988 3492 sit
4044 3426 4147 3494 vel
4199 3426 4590 3493 sacramenti

2647 3513 2948 3578 minister
2991 3510 3099 3576 vel
3144 3513 3201 3576 is
3243 3513 3353 3595 qui
3395 3512 3655 3594 accipit,
3710 3512 3876 3577 nihil
3920 3521 4138 3577 tamen
4184 3532 4408 3579 eorum
4466 3512 4589 3577 im-

2644 3599 2887 3680 pietate
2929 3595 3229 3681 derogari
3284 3599 3676 3663 sacramenti
3733 3597 3840 3663 vel
3893 3607 4164 3663 naturae
4222 3597 4328 3664 vel
4371 3599 4587 3664 effica-

2645 3683 2800 3748 ciae.
2867 3682 3096 3765 Itaque
3130 3683 3553 3749 constitutum
3590 3684 3713 3749 hoo
3750 3683 3972 3763 haben,
4019 3685 4237 3748 offerri
4281 3685 4351 3749 in
4386 3703 4587 3749 coena

2644 3767 2895 3832 Christi
2938 3787 3170 3851 corpus
3214 3767 3429 3852 dignis
3472 3769 3668 3834 simul
3702 3777 3769 3834 et
3810 3768 4115 3852 indignis.
4205 3769 4460 3834 Verum
4503 3767 4583 3834 ab

2642 3852 3014 3918 infidelibus
3056 3854 3150 3917 ita
3190 3854 3392 3936 recipi
3450 3865 3525 3920 ut
3576 3855 3717 3920 eius
3759 3855 4215 3921 communione
4258 3857 4581 3934 fruantur,

2642 3938 3021 4021 persuaderi
3076 3961 3343 4022 nequ00.
3431 3941 3569 4006 Nec
3622 3950 3781 4024 puto
3835 3960 4048 4005 meam
4107 3943 4501 4007 sententiam
4544 3962 4582 4006 a

2642 4033 2758 4089 tua
2802 4023 3187 4107 discrepare.
3276 4024 3420 4090 Nisi
3474 4027 3651 4090 enim
3694 4025 4030 4092 Christum
4090 4047 4130 4091 a
4183 4047 4301 4092 suo
4345 4027 4580 4111 spiritu

2640 4109 2923 4175 velimus
2966 4131 3289 4192 separare,
3334 4132 3469 4176 non
3510 4111 3824 4177 faciemus
3868 4133 3976 4178 eos
4022 4111 4271 4177 Christi
4362 4115 4579 4179 artici-

2639 4214 2754 4276 pes
2799 4195 2911 4278 qui
2949 4195 3126 4259 illius
3178 4197 3414 4278 spiritu
3465 4196 3726 4280 penitus
3778 4205 3932 4263 sunt
3985 4199 4190 4265 vacui.
4346 4200 4370 4264 i
4427 4221 4579 4283 ergo

2640 4302 2850 4364 capax
2893 4279 3146 4346 Christi
3187 4302 3320 4346 non
3364 4290 3464 4348 est
3503 4282 3634 4347 nisi
3675 4283 3788 4365 qui
3831 4284 3972 4349 eius
4005 4285 4308 4366 spiritum
4345 4285 4579 4351 admit-

2639 4367 2740 4444 tit,
2786 4364 2945 4448 quid
2989 4365 3069 4432 de
3111 4367 3480 4434 infidelibus
3521 4368 3934 4434 sentiendum
3977 4371 4120 4449 erit,
4166 4371 4275 4454 qui
4319 4372 4579 4455 spiritui

2839 4639 2899 4698 3)
2937 4639 3005 4694 de
3268 4640 3394 4695 vide
3427 4642 3506 4698 N.
3542 4641 3665 4710 547,
3700 4649 3813 4698 not.
3845 4641 3899 4697 4.

2838 4707 2899 4776 4)
2932 4710 3003 4763 ab
3046 4725 3071 4762 ι
3108 4724 3169 4763 so
3226 4710 3447 4778 quidm
3492 4711 3783 4781 Schnepfio
3833 4713 4340 4783 Monsbclyardiam
4390 4714 4572 4783 misso,

2631 4783 2863 4858 royante
2895 4777 3032 4832 duce
3175 4777 3185 4790 '
3234 4778 3440 4847 opum-o
3476 4781 3575 4848 qui
3594 4781 3717 4835 eius
3750 4782 3995 4837 consiliis
4017 4783 4082 4836 in
4112 4798 4174 4837 re
4208 4782 4575 4839 ecclesiastica

2837 4915 2872 4968 5
2978 4864 3017 4901 a
3059 4847 3148 4900 uti
3187 4848 3454 4936 cupiebat.
3537 4849 3744 4919 (Heyd,
3779 4851 4002 4919 Her-209
4041 4850 4232 4907 Uli-ich
4263 4852 4392 4907 HI.
4430 4852 4576 4919 149.)

2838 4919 2898 5048 εἶ
2933 4915 3779 5056 ‚fflifflffafflffioom
3817 4986 4059 5055 Reform.
4095 4987 4163 5042 ae
4197 4988 4575 5045 Montbasara

2671 5052 2836 5135 ·.44)’
2872 5052 3109 5120 sortasse
3151 5054 3220 5108 ab
3254 5055 3379 5123 ipso
3416 5054 3646 5112 Calvino
3690 5057 4086 5127 conscriptam,
4133 5075 4186 5113 v.
4232 5059 4304 5127 ej,
4342 5058 4461 5129 Ep.
4494 5057 4573 5112 ad

2685 5127 2893 5253 wamy)
2919 5122 3541 5260 gebmt‘sgm’peit
3588 5194 3858 5250 Bromius
3907 5194 3985 5252 ad
4026 5194 4448 5266 denodandam
4496 5194 4568 5262 cf.

2625 5258 3359 5399 HartmgffinnggdhfiJm,
3395 5262 3597 5319 Brenc.
3633 5264 3723 5319 ΙΙ.
3761 5263 3877 5318 134.
