5050 6167
711 441 837 505 815

704 624 791 692 ad
834 631 901 692 te
943 622 1241 689 scribam.
1329 621 1726 706 Quanquam
1776 622 2015 706 alioqui
2058 623 2326 688 omnino
2369 623 2651 706 scriptu-

703 733 821 777 rus
863 728 1043 776 sum:
1092 709 1195 773 vel
1242 707 1366 775 hae
1408 729 1542 774 una
1576 730 1770 774 causa
1804 718 1883 774 ιιι
1915 711 2192 774 fratrum
2238 710 2502 773 nomine
2538 729 2651 772 vo-

701 798 806 863 bis
851 794 930 861 de
979 793 1355 881 Stephano')
1400 794 1844 877 respondeam.
1912 794 2128 861 Simul
2171 795 2427 859 mittam
2465 794 2651 859 libel-

700 882 845 948 lum
892 879 1316 967 Capaneulffl)
1359 901 1493 945 una
1535 901 1683 946 cum
1727 881 1954 958 literis,
1999 893 2076 946 ut
2110 880 2508 946 Neocomum
2550 879 2648 944 vel

701 969 844 1053 ipse
895 967 967 1031 in
1025 966 1240 1031 reditu
1299 968 1614 1050 perferas,
1688 967 1790 1033 vel
1847 987 1964 1050 per
2027 966 2227 1031 alium
2295 964 2651 1030 mittendas

701 1074 909 1121 cures.
977 1051 1229 1117 Verum
1267 1051 1490 1117 audito
1518 1051 1969 1135 Christopkoro,
2015 1052 2070 1117 si
2109 1050 2265 1136 quid
2301 1052 2426 1115 erit
2460 1053 2649 1117 cuius

702 1146 772 1204 te
828 1135 1306 1203 admonendum
1371 1139 1843 1217 censuerimus,
1911 1138 2142 1203 faciam
2212 1139 2281 1202 in
2336 1144 2646 1219 tempore.

702 1224 891 1300 Vale,
951 1222 1045 1287 mi
1101 1223 1305 1287 frater
1359 1231 1425 1287 et
1478 1224 1683 1289 amice
1727 1224 2163 1308 integerrime.
2261 1223 2356 1288 De
2403 1221 2649 1305 nuptiis

705 1309 966 1377 Comitis
980 1309 1037 1391 ⁸)
1081 1329 1305 1373 rumor
1337 1307 1445 1376 hic
1479 1308 1791 1385 manavit,
1836 1310 2053 1375 nescio
2089 1331 2173 1373 an
2210 1309 2429 1386 falsus,
2473 1320 2650 1372 certo

700 1395 869 1461 mihi
912 1393 1222 1478 bonisque
1266 1415 1495 1476 parum
1541 1393 1878 1459 iucundus.
1947 1394 2156 1478 Cupio
2202 1393 2496 1475 equidem
2540 1415 2651 1458 va-

700 1502 863 1548 num
907 1500 1065 1545 esse.
1155 1476 1392 1545 Saluta
1446 1481 1684 1545 fratres
1741 1479 2090 1564 diligenter
2133 1489 2200 1546 et
2243 1494 2423 1544 tuam
2464 1480 2652 1545 fami-

701 1567 880 1634 liam.
971 1567 1072 1631 25.
1115 1563 1424 1632 Decemb.
1441 1569 1502 1643 ⁴)

1623 1673 1907 1769 Ioannes
1950 1700 2268 1768 Calvinus
2312 1708 2483 1769 tuus.

1474 1995 1885 2008 *a*—

1603 2213 1752 2287 597.

780 2369 1211 2438 MINISTRI
1266 2367 2187 2437 ARGENTORATENSES
2244 2370 2590 2439 NEOCO·

1436 2471 1932 2540 MENSIBUS.

879 2641 1228 2712 (knm‘liam
1281 2644 1359 2710 do
1412 2662 1678 2711 censura
1727 2645 1892 2710 inter
1932 2644 2256 2712 ministros
2295 2646 2648 2713 exercenda.

705 2816 1126 2885 (authenticum
1173 2816 1454 2885 exemplar
1498 2833 1620 2872 cum
1668 2816 2158 2885 subscriptionibus
2209 2815 2560 2886 autographis
2596 2820 2654 2870 et

702 2884 1128 2941 correctionibus
1162 2884 1361 2939 Bucari
1396 2890 1579 3010 οκῧιὸῗ
1607 2884 1974 3022 {cogierffioin
2011 2884 2338 2939 bibliotheca
2371 2892 2651 2956 pastorum

2244 431 2769 502 EPISTOLAE
2815 433 3154 498 596—597

4556 441 4669 505 816

2754 619 2950 686 nione
2991 621 3269 687 nimium
3322 620 3745 702 alienabitur,
3803 621 3937 689 vel'
3969 623 4400 708 imperitiores
4441 646 4521 691 ex
4560 629 4672 694 mi·

2752 706 2978 771 nistris
3020 706 3103 772 ad
3146 709 3608 774 contumeliam
3664 708 3774 774 vel
3830 709 4028 774 etiam
4086 709 4480 775 calumniam
4527 713 4674 779 abu-

2755 801 2979 856 tentur
2994 791 3118 858 hac
3133 792 3462 859 iudicandi
3478 793 4124 878 reprehendendique
4138 796 4419 873 licentia,
4441 807 4505 862 et
4518 798 4675 881 quod

2752 876 3131 942 institutum
3194 891 3295 944 est
3357 879 3440 944 ad
3506 880 3676 946 sacri
3740 881 4089 946 ministerii
4153 881 4676 950 instaurationem

2753 961 2996 1027 valebit
3035 963 3119 1027 ad
3162 965 3304 1029 eius
3340 964 3865 1031 destructionem.
3956 968 4173 1049 Atque
4205 966 4349 1033 ideo
4384 965 4673 1049 Satanae,

2752 1069 2835 1112 ne
2881 1048 2985 1113 vel
3030 1049 3345 1114 alterutra
3387 1051 3494 1117 vel
3549 1061 3824 1134 utraque
3871 1052 3980 1118 via
4031 1055 4294 1135 irrepat,
4349 1052 4676 1137 diligenter

2751 1133 3228 1217 providendum
3269 1143 3386 1201 est.
3476 1138 3788 1202 Attamen
3835 1137 3993 1202 dum
4036 1140 4256 1203 omnia
4297 1159 4509 1204 eoram
4548 1141 4677 1206 Do-

2752 1219 2931 1283 mino
2975 1231 3220 1303 quanta
3262 1242 3604 1304 possumus
3649 1222 4005 1306 diligentia,
4046 1224 4227 1288 omni
4270 1246 4678 1307 personarum

2752 1317 3046 1387 respectu
3091 1306 3361 1386 secluso,
3405 1307 3889 1374 consideramus
3932 1318 4001 1375 et
4042 1309 4500 1393 expendimus,
4555 1331 4681 1377 non

2752 1411 3100 1474 possumus
3155 1412 3290 1456 non
3345 1392 3618 1475 probare
3671 1415 3918 1459 morem
3979 1393 4167 1459 illum
4220 1396 4452 1460 fratres
4507 1415 4680 1461 sacro

2753 1477 3113 1542 ministerio
3152 1476 3495 1561 deputatos
3537 1481 3632 1544 ita
3671 1478 3949 1546 subinde
3989 1480 4309 1565 probandi
4356 1481 4682 1563 perficien-

2755 1561 2967 1645 dique.
3056 1562 3353 1628 Verbum
3398 1563 3673 1630 Domini
3725 1565 3895 1648 quod
3954 1564 4083 1634 huc
4125 1586 4248 1632 nos
4291 1564 4555 1632 deducit
4592 1573 4684 1633 est

2753 1647 2822 1713 id
2867 1647 3039 1731 quod
3083 1650 3358 1731 requirit
3409 1649 3708 1733 religiose
3767 1652 4044 1734 probare
4085 1653 4199 1736 qui
4240 1651 4685 1717 administran-

2755 1734 2857 1800 dis
2898 1732 3186 1800 ecclesiis
3221 1734 3462 1799 debent
3492 1736 3777 1820 praefici,
3821 1758 4090 1821 esseque
4123 1738 4297 1821 ipsos
4330 1737 4686 1820 inculpatos

2753 1833 2822 1886 et
2864 1820 3048 1885 bonis
3087 1821 3476 1886 testimoniis
3519 1822 3602 1887 ab
3644 1823 3947 1889 omnibus
3988 1823 4510 1897 commendatos,
4552 1842 4686 1889 csse

2753 1907 2823 1970 in
2866 1906 3046 1971 omni
3100 1906 3343 1989 pietate
3397 1907 3697 1991 exempla
3751 1909 4007 1994 gregis,
4064 1917 4261 1991 atque
4316 1908 4385 1972 in
4449 1908 4549 1973 his
4600 1909 4689 1974 ita

2752 1992 3066 2075 proficere
3121 1990 3408 2074 quotidie
3460 2001 3537 2056 ut
3591 2014 3708 2077 pro
3791 2015 3974 2061 essue
4029 2013 4256 2060 eorum
4308 1995 4688 2060 manifestus

2753 2079 2872 2142 fiat
2925 2076 3243 2143 omnibus.
3334 2078 3645 2155 Attende,
3708 2082 3927 2162 inquit
3987 2078 4347 2164 apostolus,
4416 2078 4691 2157 lectioni,

2755 2163 3217 2241 exhortationi,
3284 2160 3646 2229 doctrinae:
3711 2185 3796 2229 ne
3855 2165 4151 2251 negligas
4213 2162 4464 2230 donum
4527 2161 4692 2249 quod

2755 2248 2981 2313 datum
3026 2249 3142 2314 tibi
3183 2259 3285 2315 est
3325 2270 3446 2349 per
3485 2250 3863 2334 prophetias
3904 2272 4055 2318 cum
4099 2250 4518 2333 impositione
4559 2269 4692 2315 ma-

2753 2354 2915 2398 num
2961 2335 3375 2419 presbyterii.
3476 2335 3659 2400 Haec
3701 2357 3887 2415 cura,
3943 2336 4014 2401 in
4055 2335 4161 2401 his
4204 2347 4371 2414 esto,
4433 2344 4512 2401 ut
4551 2354 4691 2417 pro-

2753 2439 3018 2504 gressus
3062 2430 3215 2485 tuus
3257 2419 3646 2487 manifest-us
3688 2422 3804 2486 fiat
3845 2422 4165 2487 omnibus.
4252 2421 4402 2486 Iam
4449 2431 4695 2486 certum

2754 2513 2857 2571 est
2896 2504 3190 2571 studium
3223 2503 3347 2572 hoc
3390 2505 3832 2572 admonitione
3871 2508 4147 2573 fratrum
4191 2513 4261 2572 et
4300 2506 4695 2591 collegarum

2754 2592 2825 2656 in
2868 2610 3056 2657 sacra
3098 2590 3431 2657 functione
3465 2592 3740 2657 excitari
3773 2591 4056 2657 multum
4102 2612 4308 2676 posse,
4353 2601 4425 2658 et
4466 2597 4696 2656 fratrea

2754 2677 3048 2760 singulos
3091 2677 3217 2743 hoc
3261 2677 3387 2742 sibi
3433 2677 3719 2743 officium
3775 2678 4069 2745 caritatis
4109 2679 4398 2744 invicem
4444 2674 4694 2754 debere,

2753 2763 2924 2845 quod
2980 2762 3234 2828 Paulus
3300 2763 3625 2846 praestitit
3682 2762 4015 2848 discipulis
4080 2770 4147 2829 et
4210 2761 4479 2847 collegis
4543 2762 4694 2838 suis,

2755 2848 3117 2926 Timotheo,
3163 2849 3314 2913 Tito
3357 2858 3425 2914 et
3468 2849 3631 2927 aliis,
3697 2848 3780 2914 de
3820 2849 4056 2933 quibus
4098 2847 4418 2914 sollicitus
4461 2848 4589 2912 fuit
4625 2851 4700 2911 ut

2753 2936 3160 3018 proficerent,
3203 2934 3277 2998 in
3317 2954 3478 3016 quos
3521 2934 3893 3017 inquisivit,
3950 2954 4111 3017 quos
4155 2934 4352 2999 etiam
4402 2933 4698 3015 explora-

2631 3053 2634 3056 ·
2754 3021 2867 3084 vit.
2957 3019 3063 3085 Ad
3108 3018 3485 3085 Corinthios
3541 3021 3719 3085 misit
3757 3019 4175 3085 Timotheum
4228 3026 4298 3083 et
4338 3019 4575 3084 Titum
4625 3021 4699 3081 ιιι

702 3140 1118 3208 Venerandis
1173 3152 1241 3208 et
1279 3141 1547 3227 optimis
1600 3140 1913 3208 fratribus
1955 3140 2298 3209 Christum
2339 3141 2404 3207 N
2407 3140 2655 3209 eocomi

1480 3225 1879 3294 docentibus.

876 3363 1179 3431 Gratiam
1234 3371 1302 3429 et
1356 3383 1582 3447 pacem
1627 3385 1668 3429 a
1714 3364 2022 3440 Domine,
2082 3361 2652 3430 observandissimi

702 3457 773 3517 et
813 3450 1135 3515 carissimi
1177 3449 1427 3515 fratres.
1494 3447 1891 3533 Quanquam
1928 3457 2150 3514 nostro
2181 3469 2304 3515 vos
2339 3469 2651 3534 responso

700 3555 868 3618 opus
923 3556 1055 3600 non
1112 3534 1439 3615 habeatis,
1505 3544 1730 3599 tamen
1783 3555 1982 3617 quum
2054 3533 2407 3600 debeamus
2461 3534 2651 3600 vobis

700 3621 926 3688 omnia
988 3620 1113 3686 hoc
1174 3620 1390 3705 rogati
1452 3619 1813 3686 detrectare
1874 3619 2225 3688 officiolum
2301 3620 2648 3706 indignum

699 3715 929 3773 nostra
984 3715 1219 3772 mutua
1269 3705 1541 3771 caritate
1600 3705 2136 3772 existimavimus.
2237 3706 2492 3772 Morem
2546 3707 2649 3771 in-

698 3791 1047 3858 staurandi
1090 3800 1158 3857 et
1200 3788 1626 3855 confirmandi
1671 3811 1871 3871 quum
1915 3791 2208 3857 studium
2251 3791 2648 3876 collegarum

697 3876 771 3943 in
812 3897 997 3943 sacro
1041 3897 1342 3952 munere,
1397 3886 1541 3940 tum
1583 3876 1781 3941 etiam
1826 3876 2379 3943 existimationem
2422 3896 2649 3942 eorum

698 3961 876 4045 apud
918 3960 1242 4039 ecclesias,
1287 3959 1369 4027 de
1407 3981 1536 4046 quo
1569 3962 1745 4027 inter
1788 3984 1902 4028 vos
1948 3960 2316 4046 disputatis,
2362 3961 2647 4030 vidimus

695 4046 1037 4115 observari
1078 4045 1279 4112 etiam
1312 4046 1489 4134 apud
1532 4047 1664 4113 alia
1710 4068 1907 4130 quam
1949 4048 2404 4115 ministrorum
2442 4045 2645 4113 eccle·

693 4133 834 4200 siae
874 4131 1166 4217 collegia,
1211 4140 1351 4199 tum
1390 4133 1640 4217 Tiguri‚
1681 4133 1945 4200 Bernae
1986 4144 2054 4199 et
2094 4132 2345 4214 aliquot
2386 4132 2535 4197 aliis
2575 4131 2645 4197 in

692 4217 986 4285 ecclesiis
1039 4220 1108 4282 in
1165 4217 1454 4302 synodis.
1543 4219 1863 4285 Fatemur
1923 4239 2080 4284 sane
2132 4238 2239 4295 ea,
2296 4217 2533 4300 quibus
2589 4218 2647 4284 is

692 4303 901 4370 frater
941 4304 1051 4387 qui
1101 4324 1352 4369 morem
1408 4302 1583 4370 hunc
1626 4325 1758 4370 non
1804 4304 2035 4388 probat
2077 4304 2325 4368 moveri
2366 4303 2646 4381 videtur,

690 4389 883 4458 facile
922 4388 1212 4455 incidere
1255 4410 1460 4473 posse,
1517 4390 1573 4454 si
1619 4411 1753 4456 non
1797 4390 2054 4455 sincera
2095 4386 2387 4454 obtineat
2425 4398 2647 4475 regat·

737 4495 820 4539 ue
864 4475 1083 4540 omnia
1135 4475 1393 4541 caritas.
1478 4474 1705 4540 Facile
1748 4474 1923 4537 enim
1980 4471 2087 4540 vel
2129 4474 2568 4540 excludentur
2608 4495 2649 4539 a

796 4567 987 4625 terna
1029 4557 1471 4627 admonitione
1505 4579 1665 4642 erga
1707 4559 2041 4625 ministros
2076 4559 2188 4643 qui
2224 4582 2307 4625 ex
2341 4560 2530 4643 plebe
2564 4557 2648 4625 ad

688 4665 841 4714 eam
879 4665 1022 4711 rem
1064 4645 1282 4713 idonei
1326 4655 1505 4723 sunt,
1549 4652 1619 4709 et
1656 4643 1814 4711 cleri
1858 4644 2016 4712 ordo
2059 4665 2101 4710 a
2142 4645 2312 4713 laica
2352 4664 2648 4711 commu-

725 4864 957 5055 '5⁹:953
990 4861 1254 4989 ἕίσὸυῑὲπ
1287 4932 1356 4988 de
1374 4934 1590 5004 περσεία
1613 4949 1878 4990 murae
1894 4936 2102 5005 afim,
2139 4951 2331 4992 verum
2352 4935 2420 4991 de
2438 4936 2644 5006 scripto

762 5038 2156 5192 ‘mdmauprcorwormctapriam
2218 5078 2439 5130 monna
2504 5079 2648 5134 orat.

755 5176 773 5193 ’
895 5177 1819 5292 ὼραωιιεοαςοᾱᾱιιῶαιο
1873 5208 2650 5297 &pensandumque

686 5275 2651 5416 Wmfflmdoe,omdunthancada.lbupmmere

2753 3113 3217 3190 cognoscerent
3257 3116 3324 3171 et
3364 3104 3789 3171 emendarent
3825 3105 3880 3170 si
3916 3104 4073 3190 quid
4110 3104 4253 3172 vitii
4286 3105 4696 3187 obrepsisset,

2753 3199 2822 3257 et
2864 3200 3175 3276 urgerent
3215 3191 3482 3274 pietatis
3524 3190 3739 3257 officia
3769 3190 3840 3257 in
3874 3191 4114 3275 quibus
4146 3190 4296 3257 illos
4334 3189 4698 3274 deprehen-

2754 3275 3003 3342 dissent
3068 3297 3338 3343 cessare.
3446 3277 3598 3359 Ipse
3665 3274 3746 3341 de
3800 3297 3919 3341 suo
3983 3276 4275 3342 adventu
4332 3271 4698 3341 Corinthiis

2753 3363 3061 3441 scribens,
3106 3361 3416 3439 Veniam,
3473 3362 3712 3444 inquit,
3770 3363 3898 3428 cito
3949 3364 4006 3429 si
4051 3361 4383 3427 Dominus
4434 3360 4599 3427 velit
4635 3363 4701 3424 et

2752 3468 2827 3514 co
2919 3468 3137 3514 oscam
3192 3468 3320 3511 non
3376 3466 3741 3512 sermonem
3802 3468 4028 3513 eorum
4085 3448 4195 3531 qui
4250 3447 4470 3512 inflati
4526 3450 4696 3523 sunt,

2754 3469 2917 3600 segn
2914 3533 3241 3599 virtutem.
3308 3532 3504 3600 Unde
3542 3553 3700 3598 vero
3742 3535 4124 3618 cogniturus
4166 3531 4352 3598 erat?
4421 3528 4700 3597 Indubie

2753 3638 2831 3685 eo
2874 3615 3047 3700 quod
3089 3618 3665 3686 animadversurus
3699 3633 3841 3684 erat
3883 3619 3958 3684 in
4005 3619 4170 3685 tales
4211 3620 4469 3694 virtute
4512 3614 4701 3699 spiri-

2753 3715 2860 3767 tus
2894 3703 3100 3769 sancti
3143 3703 3478 3786 aliquanto
3520 3705 3831 3783 seuerius,
3877 3715 3945 3770 at
3977 3719 4112 3770 non
4156 3705 4285 3771 nisi
4327 3706 4407 3769 in
4442 3700 4700 3771 eonvio-

2750 3798 2851 3854 tos
2895 3789 3247 3855 inflationis
3285 3810 3458 3856 suae.
3546 3789 3652 3856 De
3697 3790 3801 3855 his
3856 3809 4014 3856 vero
4057 3811 4260 3874 quum
4302 3788 4701 3854 delationem

2749 3895 2792 3939 a
2859 3874 3107 3939 familia
3160 3873 3401 3941 Ghloes
3474 3876 3712 3941 absens
3765 3875 4166 3952 admisisset,
4231 3876 4382 3959 quis
4450 3872 4700 3940 dubitet

2750 3960 2949 4025 etiam
2992 3970 3396 4043 praesentem
3441 3972 3666 4044 postea
3707 3963 3778 4026 in
3817 3981 3928 4028 eos
3980 3960 4453 4044 inquisivisse?
4542 3959 4702 4024 Pre-

2749 4046 3018 4111 cabatur
3061 4044 3236 4111 idem
3278 4049 3612 4129 apostolus
3653 4067 3694 4112 a
3727 4046 4014 4114 Domino
4058 4057 4135 4112 ut
4178 4046 4439 4112 videret
4471 4043 4700 4109 faciem

2748 4131 3430 4200 Thessalonicensium
3474 4153 3601 4215 quo
3642 4133 3977 4216 suppleret
4018 4131 4395 4215 ὖστερῆμαια
4437 4138 4700 4201 πίστεως

2749 4215 2962 4301 αὐτῶν,
3005 4236 3170 4301 quae
3213 4216 3490 4283 deerant
3545 4217 3699 4284 fidei
3742 4218 4036 4284 illorum:
4103 4219 4332 4284 orabat
4378 4217 4543 4301 ipsis
4586 4233 4700 4279 au-

2750 4316 3122 4387 gescentem
3164 4313 3242 4368 et·
3273 4301 3746 4369 redundantem
3781 4305 4139 4382 caritatem,
4179 4313 4255 4369 ut
4295 4313 4367 4367 et
4409 4302 4541 4385 ipsi
4583 4316 4702 4365 sua

2751 4390 3032 4454 invicem
3075 4395 3144 4453 et
3184 4391 3477 4455 omnium
3520 4389 3718 4456 corda
3759 4391 4247 4467 confirmarent,
4305 4409 4440 4471 quo
4484 4389 4701 4453 essent

2749 4474 3356 4558 irreprehensibiles
3411 4475 3485 4539 in
3539 4477 3886 4543 sanct-itate
3928 4495 4144 4541 coram
4190 4474 4354 4540 Deo.
4447 4471 4702 4566 Eadem

2752 4558 2833 4626 de
2876 4580 3076 4627 causa
3116 4561 3386 4626 miserat
3427 4559 3509 4625 ad
3572 4581 3682 4627 eos
3726 4561 4163 4639 Timotheum,
4210 4560 4464 4642 hocque
4508 4555 4700 4623 officii

2748 4646 2880 4712 illis
2933 4665 3150 4711 coram
3206 4646 3345 4729 ipse
3402 4656 3555 4712 ante
3606 4646 3699 4711 ita
3751 4646 4195 4731 praestiterat,
4254 4655 4332 4711 ut
4387 4656 4699 4727 tanquam

2748 4739 2937 4816 pater
2982 4731 3149 4798 filios
3192 4752 3348 4798 suos
3402 4732 3791 4799 adhortatus
3842 4733 4044 4798 fuerit
4098 4743 4166 4798 et
4208 4729 4590 4798 consolatus
4631 4729 4698 4789 et

2749 4817 3142 4894 obtestatus,
3203 4838 3329 4900 quo
3385 4825 3807 4884 versarentur
3859 4817 4057 4903 digne
4111 4837 4331 4884 coram
4389 4813 4694 4882 Domino.

2749 4899 2933 4970 Haec
2986 4901 3278 4987 quidem,
3336 4904 3494 4986 quia
3549 4903 3762 4968 officia
3813 4903 4102 4970 caritatis
4156 4915 4344 4981 sunt,
4401 4898 4695 4967 omnium

2752 4987 3279 5055 Christianorum
3336 5003 3516 5056 sunt:
3567 5000 3640 5053 at
3691 4990 3845 5072 quia
3897 5008 3939 5053 a
3991 4989 4313 5055 ministris
4369 4986 4697 5053 Dominus

2749 5075 3025 5160 requirit
3066 5082 3144 5140 ut
3183 5076 3435 5141 cunctis
3473 5095 3544 5140 se
3577 5075 3649 5138 in
3682 5073 3980 5141 omnibns
4022 5094 4192 5157 quae
4232 5074 4505 5157 pietatis
4545 5072 4696 5137 sunt

2750 5159 3053 5244 exempla
3093 5160 3452 5244 praebeant
3489 5161 3759 5244 populo,
3813 5158 3884 5226 id
3934 5159 4131 5226 etiam
4171 5160 4241 5225 in
4286 5159 4416 5227 hoc
4458 5170 4694 5253 gouel?

2749 5247 2946 5313 officii
2988 5245 3257 5314 studere
3298 5244 3555 5325 debent,
3611 5254 3691 5312 ut
3730 5247 3908 5333 piam
3948 5246 4197 5314 scilicet
4235 5259 4484 5331 gerant
4519 5237 4694 5339 solhff

2749 5333 3109 5400 citudinem
3162 5332 3454 5399 omnium
3508 5331 3801 5416 quidem,
3866 5332 3991 5398 hoc
4041 5343 4263 5399 autem
4313 5330 4535 5417 magis
4592 5343 4696 5393 sm
