5050 6167
416 450 539 512 ⁷5⁷

410 654 557 789 3133
620 729 689 786 te
751 729 828 785 ut
906 632 1501 803 (ῗυιξηθωὲἒέξιῗῐό)
1512 631 2371 803 οὲΐωίἓῃοέωριζῗᾶοίεωῗέ

458 807 750 872 roximas
807 826 989 871 meas
1042 806 1285 871 literas.
1373 806 1521 871 Iam
1575 807 1754 872 enim
1808 806 1903 870 ita
1954 804 2122 870 mihi
2165 824 2372 889 popu-

412 828 556 959 fam
598 891 783 958 hunc
820 913 940 957 seu
983 891 1321 958 ecclesiam
1340 943 1356 970 ,
1413 911 1580 976 quae
1623 898 1727 957 est
1766 891 2074 974 frequens
2116 889 2198 956 ad
2246 896 2372 954 200

414 986 488 1045 et
544 978 855 1061 amplius,
916 977 1216 1055 devinxi,
1275 986 1353 1042 ut
1409 977 1578 1042 nihil
1631 998 1767 1042 non
1822 977 2031 1043 ausim
2088 995 2369 1058 sperare.

414 1064 710 1131 Accedat
757 1062 952 1129 modo
995 1071 1115 1128 tua
1161 1062 1519 1164 prudentia
1576 1082 1742 1146 quae
1796 1083 1915 1129 nos
1959 1061 2044 1126 ad
2085 1061 2373 1146 aliquam

414 1150 529 1216 hio
563 1149 947 1233 disciplinae
988 1157 1534 1215 restaurationem
1581 1148 1863 1216 adiuvet.

588 1234 886 1301 Ecclesia
942 1235 1256 1302 universa
1310 1242 1377 1299 te
1445 1234 1693 1300 salutat
1741 1242 1808 1299 et
1865 1242 2020 1299 tuae
2074 1233 2403 1316 precibus.

416 1341 491 1387 se
533 1320 965 1386 commendat.
1055 1320 1194 1385 Nos
1250 1320 1488 1385 fratres
1544 1329 1804 1386 nostros
1863 1318 1929 1385 S.
1974 1317 2291 1396 Andreae,
2314 1319 2373 1401 ⁶)

418 1414 489 1472 et
542 1407 601 1472 si
658 1408 771 1489 qui
824 1414 982 1472 sunt
1039 1427 1201 1490 quos
1242 1404 1576 1471 Dominus
1629 1406 2013 1484 visitaverit,
2056 1425 2177 1488 pro
2218 1425 2373 1470 con-

416 1493 606 1559 cione
647 1492 936 1558 Domino
977 1490 1599 1559 commendavimus.
1687 1491 1840 1576 Ipso
1862 1499 1942 1556 ·te
1987 1510 2105 1556 suo
2137 1490 2376 1574 spiritu

580 1589 609 1641 t
648 1599 725 1643 ac
767 1577 881 1642 diu
932 1576 1119 1643 nobis
1173 1586 1391 1643 servet
1430 1576 1843 1642 incolumem.
1930 1577 2201 1660 Raptim
2243 1577 2374 1642 Ar-

419 1665 729 1750 gentinae
774 1667 832 1728 3.
872 1662 973 1728 Id.
1019 1661 1248 1730 Octob.
1303 1667 1484 1727 1544.

833 1802 906 1866 T.
944 1800 1563 1900 observantissimus
1599 1798 1955 1884 discipulus
1994 1806 2062 1865 et
2093 1798 2269 1865 filius
2304 1797 2374 1863 in

1038 1887 1325 1952 Domo
1537 1970 1952 2038 valerandus
1986 1919 2328 2038 *Ponanua

594 2176 884 2244 Comites
904 2179 960 2254 ⁷)
1003 2186 1215 2261 agunt
1259 2177 1377 2243 tibi
1422 2177 1670 2261 gratias
1711 2175 1881 2260 quod
1925 2176 2188 2241 illorum
2234 2196 2374 2241 me-

420 2263 730 2343 mineris,
787 2271 855 2328 et
904 2270 971 2327 te
1024 2262 1383 2346 plurimum
1439 2264 1697 2329 salvere
1750 2271 1997 2344 optant.
2095 2262 2243 2346 Ego
2286 2258 2373 2325 D.

419 2349 700 2430 Davidi,
761 2348 1057 2428 Nioolao,
1112 2358 1180 2414 ot
1218 2349 1406 2414 fratri
1449 2358 1593 2428 tuo,
1651 2368 1726 2414 ac
1768 2349 1921 2413 DD.
1971 2345 2036 2412 S.
2083 2346 2381 2413 Andreae

301 2513 309 2521 ,
422 2443 494 2503 et
536 2434 923 2502 Maldonade
935 2435 993 2509 8)
1050 2455 1201 2500 cum
1258 2434 1577 2500 uxoribus
1632 2443 1698 2499 et
1741 2433 2051 2499 universa
2107 2432 2380 2498 ecelesia

422 2520 710 2589 salutem
765 2533 919 2603 opto
969 2520 1046 2585 in
1086 2518 1398 2586 Domino.
1500 2517 1737 2586 Frater
1789 2526 2011 2584 noster
2064 2518 2148 2584 D.
2194 2516 2376 2600 Bap-

420 2604 646 2693 mv)
689 2605 929 2671 abhinc
971 2626 1090 2670 sex
1142 2617 1257 2672 aut
1298 2614 1551 2689 septem
1596 2605 1734 2671 dies
1776 2605 1849 2669 in
1893 2602 2181 2670 Galliam
2226 2623 2379 2686 pro-

420 2692 679 2846 ίὲιοξῑὲἰθ
691 2699 809 2842 effi.
828 2691 1152 2843 iugulator
1207 2702 1433 2758 noster
1481 2690 1804 2758 Antonius
1858 2710 2009 2756 cum
2064 2688 2380 2755 uxorcula

1331 3135 1483 3206 578.

914 3271 1412 3340 FARELLUS
1456 3269 1894 3339 GALVINO.

602 3400 1879 3530 ῥυεαῑιωνειωοεφιειιωιωαει
1939 3442 2144 3508 seam
2206 3441 2384 3523 apua

425 3531 1201 3701 wammam
1232 3529 1652 3597 oommdard.
1719 3528 1807 3594 In
1846 3547 1967 3610 quo
1998 3533 2208 3596 tamen
2241 3547 2384 3611 opes

427 3790 545 3855 (Ex
591 3787 930 3859 autographo
976 3786 1340 3841 bibliothecae
1388 3790 1669 3856 pastorum
1702 3784 2170 3839 Neocomensium.
2241 3784 2383 3854 Bpp.

1015 3855 1221 3910 Farclli
1254 3854 1436 3909 fascic.
1474 3853 1544 3908 11.
1581 3851 1652 3907 N.
1688 3851 1803 3913 28.)

604 4045 1005 4112 Doofisfimo
1058 4053 1127 4108 et
1176 4041 1557 4108 fidelissimo
1608 4042 1856 4124 pastori
1898 4040 2208 4108 eeclesiae
2251 4038 2387 4106 Ge-

426 4132 746 4201 nevensis
788 4129 885 4196 Io.
931 4128 1211 4196 Calvino
1252 4128 1439 4193 fratri
1482 4137 1549 4193 et
1587 4135 2308 4278 symmystaeomvm

610 4352 681 4420 S.
784 4349 951 4418 Heri
1033 4351 1244 4416 tribus
1329 4350 1548 4418 verbis
1621 4349 1716 4422 ,ad
1802 4358 1867 4415 te
1955 4369 2072 4432 per
2151 4347 2388 4414 fratres

644 4537 1776 4619 ωφιοηωιιαῢίρααίωωσωίὼ
1966 4534 2388 4616 mumad-

433 4609 637 4694 κύριν·
668 4614 845 4665 θωπί.
902 4607 1058 4690 Qua-3
1089 4608 1369 4677 tionem
1389 4606 1601 4674 turbas,
1637 4620 1733 4660 eae
1862 4604 2242 4659 humanda
2274 4603 2388 4658 du-

647 4717 2393 4823 fflSiIadossAndreasmqwimAprailmejos

487 4819 502 4833 ’
598 4817 800 4898 Moina
838 4820 1042 4885 pastor
1084 4809 2393 4895 sinape-steaflenevametquemflaaym

439 4877 2394 4952 Bimttmn,Bometuocoemfmoribu⁸provmeusormndmn

441 4948 2395 5024 &offiiamhoctomporeomvaefndmoportenquodtam

438 5024 1079 5085 eumaeum-oomni.

652 5091 983 5161 ‘oq-norum
1372 5085 1811 5144 oratPououu-s.

653 5161 864 5243 &viro
1032 5161 1162 5215 ’σω
1240 5151 2394 5240 ωορήαὲσίΒοηκσῡιοηοοαᾷαὺ.7ο-

440 5223 2394 5381 ffiffmmmaflmm'mffi

654 5368 714 5432 9)
752 5368 1077 5436 Baemeau,
1110 5383 1165 5427 υ.
1208 5364 1422 5421 Pallan.
1458 5363 1543 5419 14.
1578 5363 1710 5421 Ia».
1745 5362 1902 5419 1545.

2030 487 2035 490 -
2160 446 2323 510 1544
2366 441 2694 512 OO'I'OB.

4121 441 4177 551 '.
4309 449 4436 523 ‘ms

2472 652 2655 699 meos
2679 631 2730 733 ¹)
2772 633 3003 717 scripsi
3088 654 3249 699 uum
3281 634 3502 700 verbis
3535 653 3754 699 coram
3796 649 3963 718 quae
4007 641 4268 718 oportet
4298 637 4438 704 si'nt

2476 718 2735 785 dicturi.
2822 719 3004 785 Huic
3081 721 3284 785 iteras
3339 719 3648 785 dederam
3689 720 4128 803 amplissimas
4177 721 4262 786 ad
4310 721 4435 789 Se-

2475 813 2725 883 natum,
2772 803 2855 869 ad
2900 813 3194 888 pastores
3236 814 3306 870 et
3354 805 3693 886 Gironum,
3752 805 3866 870 sed
3911 806 4082 871 nihil
4127 807 4433 874 effectum

2474 890 2621 956 fuit.
2639 889 2697 976 ²)
2764 889 3106 972 Quantum
3148 892 3338 975 cupio
3373 899 3550 958 recte
3592 891 3865 956 formari
3901 892 4327 974 ‘iuventutem
4366 903 4435 959 ot

2476 976 2752 1060 gloriam
2798 976 2930 1042 Dei
2971 975 3320 1056 illustrari,
3376 985 3443 1041 et
3500 998 3619 1060 pro
3677 976 3916 1043 affectu
3976 999 4104 1061 quo
4156 978 4224 1043 in
4266 980 4435 1044 Ber-

2477 1082 2718 1127 nenses
2770 1062 2944 1126 feror
3004 1062 3179 1126 hunc
3241 1063 3781 1129 commendabam
3839 1070 3918 1128 ut
3972 1066 4435 1145 necessarium,

2477 1154 2547 1212 et
2587 1148 2642 1212 si
2685 1147 2945 1212 abesset
2987 1147 3250 1213 aliunde
3294 1148 3764 1232 expetendum,
3806 1167 4006 1232 ‘quem
4058 1150 4202 1216 ideo
4246 1171 4448 1235 prae--

2476 1245 2733 1298 sentem
2777 1253 2913 1297 non
2954 1233 3386 1317 negligerent.
3474 1234 3724 1299 Mirum
3763 1241 3865 1300 est
3897 1233 4241 1320 illum-qui
4286 1237 4436 1302 nul·
4564 1268 4572 1282 =

2476 1318 2617 1384 lum
2672 1340 2963 1402 unquam
3011 1318 3165 1384 boni
3222 1320 3347 1383 viri
3406 1320 3733 1403 specimen
3794 1318 4001 1386 edidit
4052 1328 4188 1385 tam
4247 1321 4437 1388 facile

2477 1403 2837 1470 admissum
2882 1404 3085 1470 fuisse
3127 1410 3195 1469 et
3235 1404 3415 1471 hunc
3457 1406 3553 1471 ita
3595 1404 3957 1471 dimissum.
4048 1405 4123 1473 Si
4169 1407 4238 1472 id
4289 1427 4439 1473 mea

2478 1491 2681 1556 fuerit
2735 1510 2934 1556 causa
2995 1490 3242 1556 factum
3308 1492 3561 1557 nescio:
3628 1503 3850 1556 tamen
3916 1511 4052 1556 non
4108 1501 4209 1558 est
4264 1491 4436 1576 quod

2479 1575 2589 1644 vel
2641 1576 2902 1658 saepius
2944 1576 3411 1643 commendans
3467 1576 3720 1660 aliquos
3775 1576 3889 1643 vel
3942 1576 4112 1643 male
4167 1580 4437 1644 meritos

2478 1661 2635 1727 huic
2675 1659 2905 1727 obesse
2962 1661 3319 1729 debuerim.
3421 1662 3660 1728 Nescio
3718 1684 3805 1728 an
3859 1663 4060 1728 alium
4117 1684 4157 1730 a
4212 1663 4437 1732 multis

2475 1747 2610 1812 iam
2652 1746 2845 1812 annis
2888 1768 2965 1813 eo
3023 1748 3189 1812 meis
3246 1748 3458 1814 literis
3512 1747 3823 1814 miserim.
3925 1746 4287 1832 Sperabam
4332 1767 4439 1813 me
4478 1758 4490 1768 ’

2478 1854 2614 1899 non
2658 1833 2770 1899 vul
2858 1833 3022 1909 riter
3064 1834 3304 1899 mereri
3349 1833 3431 1898 de
3474 1842 3741 1912 senatu,
3786 1832 3980 1930 quod,
4001 1834 4261 1901 viderer
4302 1833 4441 1899 ido-

2478 1939 2679 1984 neum
2724 1939 2764 1984 o
2816 1940 2980 1999 erre,
3020 1919 3136 2004 qui
3177 1928 3638 1984 ornamentum
3675 1940 3819 1986 esse
3852 1931 4088 2002 posset,

2479 2026 2597 2089 spe
2648 2004 2863 2090 magis
2932 2013 2999 2070 et
3052 2004 3388 2070 nonnullis
3444 2006 3851 2090 argumentis
3906 2005 4002 2069 ita
4060 2005 4161 2071 ool
4193 2006 4440 2090 ‘gerem

2480 2111 2679 2174 quam
2721 2098 2901 2156 certa
2939 2090 3230 2157 scientia.
3320 2090 3602 2156 Petebat
3644 2112 3726 2156 ex
3769 2111 3877 2156 me
3921 2090 4288 2170 consilium,
4333 2090 4441 2156 cui

2479 2197 2684 2260 quum
2739 2176 2931 2259 inops
2986 2197 3257 2260 prorsus
3311 2177 3436 2241 sim
3493 2175 3663 2241 nihil
3717 2175 3948 2241 habui:
4009 2184 4268 2242 tantum
4315 2175 4440 2243 hoc

2481 2263 2538 2327 si
2578 2261 2745 2327 forte
2789 2261 3191 2327 Lau'sannae
3234 2281 3435 2346 agens
3479 2261 3658 2326 illinc
3699 2271 3923 2344 posset
3965 2262 4182 2327 notior
4223 2262 4440 2328 factus

2452 2347 2715 2412 'maiori
2755 2347 2974 2413 fructu
3016 2348 3311 2412 Bernam
3351 2347 3546 2412 mitti.
3618 2345 3755 2413 Sed
3795 2347 3902 2414 hic
3943 2346 4252 2432 hyemem
4288 2368 4441 2415 cau-

2482 2439 2671 2499 satur
2712 2441 2975 2532 praeter
3016 2434 3424 2499 tenuitatem.
3498 2432 3787 2498 Galliam
3832 2453 4033 2518 quum
4078 2443 4301 2518 petere
4337 2434 4441 2498 in-

2482 2518 2811 2596 stituent,
2890 2519 3083 2583 uxori
3149 2518 3320 2583 dixit
3383 2539 3454 2583 se
3527 2527 3859 2600 utcunque
3921 2527 4439 2603 prospeoturum.

2481 2603 2645 2670 Istic
2689 2603 2803 2687 qui
2837 2610 3038 2687 egent
3072 2625 3271 2687 quam
3304 2603 3640 2671 commode
3676 2604 3818 2669 ficri
3852 2604 4094 2687 poterit
4126 2604 4439 2670 indicant.
4525 2657 4526 2660 η

2482 2689 2617 2755 Hic
2659 2688 2729 2753 in
2781 2690 2961 2755 saxis
3018 2710 3216 2772 quam
3275 2690 3559 2755 molliter
3613 2690 3978 2773 excipietur
4031 2691 4189 2756 satis
4240 2697 4442 2773 patet.

2485 2774 2796 2841 Christus
2839 2775 3145 2840 omnibus
3179 2773 3367 2840 adsit.
3434 2774 3832 2841 Rumusculi
3875 2774 4234 2842 audiuntur
4269 2772 4444 2859 quod

2487 2881 2621 2925 non
2647 2859 2820 2940 laeta
2854 2861 3014 2926 satis
3055 2860 3190 2927 icta
3213 2882 3348 2944 pax
3369 2860 3456 2926 sit
3480 2868 3550 2926 et
3574 2859 3821 2944 aliquid
3867 2861 4001 2926 alat
4029 2860 4331 2934 monstri,
4377 2866 4446 2924 et

2480 2945 2761 3012 haerent
2804 2946 3105 3029 suspensi
3147 2967 3280 3012 non
3324 2948 3536 3031 pauci.
3623 2945 3877 3011 Verum
3917 2947 4154 3032 exigua
4196 2955 4297 3012 est
4338 2944 4442 3010 vi-

2482 3039 2594 3096 tae
2650 3030 3049 3110 emendatio,
3125 3052 3337 3116 neque
3397 3039 3575 3098 terra
3629 3052 3796 3115 quae
3849 3031 4140 3098 fructum
4196 3032 4445 3097 iustum

2484 3138 2622 3182 non
2667 3116 2863 3193 dedit,
2924 3138 3134 3201 neque
3176 3117 3380 3202 pestis
3420 3137 3585 3201 quae
3627 3137 3749 3183 nos
3790 3118 4074 3183 vicinius
4116 3115 4442 3196 admonet,

2483 3223 2697 3286 neque
2740 3201 2915 3267 bella
2948 3211 3235 3285 possunt
3275 3225 3396 3268 nos
3437 3222 3706 3268 movere
3747 3211 3827 3267 ut
3868 3204 4040 3269 serio
4084 3202 4169 3268 ad
4210 3202 4444 3268 Domi·

2483 3309 2647 3354 num
2699 3299 3182 3354 convertamur.
3272 3288 3595 3354 Dominus
3651 3288 3926 3354 meliora
3982 3287 4095 3354 det
4149 3288 4446 3353 omnium

2481 3375 2798 3439 innovata
2840 3381 3080 3439 mente.
3148 3373 3318 3440 Vale
3361 3381 3430 3438 et
3470 3394 3698 3439 omnes
3742 3373 4000 3439 salvere
4040 3373 4211 3439 iube.
4275 3374 4447 3440 Nos-

2484 3460 2573 3525 tri
2616 3458 2896 3525 salutem
2955 3458 3074 3525 tibi
3132 3458 3373 3525 dicunt.
3463 3458 3773 3525 Neocomi
3817 3463 3918 3525 21.
3966 3458 4199 3526 Octob.
4258 3462 4444 3526 1544.

3749 3594 4057 3661 Farellus
4100 3606 4268 3663 tuus.

3397 4053 3547 4126 579.

2981 4189 3480 4259 FARELLUS
3525 4190 3962 4258 GALVINO.

2666 4362 3064 4446 INeeiph'nae
3090 4363 3279 4428 'ider
3341 4363 3572 4444 fratres
3623 4363 3998 4429 exornandae
4058 4362 4450 4445 cumbria

2491 4449 2580 4515 ad
2635 4449 2921 4516 diversas
2975 4448 3267 4515 eeclesias
3317 4450 3549 4524 micea,
3605 4449 3803 4515 invito
3857 4447 4234 4534 Oapumulo.
4340 4447 4450 4515 Sic

2492 4537 2669 4602 intra
2700 4535 2992 4618 privatos
3020 4534 3302 4616 pandoces
3344 4532 3504 4599 bella
3539 4539 3610 4598 ut
3650 4538 3849 4599 extra.

2496 4708 2609 4772 (Ex
2659 4702 2998 4774 autographo
3042 4702 3407 4757 bibliothecae
3451 4709 3733 4783 pastorum
3767 4703 4236 4768 Neooomensium.
4303 4703 4445 4776 Epp.

3106 4771 3310 4826 Farelli
3340 4770 3518 4824 fascio.
3553 4769 3622 4825 11.
3656 4769 3725 4826 N.
3757 4770 3868 4840 22.)

2531 4940 4451 5010 578.1)01audma00udmiumquimminffauian

4176 1918 4439 1985 uamvis
4571 1979 4576 1983 .
