5050 6167
378 452 489 513 125

409 635 603 703 uibus
644 643 913 721 accepta
956 637 1207 702 ferrent
1249 637 1499 703 emnia:
1544 638 2007 719 particularem
2047 638 2328 722 aliquem

435 743 680 790 enerae
723 724 933 789 literis
974 725 1329 790 convenire
1373 723 1537 788 mihi
1583 724 1812 808 religio
1857 725 1998 799 fuit,
2043 747 2127 789 ne
2162 726 2331 790 ferte

414 810 732 890 rivatum,
790 808 1064 874 liberius
1117 808 1476 892 indulgens
1529 810 1901 883 affectibus,
1969 822 2047 874 01
2102 831 2328 876 8011108

414 896 702 972 01111008,
764 895 958 960 011101
1013 897 1368 961 formarem
1427 915 1621 978 quam
1668 896 2013 978 oportebat
2060 896 2160 961 vel
2208 918 2327 961 ex-

368 983 687 1047 istimaret
743 981 1007 1065 aliquis:
1075 981 1249 1063 quod
1306 992 1531 1045 tamen
1597 982 1740 1046 ausi
1804 990 1959 1047 suut
2024 982 2327 1047 nonnulli

368 1066 600 1147 dicere,
636 1068 753 1133 sed
790 1068 1203 1145 mentientes,
1240 1089 1359 1132 nos
1394 1067 1563 1132 clam
1599 1067 1817 1132 moliri
1853 1067 2117 1151 aliquid.
2174 1068 2327 1133 Seio

367 1175 470 1218 me
513 1174 748 1219 causas
790 1156 981 1218 iuxta
1024 1173 1288 1218 carnem
1334 1174 1524 1236 pesse
1561 1174 1691 1218 non
1727 1174 1967 1235 paucas
2003 1175 2123 1219 nec
2146 1153 2327 1219 leves

366 1240 711 1318 adducere,
764 1241 999 1323 quibus
1042 1240 1285 1305 factum
1330 1260 1461 1304 nen
1508 1241 1765 1304 veniret
1807 1238 2326 1321 improbandum.

366 1325 497 1393 Sed
544 1325 702 1410 quid
743 1327 966 1391 omnia
1008 1335 1282 1408 possunt
1325 1323 1409 1389 ad
1454 1324 1746 1390 tribunal
1791 1325 2088 1390 Christi?
2177 1325 2327 1406 Qua

364 1414 620 1477 ratione
655 1413 1015 1478 subsistent
1049 1413 1128 1477 ad
1166 1433 1245 1477 ea
1278 1433 1445 1493 quae
1468 1411 1636 1475 dixit
1658 1410 2084 1494 exemploque
2107 1411 2328 1475 docuit

364 1498 703 1572 Christus,
769 1514 837 1563 et.
901 1498 1376 1581 praestiterunt
1426 1497 1553 1579 ipsi
1609 1497 1910 1580 apostoli,
1978 1499 2325 1580 praecipue

362 1584 535 1668 qued
573 1583 795 1650 videre
830 1595 933 1648 est
967 1586 1034 1648 in
1071 1582 1332 1649 Paule?
1391 1584 1522 1649 Hie
1550 1605 1652 1648 me
1676 1583 1961 1648 detester
1985 1605 2060 1648 ac
2082 1584 2323 1648 damno

360 1670 533 1755 quod
582 1690 699 1753 pro
742 1679 929 1733 tanta
971 1692 1103 1734 non
1130 1670 1376 1754 egerim
1402 1670 1690 1746 ecclesia,
1734 1670 1866 1733 imo
1889 1691 2006 1751 pro
2028 1670 2319 1733 emnium

358 1776 572 1841 paene
615 1755 1085 1833 aedificatione,
1131 1755 1299 1839 quod
1337 1756 1534 1821 unius
1569 1767 1828 1821 tantum
1867 1756 2323 1820 homuncionis

360 1863 562 1908 eausa
617 1843 853 1907 merite
909 1843 1125 1907 faeere
1178 1840 1510 1906 debebam.
1620 1842 1949 1922 Quamvis
2009 1842 2077 1905 in
2138 1853 2325 1905 tanta

360 1931 559 1994 ruina
614 1949 747 1992 non
810 1948 1042 2011 passus
1108 1928 1194 1992 sit
1248 1927 1579 1992 Dominus
1634 1950 1740 1991 me
1804 1927 1977 1991 malo
2031 1949 2323 2010 unquam

360 2016 603 2080 affectu
639 2015 965 2096 cupivisse
1001 2012 1245 2096 aliquid
1285 2012 1658 2078 detrimenti
1695 2013 2325 2089 011801000001081110,

358 2099 473 2166 sed
518 2101 665 2165 Deo
698 2100 767 2163 iu
806 2099 1109 2183 precibus
1144 2109 1211 2164 et
1245 2100 1559 2164 fratribus
1594 2099 2103 2165 commendasse.
2187 2098 2322 2165 Sed

359 2196 555 2252 erant
618 2186 811 2270 longe
877 2185 1006 2251 alia
1068 2183 1495 2270 praestanda:
1564 2206 1695 2250 non
1761 2187 1936 2249 enim
2005 2186 2323 2251 satisfacit

357 2273 581 2337 animo
648 2293 795 2337 mee
861 2273 1228 2337 cucurrisse
1291 2270 1463 2336 ultro
1528 2272 1612 2336 ad
1681 2271 2091 2337 concordiam
2172 2294 2321 2337 00111

355 2358 732 2442 pastoribus
789 2357 1199 2436 firmandam,
1260 2379 1387 2440 quo
1442 2378 1594 2422 mea
1650 2359 1988 2424 carissima
2046 2358 2323 2440 pignora

355 2445 474 2510 sub
544 2443 680 2508 illis
744 2445 999 2528 possint
1074 2444 1314 2509 melius
1394 2443 1599 2509 foveri
1662 2444 1785 2509 sub
1859 2443 1981 2509 alis
2045 2444 2319 2522 Christi,

352 2531 705 2596 festinasse
768 2542 847 2594 ut
908 2538 1235 2613 pastorem
1295 2551 1524 2595 rursus
1584 2529 1936 2594 haberent:
2001 2538 2079 2594 ut
2131 2530 2320 2596 testis

352 2627 451 2682 est
512 2616 684 2680 mihi
737 2615 1083 2681 Dominus.
1171 2616 1457 2681 Paratus
1516 2616 1714 2680 etiam
1770 2637 1938 2694 sum,
1992 2638 2195 2681 senex
2254 2628 2321 2681 et

350 2703 623 2780 1100108,
671 2700 754 2767 ad
799 2713 1097 2767 extrema
1139 2701 1313 2767 orbis
1357 2712 1718 2786 penetrare,
1778 2702 1833 2767 si
1893 2724 2080 2767 meus
2136 2702 2319 2767 labor

350 2809 745 2856 succurrere
800 2788 1023 2871 possit.
1124 2785 1302 2852 Sane
1366 2809 1499 2852 non
1560 2797 1836 2871 possunt
1900 2789 2122 2852 emnia
2185 2789 2316 2852 iam

350 2884 498 2940 acta
543 2875 835 2957 quietam
879 2873 1344 2940 censcientiam
1390 2872 1683 2951 reddere,
1743 2875 1901 2955 quin
1960 2873 2317 2958 plurimum

350 2980 599 3044 arguar
642 2959 817 3042 apud
852 2957 1215 3024 Dominum
1253 2970 1320 3023 et
1355 2959 1799 3045 negligentiae
1835 2973 1901 3024 et
1936 2958 2317 3043 impruden-

351 3048 497 3111 tiae.
615 3044 756 3111 Vos
815 3047 1004 3125 estis,
1064 3066 1103 3110 0
1160 3047 1431 3119 fratres,
1494 3067 1656 3128 quos
1711 3046 1913 3130 elegit
1969 3046 2315 3118 Dominus,

350 3151 636 3214 quorum
681 3152 879 3214 opera
921 3129 1209 3214 prospici
1253 3139 1469 3215 potest
1525 3154 1601 3198 ae
1646 3132 1899 3198 consuli
1955 3131 2317 3215 discerptae

348 3237 424 3283 ae
467 3217 832 3299 dissipatae
868 3217 1197 3283 ccclesiae.
1286 3216 1427 3284 Sua
1462 3217 1661 3282 habet
1698 3217 2044 3296 Dominus,
2090 3220 2202 3301 qui
2247 3241 2317 3284 se

347 3304 489 3386 ipse
528 3302 672 3368 8010
697 3305 747 3386 ι)
782 3312 996 3385 petest
1031 3303 1271 3381 omnia,
1307 3303 1544 3386 quibus
1568 3304 1675 3370 hic
1697 3305 2315 3389 agitinstrumcnta.

348 3388 543 3469 Quae
589 3389 646 3455 81
689 3389 838 3472 (11118
878 3411 1009 3454 non
1054 3388 1401 3455 admoveat
1443 3391 1643 3473 operi,
1689 3397 1901 3455 tentat
1936 3389 2314 3456 Dominum.

346 3471 421 3541 Si
445 3494 669 3540 meam
690 3476 1046 3542 cerneretis
1068 3475 1423 3553 miseriam,
1460 3477 1881 3554 anxietatem,
1920 3498 1997 3542 ae
2022 3498 2123 3541 om
2134 3477 2316 3541 nium

345 3561 459 3644 qui
488 3560 691 3627 hodie
723 3562 970 3629 vivunt
1007 3562 1443 3627 miserrimam
1474 3561 1935 3637 conditionem,
1971 3584 2138 3645 quae
2174 3564 2319 3646 ipsa

343 3649 551 3713 etiam
583 3667 748 3713 saxa
780 3647 1123 3725 emolliret,
1160 3658 1338 3714 certo
1372 3647 1539 3712 mihi
1575 3669 1724 3713 sum
1762 3669 2133 3732 persuasus,
2172 3669 2319 3713 mea

344 3732 809 3801 refocillaretis
851 3736 1125 3816 viscera,
1183 3745 1256 3799 ut
1298 3735 1486 3800 vebis
1542 3732 1726 3799 dedit
1770 3735 2123 3799 Dominus:
2180 3756 2312 3799 non

346 3821 615 3885 ferretis
658 3822 753 3886 sic
808 3820 1083 3886 distrahi
1144 3829 1283 3886 tam
1340 3818 1650 3904 gravibus
1707 3841 1783 3887 ae
1838 3842 1973 3884 non
2032 3820 2317 3887 ferendis

346 3905 768 3972 torminibus.
886 3906 1024 3974 Sed
1088 3907 1247 3992 quid
1310 3926 1460 3971 mea
1524 3906 1710 3972 vobis
1772 3927 2099 3991 propone,
2178 3906 2317 3990 ipse

347 3991 785 4076 dignissimus
848 3994 963 4076 qui
1027 3993 1224 4077 lenge
1277 3993 1475 4077 plura
1528 3991 1782 4058 feram?
1893 3994 2039 4057 Etsi
2095 3990 2315 4056 Deum

345 4085 592 4145 testem
636 4080 887 4159 inveee,
947 4101 1055 4145 me
1108 4078 1279 4145 bona
1330 4079 1733 4146 conscientia
1784 4079 1856 4143 in
1912 4077 2088 4144 hune
2142 4077 2314 4142 diem

346 4172 692 4232 versatum
734 4165 806 4228 in
853 4174 1036 4230 tanto
1079 4166 1481 4245 ministerio,
1526 4187 1647 4232 nec
1693 4164 1867 4229 aliud
1914 4164 2318 4248 quaesivisse

344 4252 476 4316 11181
514 4251 728 4316 solam
753 4249 1008 4318 Christi
1044 4251 1343 4337 gloriam,
1382 4264 1600 4317 tamen
1638 4251 1930 4336 dignitas
1965 4250 2315 4315 ministerii

345 4344 414 4402 et
479 4357 657 4421 quae
711 4338 919 4421 exigit
972 4348 1160 4403 tanta
1212 4337 1490 4418 sanctie,
1552 4337 1711 4403 facit
1775 4352 1850 4402 ut
1910 4357 2098 4401 meae
2152 4336 2317 4400 mihi

347 4423 656 4489 conscius
689 4424 1115 4498 infirmitatis,
1162 4432 1230 4490 et
1263 4445 1458 4508 quam
1498 4424 1665 4488 nihil
1705 4424 1825 4488 sim
1895 4444 2001 4487 me
2034 4421 2316 4487 iudicem

346 4509 653 4574 omnium
690 4507 1240 4593 indignissimum.
1294 4510 1449 4575 Non
1483 4509 1690 4593 igitur
1718 4531 1847 4573 mei
1881 4509 2046 4573 ratio
2080 4507 2317 4573 habea-

346 4601 475 4672 tur,
542 4593 664 4661 sed
720 4595 1034 4661 ecelesiae
1090 4596 1244 4662 talis
1300 4611 1368 4660 et
1419 4605 1661 4674 tantae,
1720 4616 1797 4659 ae
1850 4596 2147 4659 emnium
2204 4596 2315 4677 qui

344 4680 505 4747 inde
545 4680 631 4746 ad
666 4679 1005 4747 Christum
1044 4682 1218 4746 viam
1257 4681 1543 4764 aliquam
1581 4681 1914 4746 habebant
1950 4679 2317 4746 accedendi.

346 4767 442 4832 At
460 4766 748 4851 indigna
777 4769 1276 4851 estaeingrata.
1367 4769 1475 4833 sit,
1517 4766 1810 4832 omnium
1857 4766 2320 4851 indignissima

349 4861 416 4918 01
449 4853 926 4936 ingratissima.
1007 4855 1221 4919 Decet
1262 4874 1391 4931 008,
1436 4873 1557 4936 per
1599 4873 1764 4936 ques
1805 4854 2135 4918 Dominus
2178 4865 2318 4916 tam

347 4934 645 5024 benigne
688 4940 1046 5005 auxiliatus
1089 4948 1191 5005 est
1232 4939 1544 5018 misellae,
1589 4949 1779 5003 tanta
1820 4960 1969 5005 cum
2015 4938 2316 5004 aestima-

350 5025 537 5090 tione
597 5023 774 5107 apud
833 5023 1084 5103 Deum,
1150 5047 1237 5091 ne
1292 5024 1505 5090 dicam
1559 5026 1730 5109 apud
1790 5024 2120 5104 hemines,
2184 5045 2319 5089 nen

351 5111 497 5176 81110
567 5111 816 5189 fructu,
896 5119 1233 5194 utcunque
1303 5111 1710 5196 obganniunt
1772 5111 1974 5194 aliqui
2040 5131 2318 5193 querum

350 5196 581 5262 oeulos
624 5217 907 5280 nequam
952 5199 1149 5263 video
1205 5197 1380 5280 quod
1426 5199 1610 5263 Deus
1663 5198 1875 5263 benus
1929 5197 2032 5276 sit,
2085 5208 2319 5281 poten·

384 5383 526 5444 263.
567 5385 623 5450 1)
661 5386 776 5440 sic!

2077 451 2244 513 1540
2284 446 2702 517 NOVEMB.

4271 453 4393 518 126

2432 638 2592 702 tiam
2630 658 2762 702 nen
2798 638 3028 716 rasere,
3072 658 3291 720 neque
3325 636 3661 716 ditionem,
3707 637 3895 704 decet
3925 639 4200 724 inquam
4232 642 4394 708 istos

2432 725 2620 788 iuxta
2644 736 3064 807 pracceptum
3088 734 3156 787 et
3175 724 3548 804 exemplum
3578 725 3842 788 Domini
3873 727 4119 808 optime
4152 728 4394 794 mereri

2433 811 2516 873 de
2555 810 2842 894 indignis
2877 831 2952 875 ae
2987 809 3286 893 ingratis,
3323 810 3537 874 officia
3572 810 3802 875 officiis
3833 810 4088 888 addere,
4125 814 4178 877 si
4221 813 4395 879 hosti

2433 895 2746 960 carbones
2769 896 2838 958 in
2865 907 3061 978 caput
3087 897 3220 959 sint
3255 895 3669 979 congerendi,
3707 897 3994 960 omniurn
4033 899 4393 965 officiorum

2431 981 2590 1063 quid
2627 983 2812 1046 fratri
2853 981 3005 1046 licet
3037 981 3314 1064 indigno
3350 997 3414 1046 et
3451 982 3793 1046 immerito.
3861 983 3991 1048 Hie
4027 987 4395 1066 exoptarim

2432 1069 2576 1151 pios
2619 1077 2688 1131 et
2729 1067 3122 1132 christianes
3165 1067 3379 1151 gratia
3426 1068 3767 1151 posteriori
3810 1068 4077 1134 vincere
4119 1072 4393 1154 priores,

2433 1174 2804 1235 nomenque
2858 1153 3259 1236 praeclarius
3315 1154 3384 1217 in
3441 1153 3638 1218 coelis
3694 1155 3816 1217 sibi
3871 1176 4133 1236 parare,
4191 1177 4266 1221 ac
4319 1158 4393 1222 in

2431 1241 2625 1304 terris
2663 1240 2860 1304 ctiam
2898 1238 3316 1322 suspicienda
3349 1240 3719 1322 relinquere
3743 1241 4063 1324 exempla.
4136 1241 4393 1309 Verum

2432 1327 2728 1389 emnium
2788 1325 3210 1410 dignissimus
3271 1324 3600 1414 Christus,
3661 1326 3775 1408 qui
3833 1327 3928 1390 ita
3989 1328 4392 1407 vulneratae,

2429 1413 2783 1488 confossus,
2830 1433 3031 1493 supra
3053 1432 3249 1495 quam
3286 1411 3412 1476 diei
3450 1419 3665 1494 potest
3698 1412 4149 1479 erudelissima
4183 1424 4396 1480 morte

2430 1499 2722 1574 affeetuS‚
2769 1507 2848 1560 ut
2891 1498 3070 1561 illam
3119 1497 3552 1561 miserrimam
3612 1497 3734 1562 sibi
3781 1500 4149 1582 acquireret
4190 1501 4395 1567 eccle·

2429 1584 2614 1647 siam.
2705 1584 2978 1648 Fratres
3023 1605 3063 1646 a
3108 1583 3373 1648 Christo
3419 1583 3572 1649 Iesu
3627 1583 3866 1663 dilecti,
3925 1588 4258 1650 constituti
4318 1593 4394 1652 ut

2428 1690 2586 1733 suae
2630 1669 3044 1752 prospiciat-is
3086 1668 3414 1746 ecelesiae,
3472 1691 3716 1751 quaeso
3775 1671 3946 1736 hane
4003 1693 4202 1736 unam
4260 1693 4393 1738 nou

2428 1756 2909 1839 malignitatem
2954 1776 3076 1820 nee
3120 1755 3661 1839 ingratitudinem
3721 1756 3929 1838 plebis
3972 1759 4105 1822 fixe
4150 1759 4394 1824 intuitu

2429 1842 2903 1917 contueamini,
2970 1841 3271 1924 quamvis
3341 1842 3447 1906 hie
3499 1843 3711 1906 ausim
3764 1864 3984 1906 eoram
4047 1843 4192 1908 Deo
4245 1865 4392 1910 meo

2429 1927 2691 2003 testari,
2750 1928 2807 1992 si
2861 1948 3002 1991 rem
3063 1928 3278 2009 ipsam
3334 1938 3408 1991 ut
3462 1926 3660 1992 habet
3714 1948 3986 2011 prorsus
4038 1930 4390 2010 resciretis,

2430 2033 2506 2076 ae
2552 2023 2630 2076 ut
2673 2022 2833 2077 sunt
2876 2023 3140 2095 pectora
3182 2012 3317 2076 illie
3361 2012 3612 2077 Christi
3655 2014 3962 2094 amantia,
4013 2026 4083 2079 et
4125 2027 4392 2099 propter

2429 2097 2772 2163 Christum
2818 2098 3044 2174 vestri,
3101 2119 3236 2161 nen
3279 2098 3470 2162 aliter
3512 2119 3775 2163 causam
3829 2101 4124 2182 ipsorum
4182 2103 4389 2167 susci-

2428 2184 2672 2267 peretis
2716 2205 2914 2265 quam
2974 2182 3232 2248 animae
3289 2194 3567 2248 vestrae.
3658 2184 3792 2249 Sed
3847 2186 3986 2251 dies
4044 2188 4391 2269 patefaciet

2427 2270 2537 2352 qui
2584 2289 2807 2351 pacem
2852 2279 3180 2352 quaerunt
3222 2269 3489 2334 Israelis
3547 2290 3622 2334 ae
3667 2291 3899 2335 verum
3945 2273 4072 2337 Dei
4117 2273 4386 2352 cultum,

2427 2358 2667 2439 quique
2712 2355 3110 2421 offendicula
3153 2376 3228 2422 ae
3265 2355 3626 2420 divisiones
3666 2366 3913 2422 serunt.
4003 2358 4311 2437 Proinde,
4349 2381 4389 2426 0

2427 2442 2867 2507 amantissimi
2933 2444 3200 2519 fratres,
3269 2451 3538 2524 prepter
3597 2440 3937 2506 Christum
3992 2443 4215 2509 Iesum
4269 2465 4389 2511 ves

2426 2529 2719 2593 obtestor
2763 2549 3008 2605 omnes,
3055 2529 3208 2591 totis
3243 2526 3601 2591 incumbite
3637 2526 3884 2593 viribus
3919 2530 4388 2597 instaurationi

2424 2613 2604 2678 illius
2647 2614 2975 2691 ecelesiae,
3026 2635 3103 2679 ae
3147 2614 3405 2688 instate,
3453 2632 3570 2678 ves
3615 2633 3746 2690 ere,
3793 2624 3868 2677 ut
3909 2635 4102 2695 quem
4148 2628 4389 2698 petunt

2430 2697 2762 2766 Calvinum
2784 2698 3091 2764 habeant.
3180 2698 3257 2763 Id
3296 2699 3472 2781 agite
3515 2697 3687 2780 quod
3735 2699 3886 2763 beni
3931 2700 4166 2765 medici
4211 2701 4388 2785 apud

2423 2793 2785 2869 aegrotum,
2833 2784 2990 2849 dum
3037 2803 3187 2868 spes
3232 2784 3450 2866 aliqua
3482 2792 3585 2849 est
3615 2785 4098 2868 recuperandae
4120 2786 4385 2853 salut-is:

2423 2872 2477 2935 si
2539 2870 2812 2936 videant
2866 2871 3130 2935 salubre
3189 2869 3431 2952 aliquid
3492 2881 3828 2953 appetere,
3887 2871 4143 2936 etiamsi
4204 2874 4387 2955 prius

2421 2958 2772 3039 respuebat
2813 2957 3079 3039 optima,
3133 2955 3291 3020 laeti
3334 2956 3638 3021 offerunt.
3728 2954 3975 3021 Omnia
4030 2966 4189 3022 sunt
4242 2972 4386 3022 ten-

2424 3043 2628 3108 tanda
2672 3054 2747 3108 ut
2789 3042 3087 3107 levemus
3145 3051 3505 3126 aegrotum.
3598 3044 4191 3126 Argentoratenses
4249 3065 4386 3108 non

2422 3130 2614 3195 facile
2659 3128 2940 3194 reddent
2983 3128 3180 3193 semel
3227 3130 3628 3211 i‘ugatum.²)
3719 3126 3978 3193 Videtis
4024 3149 4220 3212 quam
4267 3151 4385 3194 ex·-

2421 3216 2677 3299 pediat:
2727 3218 2938 3299 cogite
2975 3224 3048 3279 ut
3082 3214 3308 3279 velint.
3398 3212 3650 3279 Omnes
3685 3215 4009 3279 accurrite
4046 3213 4130 3279 ad
4166 3215 4386 3280 suble-

2427 3302 2712 3366 vandam
2767 3303 2950 3366 illam
3009 3299 3368 3365 ecelesiam.
3469 3299 3618 3364 Non
3674 3300 3803 3364 erit
3858 3300 3983 3365 hee
4035 3300 4386 3384 indignum

2421 3390 2640 3466 vobis,
2707 3407 2833 3452 nce
2896 3388 3234 3471 ingratum
3300 3384 3593 3466 Christe,
3660 3407 3783 3452 nee
3847 3386 4081 3450 inutile
4147 3389 4386 3453 vestris

2423 3474 2733 3540 ecclesiis.
2826 3473 2971 3539 Hae
3011 3473 3122 3537 via
3165 3473 3407 3554 poterit
3463 3472 3682 3556 aliqua
3739 3471 4192 3538 subintroduci
4252 3473 4386 3540 dis-

2421 3561 2684 3644 ciplina.
2740 3561 2924 3625 Dum
2948 3559 3151 3625 vieini
3175 3569 3468 3640 pastores
3484 3561 3542 3641 Β)
3565 3573 3939 3624 revocatum
3966 3557 4387 3624 introducent

2421 3661 2768 3728 pastorem,
2813 3647 2930 3711 fiet
2972 3644 3210 3728 aliquis
3253 3664 3658 3727 progressus.
3730 3641 3923 3724 Quod
3948 3644 4226 3708 alierum
4251 3665 4386 3709 non

2424 3731 2744 3798 habeatur
2787 3733 2976 3810 ratie,
3032 3751 3168 3796 non
3223 3742 3516 3794 moveat:
3574 3728 3725 3811 plus
3780 3729 3963 3794 scitis
4020 3750 4219 3812 quam
4276 3729 4386 3795 vel

2422 3819 2712 3902 cogitare
2765 3818 3045 3902 possim,
3111 3817 3184 3880 in
3239 3814 3358 3879 tali
3427 3814 3949 3898 perturbatione,
4016 3815 4127 3879 vel
4191 3817 4389 3880 ruina

2421 3906 2676 3988 potius,
2747 3904 3095 3969 minimum
3161 3921 3304 3966 0880
3368 3900 3848 3983 accipiendum,
3912 3900 4168 3965 interea
4224 3901 4387 3965 dum

2427 3991 2749 4070 Calvinus
2793 3999 2871 4055 ut
2901 3990 3127 4064 nostis,
3174 3986 3243 4052 in
3268 3997 3404 4051 tam
3428 3997 3656 4051 sancte
3677 4007 3889 4070 opere,
3937 3996 4011 4049 ut
4031 3986 4389 4052 voluerunt

2423 4078 2681 4155 fratres,
2728 4075 2950 4142 audiet
2995 4085 3287 4141 vestrum
3333 4072 3619 4137 studium
3664 4093 3782 4154 pre
3826 4071 4099 4137 ecelesia
4136 4071 4272 4149 illa,
4320 4082 4386 4137 et

2423 4162 2609 4244 alii⁴)
2654 4182 2849 4245 quam
2893 4160 3108 4226 alacer
3153 4159 3389 4237 veniet,
3447 4160 3560 4241 qui
3608 4157 3929 4222 attonitus
3974 4177 4183 4240 paene
4228 4156 4386 4240 quid

2423 4246 2600 4315 dieat
2655 4270 2786 4313 non
2845 4246 3008 4312 satis
3061 4245 3277 4310 habet.
3381 4243 3790 4309 Recreabitis
3845 4264 4071 4307 omnes
4126 4242 4383 4323 fratres,

2422 4334 2534 4416 qui
2579 4354 2661 4399 ex
2710 4342 2931 4398 vestra
2973 4331 3314 4415 diligentia
3356 4329 3616 4412 plenius
3659 4328 4035 4412 intelligent
4077 4327 4203 4394 hoe
4242 4349 4386 4394 0880

2423 4441 2585 4503 opus
2655 4419 2940 4484 Domini.
3030 4418 3124 4481 Et
3187 4429 3264 4481 ut
3326 4414 3567 4494 Satan,
3638 4416 3748 4498 qui
3816 4414 4062 4479 sanctis
4127 4436 4387 4498 semper

2425 4507 2787 4571 reluctatur
2821 4502 3183 4581 conatibus,
3229 4502 3395 4566 nihil
3441 4502 3624 4566 vobis
3667 4500 3870 4585 pessit
3906 4521 4140 4584 parare
4177 4502 4384 4565 offen-

2424 4590 2643 4672 diculi,
2687 4591 2840 4656 date
2880 4590 3158 4654 Viretum
3201 4587 3446 4652 dudum
3472 4588 3841 4670 flagitatum
3868 4586 3972 4651 vel
3999 4585 4078 4651 ad
4104 4598 4380 4669 tempus.

2421 4678 2709 4744 Potestis
2751 4674 2925 4760 apud
2968 4688 3299 4741 senatum:
3344 4695 3479 4738 nen
3522 4672 3764 4740 dubito.
3847 4670 3983 4739 Sed
4004 4672 4162 4755 quid
4184 4673 4384 4738 miser

2629 4900 2689 4965 2)
2733 4900 2914 4953 Sturm
2957 4899 3253 4964 Antr'napp.
3295 4894 3328 4947 1
3345 4895 3399 4948 V.
3435 4912 3488 4962 p.
3524 4893 3624 4946 21.-
3664 4897 3837 4960 Quum
3874 4896 4006 4948 haee
4043 4893 4381 4946 wormaciae

2424 4977 2734 5038 agerentur,
2773 4974 3042 5021 venerunt
3075 4967 3271 5019 literae
3307 4964 3609 5030 Argentina
3653 4980 3686 5016 a
3721 4972 3915 5016 senatu
3958 4963 4026 5015 ad
4075 4961 4177 5013 lae.
4227 4961 4380 5014 Stur-

2425 5040 2591 5092 mium
2641 5048 2698 5090 et
2735 5038 2806 5092 M.
2843 5037 3155 5089 Psarrerum
3194 5035 3392 5103 quibus
3427 5033 3770 5085 scribebatur
3805 5035 3860 5085 C.
3898 5050 3931 5085 a
3965 5031 4377 5084 Genevensibus

2427 5108 2713 5177 postulari:
2751 5107 3004 5158 viderent
3039 5105 3204 5173 legati
3241 5119 3348 5171 qua
3383 5102 3596 5154 ratione
3633 5101 3854 5155 retineri
3893 5107 4094 5168 posset.
4169 5099 4380 5153 Indice·

2428 5181 2589 5230 batur
2644 5176 2805 5229 etiam
2860 5175 2946 5227 his
2998 5175 3191 5241 literis,
3243 5175 3288 5224 si
3343 5173 3401 5224 C.
3451 5172 3729 5224 nobiscum
3766 5187 3926 5238 quam
3971 5167 4225 5221 Genevae
4261 5184 4380 5224 esse

2425 5247 2628 5311 mallet,
2666 5245 2813 5314 qued
2848 5262 2881 5296 a
2917 5242 3325 5297 Geuevensibus
3373 5241 3666 5310 petebatur
3708 5249 3953 5291 senatum
3990 5247 4380 5291 recusaturum.

2631 5312 2693 5372 3)
2733 5313 3050 5367 Beruenses.

2630 5381 2691 5448 4)
2728 5383 2845 5436 cic!
