<?xml version="1.0" encoding="UTF-8"?>
<!DOCTYPE html PUBLIC "-//W3C//DTD XHTML 1.0 Transitional//EN"
    "http://www.w3.org/TR/xhtml1/DTD/xhtml1-transitional.dtd">
<html xmlns="http://www.w3.org/1999/xhtml" xml:lang="en" lang="en">
 <head>
  <title>
</title>
<meta http-equiv="Content-Type" content="text/html;charset=utf-8" />
  <meta name='ocr-system' content='tesseract 3.04.00' />
  <meta name='ocr-capabilities' content='ocr_page ocr_carea ocr_par ocr_line ocrx_word'/>
</head>
<body>
  <div class='ocr_page' id='page_1' title='image "./ioanniscalvinio13unkngoog/ioanniscalvinio13unkngoog_0099.png"; bbox 0 0 5050 6167; ppageno 0'>
   <div class='ocr_carea' id='block_1_1' title="bbox 368 472 484 535">
    <p class='ocr_par' dir='ltr' id='par_1_1' title="bbox 368 472 484 535">
     <span class='ocr_line' id='line_1_1' title="bbox 368 472 484 535; baseline -0.009 -1"><span class='ocrx_word' id='word_1_1' title='bbox 368 472 484 535; x_wconf 82' lang='lat'><strong>173</strong></span> 
     </span>
    </p>
   </div>
   <div class='ocr_carea' id='block_1_2' title="bbox 358 653 2310 1668">
    <p class='ocr_par' dir='ltr' id='par_1_2' title="bbox 358 653 2310 1668">
     <span class='ocr_line' id='line_1_2' title="bbox 363 653 2309 738; baseline -0.001 -14"><span class='ocrx_word' id='word_1_2' title='bbox 363 658 621 725; x_wconf 86' lang='lat' dir='ltr'><strong>nomine</strong></span> <span class='ocrx_word' id='word_1_3' title='bbox 656 677 807 723; x_wconf 89' lang='lat' dir='ltr'><strong>eum</strong></span> <span class='ocrx_word' id='word_1_4' title='bbox 850 655 1265 734; x_wconf 72' lang='lat' dir='ltr'><strong>advocarent,</strong></span> <span class='ocrx_word' id='word_1_5' title='bbox 1320 653 1687 738; x_wconf 87' lang='lat' dir='ltr'><strong>respondit,</strong></span> <span class='ocrx_word' id='word_1_6' title='bbox 1747 676 1942 721; x_wconf 90' lang='lat' dir='ltr'><strong>suum</strong></span> <span class='ocrx_word' id='word_1_7' title='bbox 1983 676 2121 721; x_wconf 93' lang='lat' dir='ltr'><strong>non</strong></span> <span class='ocrx_word' id='word_1_8' title='bbox 2163 675 2309 722; x_wconf 88' lang='lat' dir='ltr'><strong>esse</strong></span> 
     </span>
     <span class='ocr_line' id='line_1_3' title="bbox 361 740 2309 827; baseline -0.002 -17"><span class='ocrx_word' id='word_1_9' title='bbox 361 744 491 809; x_wconf 89' lang='lat' dir='ltr'><strong>illis</strong></span> <span class='ocrx_word' id='word_1_10' title='bbox 543 743 987 827; x_wconf 74' lang='lat' dir='ltr'><strong>praescribere</strong></span> <span class='ocrx_word' id='word_1_11' title='bbox 1054 763 1331 825; x_wconf 89' lang='lat' dir='ltr'><strong>quorum</strong></span> <span class='ocrx_word' id='word_1_12' title='bbox 1399 763 1599 825; x_wconf 90' lang='lat' dir='ltr'><strong>opera</strong></span> <span class='ocrx_word' id='word_1_13' title='bbox 1648 747 1939 808; x_wconf 87' lang='lat' dir='ltr'><strong>utantur.</strong></span> <span class='ocrx_word' id='word_1_14' title='bbox 2042 740 2309 808; x_wconf 83' lang='lat' dir='ltr'><strong>Adsunt</strong></span> 
     </span>
     <span class='ocr_line' id='line_1_4' title="bbox 360 827 2306 913; baseline -0.002 -17"><span class='ocrx_word' id='word_1_15' title='bbox 360 831 488 896; x_wconf 87' lang='lat' dir='ltr'><strong>iam</strong></span> <span class='ocrx_word' id='word_1_16' title='bbox 529 830 815 913; x_wconf 87' lang='lat' dir='ltr'><strong>episcopi</strong></span> <span class='ocrx_word' id='word_1_17' title='bbox 850 849 969 895; x_wconf 83' lang='lat' dir='ltr'><strong>sex</strong></span> <span class='ocrx_word' id='word_1_18' title='bbox 1014 838 1132 893; x_wconf 89' lang='lat' dir='ltr'><strong>aut</strong></span> <span class='ocrx_word' id='word_1_19' title='bbox 1172 837 1440 912; x_wconf 87' lang='lat' dir='ltr'><strong>septem.</strong></span> <span class='ocrx_word' id='word_1_20' title='bbox 1532 828 1699 895; x_wconf 83' lang='lat' dir='ltr'><strong>Cras</strong></span> <span class='ocrx_word' id='word_1_21' title='bbox 1742 827 1968 893; x_wconf 86' lang='lat' dir='ltr'><strong>veniet</strong></span> <span class='ocrx_word' id='word_1_22' title='bbox 2009 827 2306 894; x_wconf 86' lang='lat' dir='ltr'><strong>cardina-</strong></span> 
     </span>
     <span class='ocr_line' id='line_1_5' title="bbox 361 914 2307 998; baseline -0.002 -16"><span class='ocrx_word' id='word_1_23' title='bbox 361 915 443 982; x_wconf 83' lang='lat' dir='ltr'><strong>lis</strong></span> <span class='ocrx_word' id='word_1_24' title='bbox 489 915 876 982; x_wconf 76' lang='lat' dir='ltr'><strong>Gontarenus</strong></span> <span class='ocrx_word' id='word_1_25' title='bbox 931 922 1051 980; x_wconf 81' lang='lat' dir='ltr'><strong>etc.</strong></span> <span class='ocrx_word' id='word_1_26' title='bbox 1140 914 1317 979; x_wconf 89' lang='lat' dir='ltr'><strong>Eum</strong></span> <span class='ocrx_word' id='word_1_27' title='bbox 1361 923 1496 980; x_wconf 88' lang='lat' dir='ltr'><strong>tres</strong></span> <span class='ocrx_word' id='word_1_28' title='bbox 1538 914 1637 979; x_wconf 88' lang='lat' dir='ltr'><strong>illi</strong></span> <span class='ocrx_word' id='word_1_29' title='bbox 1693 914 2123 998; x_wconf 77' lang='lat' dir='ltr'><strong>obsequentes</strong></span> <span class='ocrx_word' id='word_1_30' title='bbox 2166 914 2307 979; x_wconf 88' lang='lat' dir='ltr'><strong>Ro·</strong></span> 
     </span>
     <span class='ocr_line' id='line_1_6' title="bbox 359 999 2307 1083; baseline -0.001 -16"><span class='ocrx_word' id='word_1_31' title='bbox 359 1022 591 1067; x_wconf 88' lang='lat' dir='ltr'><strong>manae</strong></span> <span class='ocrx_word' id='word_1_32' title='bbox 634 1000 808 1067; x_wconf 87' lang='lat' dir='ltr'><strong>sedis</strong></span> <span class='ocrx_word' id='word_1_33' title='bbox 849 1001 972 1066; x_wconf 86' lang='lat' dir='ltr'><strong>filii</strong></span> <span class='ocrx_word' id='word_1_34' title='bbox 1017 1001 1360 1083; x_wconf 80' lang='lat' dir='ltr'><strong>excipient,</strong></span> <span class='ocrx_word' id='word_1_35' title='bbox 1408 1010 1604 1083; x_wconf 87' lang='lat' dir='ltr'><strong>atque</strong></span> <span class='ocrx_word' id='word_1_36' title='bbox 1647 999 1922 1066; x_wconf 89' lang='lat' dir='ltr'><strong>honoris</strong></span> <span class='ocrx_word' id='word_1_37' title='bbox 1956 1020 2153 1066; x_wconf 88' lang='lat' dir='ltr'><strong>causa</strong></span> <span class='ocrx_word' id='word_1_38' title='bbox 2195 999 2307 1066; x_wconf 90' lang='lat' dir='ltr'><strong>ob-</strong></span> 
     </span>
     <span class='ocr_line' id='line_1_7' title="bbox 360 1085 2308 1153; baseline -0.001 0"><span class='ocrx_word' id='word_1_39' title='bbox 360 1088 535 1153; x_wconf 85' lang='lat' dir='ltr'><strong>viam</strong></span> <span class='ocrx_word' id='word_1_40' title='bbox 577 1087 787 1153; x_wconf 90' lang='lat' dir='ltr'><strong>ibunt.</strong></span> <span class='ocrx_word' id='word_1_41' title='bbox 881 1085 1117 1152; x_wconf 73' lang='lat' dir='ltr'><strong>Caesar</strong></span> <span class='ocrx_word' id='word_1_42' title='bbox 1170 1095 1472 1152; x_wconf 85' lang='lat' dir='ltr'><strong>senatum</strong></span> <span class='ocrx_word' id='word_1_43' title='bbox 1514 1085 2065 1152; x_wconf 82' lang='lat' dir='ltr'><strong>Ratisbonensem</strong></span> <span class='ocrx_word' id='word_1_44' title='bbox 2110 1085 2192 1151; x_wconf 88' lang='lat' dir='ltr'><strong>ad</strong></span> <span class='ocrx_word' id='word_1_45' title='bbox 2237 1106 2308 1151; x_wconf 91' lang='lat' dir='ltr'><strong>se</strong></span> 
     </span>
     <span class='ocr_line' id='line_1_8' title="bbox 362 1171 2307 1256; baseline -0.002 -16"><span class='ocrx_word' id='word_1_46' title='bbox 362 1173 749 1240; x_wconf 85' lang='lat' dir='ltr'><strong>accersitum</strong></span> <span class='ocrx_word' id='word_1_47' title='bbox 803 1171 1067 1256; x_wconf 88' lang='lat' dir='ltr'><strong>rogavit</strong></span> <span class='ocrx_word' id='word_1_48' title='bbox 1121 1192 1316 1255; x_wconf 89' lang='lat' dir='ltr'><strong>quem</strong></span> <span class='ocrx_word' id='word_1_49' title='bbox 1370 1171 1688 1237; x_wconf 88' lang='lat' dir='ltr'><strong>honorem</strong></span> <span class='ocrx_word' id='word_1_50' title='bbox 1745 1171 1841 1236; x_wconf 89' lang='lat' dir='ltr'><strong>illi</strong></span> <span class='ocrx_word' id='word_1_51' title='bbox 1884 1171 2194 1237; x_wconf 86' lang='lat' dir='ltr'><strong>exhibere</strong></span> <span class='ocrx_word' id='word_1_52' title='bbox 2236 1172 2307 1236; x_wconf 88' lang='lat' dir='ltr'><strong>in</strong></span> 
     </span>
     <span class='ocr_line' id='line_1_9' title="bbox 358 1257 2309 1341; baseline -0.002 -16"><span class='ocrx_word' id='word_1_53' title='bbox 358 1261 576 1325; x_wconf 90' lang='lat' dir='ltr'><strong>animo</strong></span> <span class='ocrx_word' id='word_1_54' title='bbox 619 1257 984 1323; x_wconf 81' lang='lat' dir='ltr'><strong>haberent?</strong></span> <span class='ocrx_word' id='word_1_55' title='bbox 1072 1257 1487 1340; x_wconf 79' lang='lat' dir='ltr'><strong>Responsum</strong></span> <span class='ocrx_word' id='word_1_56' title='bbox 1538 1265 1655 1336; x_wconf 88' lang='lat' dir='ltr'><strong>est,</strong></span> <span class='ocrx_word' id='word_1_57' title='bbox 1698 1259 1986 1323; x_wconf 82' lang='lat' dir='ltr'><strong>facturos</strong></span> <span class='ocrx_word' id='word_1_58' title='bbox 2030 1257 2202 1341; x_wconf 86' lang='lat' dir='ltr'><strong>quod</strong></span> <span class='ocrx_word' id='word_1_59' title='bbox 2245 1258 2309 1322; x_wconf 90' lang='lat' dir='ltr'><strong>ei</strong></span> 
     </span>
     <span class='ocr_line' id='line_1_10' title="bbox 358 1343 2310 1427; baseline -0.002 -16"><span class='ocrx_word' id='word_1_60' title='bbox 358 1347 572 1411; x_wconf 86' lang='lat' dir='ltr'><strong>visum</strong></span> <span class='ocrx_word' id='word_1_61' title='bbox 613 1352 813 1410; x_wconf 86' lang='lat' dir='ltr'><strong>esset:</strong></span> <span class='ocrx_word' id='word_1_62' title='bbox 874 1365 1007 1409; x_wconf 93' lang='lat' dir='ltr'><strong>non</strong></span> <span class='ocrx_word' id='word_1_63' title='bbox 1049 1364 1193 1408; x_wconf 88' lang='lat' dir='ltr'><strong>esse</strong></span> <span class='ocrx_word' id='word_1_64' title='bbox 1246 1352 1472 1408; x_wconf 89' lang='lat' dir='ltr'><strong>tamen</strong></span> <span class='ocrx_word' id='word_1_65' title='bbox 1526 1344 1730 1409; x_wconf 87' lang='lat' dir='ltr'><strong>moris</strong></span> <span class='ocrx_word' id='word_1_66' title='bbox 1773 1343 2028 1409; x_wconf 82' lang='lat' dir='ltr'><strong>solenni</strong></span> <span class='ocrx_word' id='word_1_67' title='bbox 2071 1363 2310 1427; x_wconf 92' lang='lat' dir='ltr'><strong>pompa</strong></span> 
     </span>
     <span class='ocr_line' id='line_1_11' title="bbox 358 1428 2308 1514; baseline -0.001 -18"><span class='ocrx_word' id='word_1_68' title='bbox 358 1451 510 1496; x_wconf 91' lang='lat' dir='ltr'><strong>eum</strong></span> <span class='ocrx_word' id='word_1_69' title='bbox 550 1431 871 1514; x_wconf 85' lang='lat' dir='ltr'><strong>excipere.</strong></span> <span class='ocrx_word' id='word_1_70' title='bbox 955 1428 1161 1495; x_wconf 83' lang='lat' dir='ltr'><strong>Iussit</strong></span> <span class='ocrx_word' id='word_1_71' title='bbox 1212 1449 1369 1512; x_wconf 87' lang='lat' dir='ltr'><strong>ergo</strong></span> <span class='ocrx_word' id='word_1_72' title='bbox 1427 1451 1563 1494; x_wconf 89' lang='lat' dir='ltr'><strong>non</strong></span> <span class='ocrx_word' id='word_1_73' title='bbox 1619 1428 1801 1495; x_wconf 86' lang='lat' dir='ltr'><strong>aliud</strong></span> <span class='ocrx_word' id='word_1_74' title='bbox 1854 1431 2067 1496; x_wconf 85' lang='lat' dir='ltr'><strong>facere</strong></span> <span class='ocrx_word' id='word_1_75' title='bbox 2110 1450 2308 1513; x_wconf 86' lang='lat' dir='ltr'><strong>quam</strong></span> 
     </span>
     <span class='ocr_line' id='line_1_12' title="bbox 445 1513 2308 1600; baseline -0.001 -18"><span class='ocrx_word' id='word_1_76' title='bbox 445 1516 531 1583; x_wconf 94' lang='lat' dir='ltr'><strong>od</strong></span> <span class='ocrx_word' id='word_1_77' title='bbox 574 1517 747 1582; x_wconf 88' lang='lat' dir='ltr'><strong>soliti</strong></span> <span class='ocrx_word' id='word_1_78' title='bbox 797 1525 1037 1581; x_wconf 85' lang='lat' dir='ltr'><strong>essent.</strong></span> <span class='ocrx_word' id='word_1_79' title='bbox 1128 1515 1219 1581; x_wconf 85' lang='lat' dir='ltr'><strong>Et</strong></span> <span class='ocrx_word' id='word_1_80' title='bbox 1261 1513 1542 1580; x_wconf 82' lang='lat' dir='ltr'><strong>addidit.-</strong></span> <span class='ocrx_word' id='word_1_81' title='bbox 1595 1532 1807 1600; x_wconf 89' lang='lat' dir='ltr'><strong>neque</strong></span> <span class='ocrx_word' id='word_1_82' title='bbox 1865 1537 1936 1581; x_wconf 90' lang='lat' dir='ltr'><strong>se</strong></span> <span class='ocrx_word' id='word_1_83' title='bbox 1992 1515 2308 1581; x_wconf 89' lang='lat' dir='ltr'><strong>honorem</strong></span> 
     </span>
     <span class='ocr_line' id='line_1_13' title="bbox 428 1601 1163 1668; baseline -0.004 0"><span class='ocrx_word' id='word_1_84' title='bbox 428 1624 547 1668; x_wconf 86' lang='lat' dir='ltr'><strong>nm</strong></span> <span class='ocrx_word' id='word_1_85' title='bbox 590 1603 651 1668; x_wconf 90' lang='grc'><strong>81</strong></span> <span class='ocrx_word' id='word_1_86' title='bbox 696 1601 1163 1667; x_wconf 81' lang='lat' dir='ltr'><strong>exhibiturum.</strong></span> 
     </span>
    </p>
   </div>
   <div class='ocr_carea' id='block_1_3' title="bbox 531 1720 1865 1805">
    <p class='ocr_par' dir='ltr' id='par_1_3' title="bbox 531 1720 1865 1805">
     <span class='ocr_line' id='line_1_14' title="bbox 531 1720 1865 1805; baseline -0.001 -18"><span class='ocrx_word' id='word_1_87' title='bbox 531 1722 642 1787; x_wconf 82' lang='lat' dir='ltr'><strong>Ex</strong></span> <span class='ocrx_word' id='word_1_88' title='bbox 682 1721 891 1788; x_wconf 84' lang='lat' dir='ltr'><strong>literis</strong></span> <span class='ocrx_word' id='word_1_89' title='bbox 936 1720 1203 1788; x_wconf 79' lang='lat' dir='ltr'><strong>Calvini</strong></span> <span class='ocrx_word' id='word_1_90' title='bbox 1245 1723 1334 1805; x_wconf 82' lang='lat' dir='ltr'><strong>xj.</strong></span> <span class='ocrx_word' id='word_1_91' title='bbox 1387 1721 1615 1787; x_wconf 76' lang='lat' dir='ltr'><strong>Martii</strong></span> <span class='ocrx_word' id='word_1_92' title='bbox 1658 1721 1865 1787; x_wconf 88' lang='lat' dir='ltr'><strong>dictis.</strong></span> 
     </span>
    </p>
   </div>
   <div class='ocr_carea' id='block_1_4' title="bbox 551 2218 2122 2442">
    <p class='ocr_par' dir='ltr' id='par_1_4' title="bbox 551 2218 2122 2442">
     <span class='ocr_line' id='line_1_15' title="bbox 1265 2218 1410 2288; baseline -0.021 0"><span class='ocrx_word' id='word_1_93' title='bbox 1265 2218 1410 2288; x_wconf 57' lang='grc' dir='ltr'><strong>ω.</strong></span> 
     </span>
     <span class='ocr_line' id='line_1_16' title="bbox 551 2358 2122 2442; baseline 0.001 -2"><span class='ocrx_word' id='word_1_94' title='bbox 551 2372 975 2441; x_wconf 69' lang='lat' dir='ltr'><strong>connum</strong></span> <span class='ocrx_word' id='word_1_95' title='bbox 1019 2374 1149 2441; x_wconf 75' lang='lat' dir='ltr'><strong>Au</strong></span> <span class='ocrx_word' id='word_1_96' title='bbox 1192 2359 1500 2441; x_wconf 75' lang='lat' dir='ltr'>SENAT</span> <span class='ocrx_word' id='word_1_97' title='bbox 1547 2375 1673 2440; x_wconf 86' lang='lat' dir='ltr'><strong>DE</strong></span> <span class='ocrx_word' id='word_1_98' title='bbox 1718 2358 2122 2442; x_wconf 75' lang='lat' dir='ltr'><strong>GENEVE.</strong></span> 
     </span>
    </p>
   </div>
   <div class='ocr_carea' id='block_1_5' title="bbox 352 2544 2313 2988">
    <p class='ocr_par' dir='ltr' id='par_1_5' title="bbox 352 2544 2313 2988">
     <span class='ocr_line' id='line_1_17' title="bbox 535 2544 2310 2629; baseline 0.001 -18"><span class='ocrx_word' id='word_1_99' title='bbox 535 2546 739 2611; x_wconf 69' lang='lat' dir='ltr'><strong>Lean</strong></span> <span class='ocrx_word' id='word_1_100' title='bbox 793 2546 869 2612; x_wconf 81' lang='lat' dir='ltr'><strong>de</strong></span> <span class='ocrx_word' id='word_1_101' title='bbox 923 2546 1485 2612; x_wconf 77' lang='lat' dir='ltr'><strong>recommandation</strong></span> <span class='ocrx_word' id='word_1_102' title='bbox 1538 2566 1712 2629; x_wconf 76' lang='lat' dir='ltr'><strong>pour</strong></span> <span class='ocrx_word' id='word_1_103' title='bbox 1780 2544 2018 2613; x_wconf 75' lang='lat' dir='ltr'><strong>Claude</strong></span> <span class='ocrx_word' id='word_1_104' title='bbox 2081 2545 2310 2613; x_wconf 80' lang='lat' dir='ltr'><strong>Budin</strong></span> 
     </span>
     <span class='ocr_line' id='line_1_18' title="bbox 353 2631 2306 2716; baseline 0.001 -19"><span class='ocrx_word' id='word_1_105' title='bbox 353 2633 513 2716; x_wconf 70' lang='lat' dir='ltr'><strong>qu&#39;il</strong></span> <span class='ocrx_word' id='word_1_106' title='bbox 551 2631 761 2697; x_wconf 61' lang='lat' dir='ltr'><strong>desire</strong></span> <span class='ocrx_word' id='word_1_107' title='bbox 801 2633 943 2698; x_wconf 82' lang='lat' dir='ltr'><strong>voir</strong></span> <span class='ocrx_word' id='word_1_108' title='bbox 985 2632 1205 2715; x_wconf 59' lang='lat' dir='ltr'><strong>appel&amp;</strong></span> <span class='ocrx_word' id='word_1_109' title='bbox 1260 2652 1485 2698; x_wconf 80' lang='lat' dir='ltr'><strong>comme</strong></span> <span class='ocrx_word' id='word_1_110' title='bbox 1513 2632 1879 2715; x_wconf 75' lang='lat' dir='ltr'><strong>professeur</strong></span> <span class='ocrx_word' id='word_1_111' title='bbox 1920 2654 2008 2699; x_wconf 89' lang='lat' dir='ltr'><strong>au</strong></span> <span class='ocrx_word' id='word_1_112' title='bbox 2053 2632 2306 2716; x_wconf 57' lang='lat' dir='ltr'><strong>Colloye.</strong></span> 
     </span>
     <span class='ocr_line' id='line_1_19' title="bbox 358 2718 2312 2801; baseline -0.001 -17"><span class='ocrx_word' id='word_1_113' title='bbox 358 2720 545 2785; x_wconf 80' lang='lat' dir='ltr'><strong>Nous</strong></span> <span class='ocrx_word' id='word_1_114' title='bbox 586 2718 725 2782; x_wconf 84' lang='lat' dir='ltr'><strong>n&#39;en</strong></span> <span class='ocrx_word' id='word_1_115' title='bbox 766 2718 1046 2784; x_wconf 82' lang='lat' dir='ltr'><strong>donnons</strong></span> <span class='ocrx_word' id='word_1_116' title='bbox 1102 2719 1190 2783; x_wconf 78' lang='lat' dir='ltr'><strong>ici</strong></span> <span class='ocrx_word' id='word_1_117' title='bbox 1248 2740 1365 2801; x_wconf 79' lang='lat' dir='ltr'><strong>que</strong></span> <span class='ocrx_word' id='word_1_118' title='bbox 1422 2719 1478 2784; x_wconf 84' lang='lat' dir='ltr'><strong>le</strong></span> <span class='ocrx_word' id='word_1_119' title='bbox 1534 2723 2028 2785; x_wconf 74' lang='lat' dir='ltr'><strong>commencement</strong></span> <span class='ocrx_word' id='word_1_120' title='bbox 2068 2719 2180 2799; x_wconf 75' lang='lat' dir='ltr'><strong>qui</strong></span> <span class='ocrx_word' id='word_1_121' title='bbox 2222 2723 2312 2783; x_wconf 77' lang='lat' dir='ltr'><strong>est</strong></span> 
     </span>
     <span class='ocr_line' id='line_1_20' title="bbox 352 2803 2313 2889; baseline -0.001 -18"><span class='ocrx_word' id='word_1_122' title='bbox 352 2807 543 2872; x_wconf 71' lang='lat' dir='ltr'><strong>d’uvae</strong></span> <span class='ocrx_word' id='word_1_123' title='bbox 586 2804 802 2886; x_wconf 55' lang='lat' dir='ltr'><strong>portae</strong></span> <span class='ocrx_word' id='word_1_124' title='bbox 846 2804 1007 2885; x_wconf 79' lang='lat' dir='ltr'><strong>plus</strong></span> <span class='ocrx_word' id='word_1_125' title='bbox 1054 2803 1342 2889; x_wconf 69' lang='grc' dir='ltr'><strong>ρέηὲναῑο</strong></span> <span class='ocrx_word' id='word_1_126' title='bbox 1406 2809 1461 2869; x_wconf 76' lang='lat' dir='ltr'><strong>et</strong></span> <span class='ocrx_word' id='word_1_127' title='bbox 1513 2809 1778 2870; x_wconf 78' lang='lat' dir='ltr'><strong>cons-tate</strong></span> <span class='ocrx_word' id='word_1_128' title='bbox 1841 2805 1896 2870; x_wconf 78' lang='lat' dir='ltr'><strong>le</strong></span> <span class='ocrx_word' id='word_1_129' title='bbox 1949 2807 2313 2871; x_wconf 77' lang='lat' dir='ltr'><strong>revirement</strong></span> 
     </span>
     <span class='ocr_line' id='line_1_21' title="bbox 355 2889 2313 2988; baseline 0.001 -31"><span class='ocrx_word' id='word_1_130' title='bbox 355 2892 463 2957; x_wconf 69' lang='lat' dir='ltr'><strong>des</strong></span> <span class='ocrx_word' id='word_1_131' title='bbox 510 2890 801 2988; x_wconf 75' lang='lat' dir='ltr'><strong>opinions</strong></span> <span class='ocrx_word' id='word_1_132' title='bbox 842 2891 953 2971; x_wconf 77' lang='lat' dir='ltr'><strong>qui</strong></span> <span class='ocrx_word' id='word_1_133' title='bbox 1009 2891 1213 2956; x_wconf 63' lang='lat' dir='ltr'><strong>s’etait</strong></span> <span class='ocrx_word' id='word_1_134' title='bbox 1253 2889 1436 2973; x_wconf 72' lang='grc' dir='ltr'><strong>0Ρὲνὲ</strong></span> <span class='ocrx_word' id='word_1_135' title='bbox 1489 2891 1533 2954; x_wconf 84' lang='grc' dir='ltr'><em>ὰ</em></span> <span class='ocrx_word' id='word_1_136' title='bbox 1574 2891 1811 2957; x_wconf 68' lang='grc' dir='ltr'><em>Θεηὸυε</em></span> <span class='ocrx_word' id='word_1_137' title='bbox 1848 2911 1927 2955; x_wconf 81' lang='lat' dir='ltr'><strong>en</strong></span> <span class='ocrx_word' id='word_1_138' title='bbox 1964 2892 2194 2974; x_wconf 81' lang='lat' dir='ltr'><strong>faveur</strong></span> <span class='ocrx_word' id='word_1_139' title='bbox 2234 2891 2313 2958; x_wconf 75' lang='lat' dir='ltr'><strong>de</strong></span> 
     </span>
    </p>
   </div>
   <div class='ocr_carea' id='block_1_6' title="bbox 353 3145 2314 3490">
    <p class='ocr_par' dir='ltr' id='par_1_6' title="bbox 353 3145 2314 3490">
     <span class='ocr_line' id='line_1_22' title="bbox 354 3145 2310 3218; baseline 0.001 -18"><span class='ocrx_word' id='word_1_140' title='bbox 354 3148 461 3213; x_wconf 79' lang='lat' dir='ltr'><strong>(La</strong></span> <span class='ocrx_word' id='word_1_141' title='bbox 512 3145 666 3218; x_wconf 72' lang='lat' dir='ltr'><strong>pi&#39;ece</strong></span> <span class='ocrx_word' id='word_1_142' title='bbox 712 3162 773 3200; x_wconf 87' lang='grc'><strong>88</strong></span> <span class='ocrx_word' id='word_1_143' title='bbox 818 3151 1013 3201; x_wconf 79' lang='lat' dir='ltr'><strong>trouve</strong></span> <span class='ocrx_word' id='word_1_144' title='bbox 1059 3146 1092 3200; x_wconf 68' lang='grc' dir='ltr'><strong>ὁ</strong></span> <span class='ocrx_word' id='word_1_145' title='bbox 1141 3147 1195 3200; x_wconf 85' lang='grc'><strong>18</strong></span> <span class='ocrx_word' id='word_1_146' title='bbox 1228 3146 1495 3201; x_wconf 76' lang='grc' dir='ltr'><strong>Β111110111“</strong></span> <span class='ocrx_word' id='word_1_147' title='bbox 1548 3163 1616 3201; x_wconf 89' lang='grc'><strong>88</strong></span> <span class='ocrx_word' id='word_1_148' title='bbox 1662 3147 1731 3200; x_wconf 87' lang='grc'><strong>(18</strong></span> <span class='ocrx_word' id='word_1_149' title='bbox 1777 3145 2021 3213; x_wconf 74' lang='lat' dir='ltr'><strong>Geneve,</strong></span> <span class='ocrx_word' id='word_1_150' title='bbox 2067 3148 2205 3202; x_wconf 86' lang='lat' dir='ltr'><strong>dans</strong></span> <span class='ocrx_word' id='word_1_151' title='bbox 2238 3162 2310 3202; x_wconf 86' lang='lat' dir='ltr'><strong>un</strong></span> 
     </span>
     <span class='ocr_line' id='line_1_23' title="bbox 353 3215 2314 3286; baseline -0.001 -15"><span class='ocrx_word' id='word_1_152' title='bbox 353 3216 568 3271; x_wconf 74' lang='lat' dir='ltr'><strong>Oarton</strong></span> <span class='ocrx_word' id='word_1_153' title='bbox 615 3220 842 3286; x_wconf 81' lang='lat' dir='ltr'><strong>portant</strong></span> <span class='ocrx_word' id='word_1_154' title='bbox 883 3217 936 3271; x_wconf 91' lang='lat' dir='ltr'><strong>le</strong></span> <span class='ocrx_word' id='word_1_155' title='bbox 983 3217 1208 3271; x_wconf 75' lang='lat' dir='ltr'><strong>numero</strong></span> <span class='ocrx_word' id='word_1_156' title='bbox 1244 3215 1413 3269; x_wconf 49' lang='lat'>197⁸*</span> <span class='ocrx_word' id='word_1_157' title='bbox 1576 3234 1607 3269; x_wconf 92' lang='grc'><strong>8</strong></span> <span class='ocrx_word' id='word_1_158' title='bbox 1643 3222 1728 3270; x_wconf 85' lang='lat' dir='ltr'><strong>est</strong></span> <span class='ocrx_word' id='word_1_159' title='bbox 1771 3216 2053 3286; x_wconf 76' lang='lat' dir='ltr'><strong>imprimes</strong></span> <span class='ocrx_word' id='word_1_160' title='bbox 2087 3218 2224 3272; x_wconf 83' lang='lat' dir='ltr'><strong>dans</strong></span> <span class='ocrx_word' id='word_1_161' title='bbox 2258 3217 2314 3270; x_wconf 86' lang='grc'><strong>18</strong></span> 
     </span>
     <span class='ocr_line' id='line_1_24' title="bbox 354 3285 2314 3356; baseline -0.001 -16"><span class='ocrx_word' id='word_1_162' title='bbox 354 3288 543 3340; x_wconf 81' lang='lat' dir='ltr'><strong>notice</strong></span> <span class='ocrx_word' id='word_1_163' title='bbox 577 3286 647 3339; x_wconf 89' lang='lat' dir='ltr'><strong>de</strong></span> <span class='ocrx_word' id='word_1_164' title='bbox 678 3286 755 3339; x_wconf 75' lang='lat' dir='ltr'><strong>M.</strong></span> <span class='ocrx_word' id='word_1_165' title='bbox 792 3286 996 3339; x_wconf 85' lang='lat' dir='ltr'><strong>Be&#39;tant</strong></span> <span class='ocrx_word' id='word_1_166' title='bbox 1040 3301 1135 3339; x_wconf 88' lang='grc'><strong>881·</strong></span> <span class='ocrx_word' id='word_1_167' title='bbox 1179 3286 1231 3341; x_wconf 92' lang='grc'><strong>18</strong></span> <span class='ocrx_word' id='word_1_168' title='bbox 1265 3285 1484 3355; x_wconf 72' lang='lat' dir='ltr'><strong>College</strong></span> <span class='ocrx_word' id='word_1_169' title='bbox 1530 3286 1600 3339; x_wconf 91' lang='lat' dir='ltr'><strong>de</strong></span> <span class='ocrx_word' id='word_1_170' title='bbox 1634 3287 1772 3339; x_wconf 85' lang='lat' dir='ltr'><strong>Rive</strong></span> <span class='ocrx_word' id='word_1_171' title='bbox 1806 3303 1860 3356; x_wconf 87' lang='lat' dir='ltr'><strong>p.</strong></span> <span class='ocrx_word' id='word_1_172' title='bbox 1897 3286 1964 3339; x_wconf 83' lang='lat'><strong>19</strong></span> <span class='ocrx_word' id='word_1_173' title='bbox 2000 3292 2058 3340; x_wconf 86' lang='lat' dir='ltr'><strong>et</strong></span> <span class='ocrx_word' id='word_1_174' title='bbox 2091 3287 2225 3340; x_wconf 85' lang='grc'><strong>(1888</strong></span> <span class='ocrx_word' id='word_1_175' title='bbox 2260 3287 2314 3339; x_wconf 89' lang='grc'><strong>18</strong></span> 
     </span>
     <span class='ocr_line' id='line_1_25' title="bbox 356 3354 2314 3490; baseline 0.001 -81"><span class='ocrx_word' id='word_1_176' title='bbox 356 3356 606 3410; x_wconf 83' lang='lat' dir='ltr'><strong>Bulletin</strong></span> <span class='ocrx_word' id='word_1_177' title='bbox 642 3354 713 3408; x_wconf 88' lang='lat' dir='ltr'><strong>de</strong></span> <span class='ocrx_word' id='word_1_178' title='bbox 748 3356 802 3408; x_wconf 95' lang='grc'><strong>18</strong></span> <span class='ocrx_word' id='word_1_179' title='bbox 837 3355 1051 3409; x_wconf 78' lang='grc'><strong>8001818</strong></span> <span class='ocrx_word' id='word_1_180' title='bbox 1087 3355 1155 3408; x_wconf 86' lang='grc'><strong>(18</strong></span> <span class='ocrx_word' id='word_1_181' title='bbox 1193 3354 1461 3490; x_wconf 65' lang='grc' dir='ltr'><strong>11118101τεί</strong></span> <span class='ocrx_word' id='word_1_182' title='bbox 1492 3355 1568 3408; x_wconf 88' lang='grc'><strong>(18</strong></span> <span class='ocrx_word' id='word_1_183' title='bbox 1599 3361 1744 3424; x_wconf 82' lang='lat' dir='ltr'><strong>prot.</strong></span> <span class='ocrx_word' id='word_1_184' title='bbox 1778 3355 2030 3423; x_wconf 76' lang='lat' dir='ltr'><strong>franeais.</strong></span> <span class='ocrx_word' id='word_1_185' title='bbox 2064 3355 2180 3410; x_wconf 83' lang='lat' dir='ltr'><strong>Vol.</strong></span> <span class='ocrx_word' id='word_1_186' title='bbox 2193 3354 2314 3413; x_wconf 80' lang='lat' dir='ltr'><strong>XV.</strong></span> 
     </span>
    </p>
   </div>
   <div class='ocr_carea' id='block_1_7' title="bbox 1231 3421 1437 3493">
    <p class='ocr_par' dir='ltr' id='par_1_7' title="bbox 1231 3421 1437 3493">
     <span class='ocr_line' id='line_1_26' title="bbox 1231 3421 1437 3493; baseline 0 -17"><span class='ocrx_word' id='word_1_187' title='bbox 1231 3441 1284 3493; x_wconf 88' lang='lat' dir='ltr'><strong>p.</strong></span> <span class='ocrx_word' id='word_1_188' title='bbox 1319 3421 1437 3476; x_wconf 83' lang='lat'><strong>414.</strong></span> 
     </span>
    </p>
   </div>
   <div class='ocr_carea' id='block_1_8' title="bbox 358 3611 2317 3766">
    <p class='ocr_par' dir='ltr' id='par_1_8' title="bbox 358 3611 2317 3766">
     <span class='ocr_line' id='line_1_27' title="bbox 358 3611 2317 3701; baseline -0.003 -17"><span class='ocrx_word' id='word_1_189' title='bbox 358 3620 421 3684; x_wconf 88' lang='lat' dir='ltr'>A</span> <span class='ocrx_word' id='word_1_190' title='bbox 460 3614 976 3701; x_wconf 79' lang='lat' dir='ltr'><strong>Magnifficques</strong></span> <span class='ocrx_word' id='word_1_191' title='bbox 1021 3615 1363 3700; x_wconf 73' lang='lat' dir='ltr'><strong>seigneux-s</strong></span> <span class='ocrx_word' id='word_1_192' title='bbox 1406 3614 1722 3698; x_wconf 85' lang='lat' dir='ltr'><strong>Messgrs.</strong></span> <span class='ocrx_word' id='word_1_193' title='bbox 1768 3612 1863 3680; x_wconf 87' lang='lat' dir='ltr'><strong>les</strong></span> <span class='ocrx_word' id='word_1_194' title='bbox 1906 3611 2317 3700; x_wconf 80' lang='lat' dir='ltr'><strong>Syndicques</strong></span> 
     </span>
     <span class='ocr_line' id='line_1_28' title="bbox 941 3699 1746 3766; baseline -0.002 0"><span class='ocrx_word' id='word_1_195' title='bbox 941 3707 1010 3766; x_wconf 88' lang='lat' dir='ltr'><strong>et</strong></span> <span class='ocrx_word' id='word_1_196' title='bbox 1052 3700 1294 3766; x_wconf 88' lang='lat' dir='ltr'><strong>conseil</strong></span> <span class='ocrx_word' id='word_1_197' title='bbox 1330 3699 1410 3766; x_wconf 92' lang='lat' dir='ltr'><strong>de</strong></span> <span class='ocrx_word' id='word_1_198' title='bbox 1455 3699 1746 3765; x_wconf 83' lang='lat' dir='ltr'><strong>Geneve.</strong></span> 
     </span>
    </p>
   </div>
   <div class='ocr_carea' id='block_1_9' title="bbox 362 3835 2320 4594">
    <p class='ocr_par' dir='ltr' id='par_1_9' title="bbox 362 3835 2320 4594">
     <span class='ocr_line' id='line_1_29' title="bbox 537 3835 2317 3925; baseline -0.004 -19"><span class='ocrx_word' id='word_1_199' title='bbox 537 3841 640 3906; x_wconf 88' lang='lat' dir='ltr'><strong>Le</strong></span> <span class='ocrx_word' id='word_1_200' title='bbox 684 3838 1013 3925; x_wconf 82' lang='lat' dir='ltr'><strong>Seigneur</strong></span> <span class='ocrx_word' id='word_1_201' title='bbox 1058 3838 1233 3903; x_wconf 89' lang='lat' dir='ltr'><strong>Dieu</strong></span> <span class='ocrx_word' id='word_1_202' title='bbox 1288 3858 1442 3921; x_wconf 90' lang='lat' dir='ltr'><strong>pere</strong></span> <span class='ocrx_word' id='word_1_203' title='bbox 1490 3836 1570 3901; x_wconf 91' lang='lat' dir='ltr'><strong>de</strong></span> <span class='ocrx_word' id='word_1_204' title='bbox 1624 3842 1806 3902; x_wconf 88' lang='lat' dir='ltr'><strong>toute</strong></span> <span class='ocrx_word' id='word_1_205' title='bbox 1849 3835 2048 3902; x_wconf 83' lang='lat' dir='ltr'><strong>bonte</strong></span> <span class='ocrx_word' id='word_1_206' title='bbox 2090 3844 2156 3900; x_wconf 90' lang='grc'><strong>81</strong></span> <span class='ocrx_word' id='word_1_207' title='bbox 2193 3837 2317 3900; x_wconf 89' lang='lat' dir='ltr'><strong>mi-</strong></span> 
     </span>
     <span class='ocr_line' id='line_1_30' title="bbox 362 3921 2316 4007; baseline -0.003 -15"><span class='ocrx_word' id='word_1_208' title='bbox 362 3925 697 3992; x_wconf 88' lang='lat' dir='ltr'><strong>sericorde</strong></span> <span class='ocrx_word' id='word_1_209' title='bbox 750 3926 878 3990; x_wconf 89' lang='grc'><strong>8011</strong></span> <span class='ocrx_word' id='word_1_210' title='bbox 930 3924 1146 3989; x_wconf 88' lang='lat' dir='ltr'><strong>benist</strong></span> <span class='ocrx_word' id='word_1_211' title='bbox 1201 3931 1267 3989; x_wconf 87' lang='lat' dir='ltr'><strong>et</strong></span> <span class='ocrx_word' id='word_1_212' title='bbox 1325 3923 1580 4007; x_wconf 81' lang='lat' dir='ltr'><strong>glorifie</strong></span> <span class='ocrx_word' id='word_1_213' title='bbox 1624 3922 1737 3988; x_wconf 91' lang='grc'><strong>(108</strong></span> <span class='ocrx_word' id='word_1_214' title='bbox 1781 3921 2061 4006; x_wconf 80' lang='lat' dir='ltr'><strong>grandes</strong></span> <span class='ocrx_word' id='word_1_215' title='bbox 2105 3931 2172 3986; x_wconf 91' lang='grc'><strong>81</strong></span> <span class='ocrx_word' id='word_1_216' title='bbox 2212 3922 2316 3987; x_wconf 89' lang='grc'><strong>111-</strong></span> 
     </span>
     <span class='ocr_line' id='line_1_31' title="bbox 362 4007 2317 4097; baseline -0.004 -18"><span class='ocrx_word' id='word_1_217' title='bbox 362 4012 744 4079; x_wconf 87' lang='lat' dir='ltr'><strong>estimables</strong></span> <span class='ocrx_word' id='word_1_218' title='bbox 790 4031 1017 4097; x_wconf 86' lang='lat' dir='ltr'><strong>graces</strong></span> <span class='ocrx_word' id='word_1_219' title='bbox 1052 4010 1187 4093; x_wconf 90' lang='lat' dir='ltr'><strong>quil</strong></span> <span class='ocrx_word' id='word_1_220' title='bbox 1225 4031 1266 4075; x_wconf 87' lang='lat' dir='ltr'><strong>a</strong></span> <span class='ocrx_word' id='word_1_221' title='bbox 1300 4009 1526 4075; x_wconf 87' lang='lat' dir='ltr'><strong>faictes</strong></span> <span class='ocrx_word' id='word_1_222' title='bbox 1563 4029 1799 4076; x_wconf 82' lang='lat' dir='ltr'><strong>envers</strong></span> <span class='ocrx_word' id='word_1_223' title='bbox 1834 4028 1998 4073; x_wconf 89' lang='lat' dir='ltr'><strong>vous</strong></span> <span class='ocrx_word' id='word_1_224' title='bbox 2033 4013 2100 4073; x_wconf 87' lang='lat' dir='ltr'><strong>et</strong></span> <span class='ocrx_word' id='word_1_225' title='bbox 2132 4007 2317 4091; x_wconf 88' lang='lat' dir='ltr'><strong>prin-</strong></span> 
     </span>
     <span class='ocr_line' id='line_1_32' title="bbox 363 4092 2317 4183; baseline -0.003 -18"><span class='ocrx_word' id='word_1_226' title='bbox 363 4098 759 4183; x_wconf 86' lang='lat' dir='ltr'><strong>cipalement</strong></span> <span class='ocrx_word' id='word_1_227' title='bbox 801 4119 886 4163; x_wconf 90' lang='lat' dir='ltr'><strong>en</strong></span> <span class='ocrx_word' id='word_1_228' title='bbox 925 4118 998 4163; x_wconf 89' lang='grc'><strong>08</strong></span> <span class='ocrx_word' id='word_1_229' title='bbox 1040 4117 1164 4179; x_wconf 87' lang='grc'><strong>(188</strong></span> <span class='ocrx_word' id='word_1_230' title='bbox 1209 4095 1693 4161; x_wconf 83' lang='grc'><strong>(1818181818881</strong></span> <span class='ocrx_word' id='word_1_231' title='bbox 1733 4094 1781 4159; x_wconf 90' lang='grc'><strong>11</strong></span> <span class='ocrx_word' id='word_1_232' title='bbox 1816 4094 1934 4178; x_wconf 83' lang='lat' dir='ltr'><strong>luy</strong></span> <span class='ocrx_word' id='word_1_233' title='bbox 1977 4114 2017 4158; x_wconf 88' lang='lat' dir='ltr'><strong>a</strong></span> <span class='ocrx_word' id='word_1_234' title='bbox 2049 4092 2201 4177; x_wconf 89' lang='lat' dir='ltr'><strong>pleu</strong></span> <span class='ocrx_word' id='word_1_235' title='bbox 2236 4092 2317 4160; x_wconf 89' lang='lat' dir='ltr'><strong>de</strong></span> 
     </span>
     <span class='ocr_line' id='line_1_33' title="bbox 364 4179 2318 4266; baseline -0.003 -15"><span class='ocrx_word' id='word_1_236' title='bbox 364 4183 724 4251; x_wconf 87' lang='lat' dir='ltr'><strong>confondre</strong></span> <span class='ocrx_word' id='word_1_237' title='bbox 748 4185 842 4249; x_wconf 90' lang='lat' dir='ltr'><strong>les</strong></span> <span class='ocrx_word' id='word_1_238' title='bbox 877 4203 1223 4266; x_wconf 77' lang='lat' dir='ltr'><strong>perversos</strong></span> <span class='ocrx_word' id='word_1_239' title='bbox 1258 4189 1324 4246; x_wconf 89' lang='lat' dir='ltr'><strong>et</strong></span> <span class='ocrx_word' id='word_1_240' title='bbox 1361 4182 1800 4265; x_wconf 85' lang='lat' dir='ltr'><strong>dangereuses</strong></span> <span class='ocrx_word' id='word_1_241' title='bbox 1834 4179 2318 4245; x_wconf 76' lang='lat' dir='ltr'><strong>machinatione</strong></span> 
     </span>
     <span class='ocr_line' id='line_1_34' title="bbox 366 4265 2318 4349; baseline -0.003 -15"><span class='ocrx_word' id='word_1_242' title='bbox 366 4269 446 4336; x_wconf 90' lang='lat' dir='ltr'><strong>de</strong></span> <span class='ocrx_word' id='word_1_243' title='bbox 492 4269 724 4349; x_wconf 82' lang='lat' dir='ltr'><strong>Satan,</strong></span> <span class='ocrx_word' id='word_1_244' title='bbox 767 4292 849 4334; x_wconf 89' lang='grc'><strong>08</strong></span> <span class='ocrx_word' id='word_1_245' title='bbox 894 4269 1206 4335; x_wconf 88' lang='grc'><strong>011888881</strong></span> <span class='ocrx_word' id='word_1_246' title='bbox 1260 4267 1339 4332; x_wconf 82' lang='grc'><strong>(18</strong></span> <span class='ocrx_word' id='word_1_247' title='bbox 1393 4277 1614 4333; x_wconf 87' lang='lat' dir='ltr'><strong>vostre</strong></span> <span class='ocrx_word' id='word_1_248' title='bbox 1670 4267 1798 4332; x_wconf 79' lang='lat' dir='ltr'><strong>cite</strong></span> <span class='ocrx_word' id='word_1_249' title='bbox 1852 4272 2064 4332; x_wconf 87' lang='lat' dir='ltr'><strong>tontes</strong></span> <span class='ocrx_word' id='word_1_250' title='bbox 2118 4265 2318 4329; x_wconf 86' lang='lat' dir='ltr'><strong>muti-</strong></span> 
     </span>
     <span class='ocr_line' id='line_1_35' title="bbox 366 4349 2319 4437; baseline -0.003 -16"><span class='ocrx_word' id='word_1_251' title='bbox 366 4357 589 4421; x_wconf 87' lang='lat' dir='ltr'><strong>neries</strong></span> <span class='ocrx_word' id='word_1_252' title='bbox 632 4364 699 4421; x_wconf 89' lang='lat' dir='ltr'><strong>et</strong></span> <span class='ocrx_word' id='word_1_253' title='bbox 735 4354 1048 4421; x_wconf 79' lang='lat' dir='ltr'><strong>divisions</strong></span> <span class='ocrx_word' id='word_1_254' title='bbox 1095 4363 1160 4418; x_wconf 89' lang='lat' dir='ltr'><strong>et</strong></span> <span class='ocrx_word' id='word_1_255' title='bbox 1198 4376 1362 4419; x_wconf 90' lang='lat' dir='ltr'><strong>vous</strong></span> <span class='ocrx_word' id='word_1_256' title='bbox 1395 4351 1757 4437; x_wconf 79' lang='lat' dir='ltr'><strong>reduysant</strong></span> <span class='ocrx_word' id='word_1_257' title='bbox 1797 4373 1834 4416; x_wconf 90' lang='grc'><strong>8</strong></span> <span class='ocrx_word' id='word_1_258' title='bbox 1876 4372 2009 4416; x_wconf 89' lang='grc'><strong>888</strong></span> <span class='ocrx_word' id='word_1_259' title='bbox 2051 4352 2105 4415; x_wconf 90' lang='grc'><strong>81</strong></span> <span class='ocrx_word' id='word_1_260' title='bbox 2150 4349 2319 4416; x_wconf 91' lang='lat' dir='ltr'><strong>belle</strong></span> 
     </span>
     <span class='ocr_line' id='line_1_36' title="bbox 368 4436 2320 4523; baseline -0.004 -15"><span class='ocrx_word' id='word_1_261' title='bbox 368 4441 689 4509; x_wconf 82' lang='lat' dir='ltr'><strong>concorde</strong></span> <span class='ocrx_word' id='word_1_262' title='bbox 722 4449 789 4507; x_wconf 87' lang='lat' dir='ltr'><strong>et</strong></span> <span class='ocrx_word' id='word_1_263' title='bbox 823 4441 1096 4505; x_wconf 90' lang='grc'><strong>81118808</strong></span> <span class='ocrx_word' id='word_1_264' title='bbox 1118 4439 1492 4506; x_wconf 84' lang='lat' dir='ltr'><strong>fraternclle</strong></span> <span class='ocrx_word' id='word_1_265' title='bbox 1514 4461 1641 4523; x_wconf 90' lang='lat' dir='ltr'><strong>que</strong></span> <span class='ocrx_word' id='word_1_266' title='bbox 1674 4437 2086 4503; x_wconf 84' lang='lat' dir='ltr'><strong>maintenant</strong></span> <span class='ocrx_word' id='word_1_267' title='bbox 2117 4436 2320 4520; x_wconf 89' lang='lat' dir='ltr'><strong>d&#39;ung</strong></span> 
     </span>
     <span class='ocr_line' id='line_1_37' title="bbox 368 4524 2319 4594; baseline -0.003 -2"><span class='ocrx_word' id='word_1_268' title='bbox 368 4528 569 4594; x_wconf 93' lang='lat' dir='ltr'><strong>noble</strong></span> <span class='ocrx_word' id='word_1_269' title='bbox 613 4549 817 4594; x_wconf 87' lang='lat' dir='ltr'><strong>cucur</strong></span> <span class='ocrx_word' id='word_1_270' title='bbox 861 4535 929 4593; x_wconf 88' lang='lat' dir='ltr'><strong>et</strong></span> <span class='ocrx_word' id='word_1_271' title='bbox 971 4527 1275 4591; x_wconf 86' lang='lat' dir='ltr'><strong>affection</strong></span> <span class='ocrx_word' id='word_1_272' title='bbox 1319 4524 1871 4590; x_wconf 88' lang='lat' dir='ltr'><strong>treschrestienne</strong></span> <span class='ocrx_word' id='word_1_273' title='bbox 1931 4544 2089 4588; x_wconf 89' lang='lat' dir='ltr'><strong>vous</strong></span> <span class='ocrx_word' id='word_1_274' title='bbox 2143 4531 2319 4588; x_wconf 88' lang='lat' dir='ltr'><strong>estu-</strong></span> 
     </span>
    </p>
   </div>
   <div class='ocr_carea' id='block_1_10' title="bbox 371 4606 2457 4696">
    <p class='ocr_par' dir='ltr' id='par_1_10' title="bbox 371 4606 2600 4696">
     <span class='ocr_line' id='line_1_38' title="bbox 371 4606 2457 4696; baseline -0.001 -19"><span class='ocrx_word' id='word_1_275' title='bbox 371 4611 513 4680; x_wconf 87' lang='grc'><strong>(1188</strong></span> <span class='ocrx_word' id='word_1_276' title='bbox 557 4623 708 4680; x_wconf 86' lang='lat' dir='ltr'><strong>tous</strong></span> <span class='ocrx_word' id='word_1_277' title='bbox 753 4612 1086 4679; x_wconf 89' lang='lat' dir='ltr'><strong>ensemble</strong></span> <span class='ocrx_word' id='word_1_278' title='bbox 1130 4628 1170 4675; x_wconf 88' lang='lat' dir='ltr'><strong>a</strong></span> <span class='ocrx_word' id='word_1_279' title='bbox 1210 4611 1639 4696; x_wconf 89' lang='lat' dir='ltr'><strong>pourchasser</strong></span> <span class='ocrx_word' id='word_1_280' title='bbox 1688 4609 1752 4675; x_wconf 92' lang='grc'><strong>18</strong></span> <span class='ocrx_word' id='word_1_281' title='bbox 1796 4608 2000 4691; x_wconf 82' lang='lat' dir='ltr'><strong>gleire</strong></span> <span class='ocrx_word' id='word_1_282' title='bbox 2044 4606 2125 4672; x_wconf 91' lang='grc'><strong>(18</strong></span> <span class='ocrx_word' id='word_1_283' title='bbox 2168 4630 2319 4673; x_wconf 87' lang='lat' dir='ltr'><strong>nos·</strong></span> <span class='ocrx_word' id='word_1_284' title='bbox 2438 4678 2457 4683; x_wconf 67' lang='grc'><strong>,</strong></span> 
     </span>
    </p>
   </div>
   <div class='ocr_carea' id='block_1_11' title="bbox 371 4696 2326 5386">
    <p class='ocr_par' dir='ltr' id='par_1_11' title="bbox 371 4696 2321 4785">
     <span class='ocr_line' id='line_1_39' title="bbox 371 4696 2321 4785; baseline -0.003 -20"><span class='ocrx_word' id='word_1_285' title='bbox 371 4708 472 4765; x_wconf 83' lang='grc'><strong>110</strong></span> <span class='ocrx_word' id='word_1_286' title='bbox 528 4698 859 4785; x_wconf 83' lang='lat' dir='ltr'><strong>Seigneur</strong></span> <span class='ocrx_word' id='word_1_287' title='bbox 911 4720 995 4763; x_wconf 87' lang='lat' dir='ltr'><strong>en</strong></span> <span class='ocrx_word' id='word_1_288' title='bbox 1047 4697 1355 4762; x_wconf 76' lang='lat' dir='ltr'><strong>chassant</strong></span> <span class='ocrx_word' id='word_1_289' title='bbox 1406 4704 1473 4761; x_wconf 91' lang='lat' dir='ltr'><strong>et</strong></span> <span class='ocrx_word' id='word_1_290' title='bbox 1530 4696 1952 4779; x_wconf 83' lang='lat' dir='ltr'><strong>destruysant</strong></span> <span class='ocrx_word' id='word_1_291' title='bbox 2008 4716 2049 4759; x_wconf 88' lang='lat' dir='ltr'><strong>a</strong></span> <span class='ocrx_word' id='word_1_292' title='bbox 2104 4702 2321 4759; x_wconf 83' lang='lat' dir='ltr'><strong>vostre</strong></span> 
     </span>
    </p>

    <p class='ocr_par' dir='ltr' id='par_1_12' title="bbox 372 4780 2326 5386">
     <span class='ocr_line' id='line_1_40' title="bbox 456 4780 2322 4868; baseline -0.004 -16"><span class='ocrx_word' id='word_1_293' title='bbox 456 4786 652 4854; x_wconf 90' lang='lat' dir='ltr'><strong>uvoir</strong></span> <span class='ocrx_word' id='word_1_294' title='bbox 696 4795 838 4852; x_wconf 86' lang='lat' dir='ltr'><strong>tout</strong></span> <span class='ocrx_word' id='word_1_295' title='bbox 881 4806 955 4851; x_wconf 90' lang='grc'><strong>08</strong></span> <span class='ocrx_word' id='word_1_296' title='bbox 997 4785 1108 4868; x_wconf 88' lang='grc'><strong>(181</strong></span> <span class='ocrx_word' id='word_1_297' title='bbox 1164 4783 1347 4866; x_wconf 86' lang='lat' dir='ltr'><strong>peult</strong></span> <span class='ocrx_word' id='word_1_298' title='bbox 1389 4781 1770 4865; x_wconf 90' lang='lat' dir='ltr'><strong>empescher</strong></span> <span class='ocrx_word' id='word_1_299' title='bbox 1813 4800 1899 4846; x_wconf 92' lang='lat' dir='ltr'><strong>ou</strong></span> <span class='ocrx_word' id='word_1_300' title='bbox 1941 4780 2322 4846; x_wconf 88' lang='lat' dir='ltr'><strong>destourber</strong></span> 
     </span>
     <span class='ocr_line' id='line_1_41' title="bbox 372 4807 2321 4954; baseline -0.004 -17"><span class='ocrx_word' id='word_1_301' title='bbox 372 4807 666 4939; x_wconf 55' lang='lat' dir='ltr'><strong>ffcours</strong></span> <span class='ocrx_word' id='word_1_302' title='bbox 703 4871 784 4937; x_wconf 89' lang='lat' dir='ltr'><strong>de</strong></span> <span class='ocrx_word' id='word_1_303' title='bbox 814 4894 889 4938; x_wconf 89' lang='lat' dir='ltr'><strong>sa</strong></span> <span class='ocrx_word' id='word_1_304' title='bbox 923 4871 1173 4937; x_wconf 79' lang='lat' dir='ltr'><strong>saincte</strong></span> <span class='ocrx_word' id='word_1_305' title='bbox 1197 4868 1444 4954; x_wconf 87' lang='lat' dir='ltr'><strong>parolle</strong></span> <span class='ocrx_word' id='word_1_306' title='bbox 1480 4876 1548 4934; x_wconf 87' lang='lat' dir='ltr'><strong>et</strong></span> <span class='ocrx_word' id='word_1_307' title='bbox 1582 4868 2037 4932; x_wconf 86' lang='lat' dir='ltr'><strong>lavancement</strong></span> <span class='ocrx_word' id='word_1_308' title='bbox 2070 4865 2321 4945; x_wconf 89' lang='lat' dir='ltr'><strong>dioelle,</strong></span> 
     </span>
     <span class='ocr_line' id='line_1_42' title="bbox 377 4951 2323 5037; baseline -0.004 -14"><span class='ocrx_word' id='word_1_309' title='bbox 377 4966 446 5023; x_wconf 87' lang='lat' dir='ltr'><strong>et</strong></span> <span class='ocrx_word' id='word_1_310' title='bbox 488 4980 574 5025; x_wconf 89' lang='grc'><strong>88</strong></span> <span class='ocrx_word' id='word_1_311' title='bbox 614 4959 939 5023; x_wconf 84' lang='lat' dir='ltr'><strong>contraire</strong></span> <span class='ocrx_word' id='word_1_312' title='bbox 982 4955 1296 5024; x_wconf 83' lang='lat' dir='ltr'><strong>cerchant</strong></span> <span class='ocrx_word' id='word_1_313' title='bbox 1328 4964 1477 5020; x_wconf 89' lang='lat' dir='ltr'><strong>tous</strong></span> <span class='ocrx_word' id='word_1_314' title='bbox 1520 4954 1615 5018; x_wconf 90' lang='lat' dir='ltr'><strong>les</strong></span> <span class='ocrx_word' id='word_1_315' title='bbox 1658 4974 1932 5037; x_wconf 82' lang='lat' dir='ltr'><strong>moyens</strong></span> <span class='ocrx_word' id='word_1_316' title='bbox 1975 4951 2114 5035; x_wconf 86' lang='lat' dir='ltr'><strong>quil</strong></span> <span class='ocrx_word' id='word_1_317' title='bbox 2156 4971 2323 5018; x_wconf 90' lang='lat' dir='ltr'><strong>vous</strong></span> 
     </span>
     <span class='ocr_line' id='line_1_43' title="bbox 378 5036 2325 5129; baseline -0.004 -20"><span class='ocrx_word' id='word_1_318' title='bbox 378 5052 479 5109; x_wconf 85' lang='grc'><strong>881</strong></span> <span class='ocrx_word' id='word_1_319' title='bbox 519 5043 804 5129; x_wconf 88' lang='lat' dir='ltr'><strong>possible</strong></span> <span class='ocrx_word' id='word_1_320' title='bbox 847 5063 1015 5127; x_wconf 89' lang='lat' dir='ltr'><strong>pour</strong></span> <span class='ocrx_word' id='word_1_321' title='bbox 1048 5051 1381 5108; x_wconf 82' lang='lat' dir='ltr'><strong>restaurer</strong></span> <span class='ocrx_word' id='word_1_322' title='bbox 1413 5049 1483 5121; x_wconf 86' lang='lat' dir='ltr'><strong>et</strong></span> <span class='ocrx_word' id='word_1_323' title='bbox 1526 5040 1780 5104; x_wconf 82' lang='lat' dir='ltr'><strong>relever</strong></span> <span class='ocrx_word' id='word_1_324' title='bbox 1820 5043 2035 5102; x_wconf 86' lang='lat' dir='ltr'><strong>tontes</strong></span> <span class='ocrx_word' id='word_1_325' title='bbox 2076 5036 2325 5102; x_wconf 92' lang='lat' dir='ltr'><strong>bonnes</strong></span> 
     </span>
     <span class='ocr_line' id='line_1_44' title="bbox 381 5125 2325 5212; baseline -0.005 -16"><span class='ocrx_word' id='word_1_326' title='bbox 381 5130 610 5197; x_wconf 87' lang='lat' dir='ltr'><strong>choses</strong></span> <span class='ocrx_word' id='word_1_327' title='bbox 654 5128 824 5196; x_wconf 89' lang='lat' dir='ltr'><strong>ainsi</strong></span> <span class='ocrx_word' id='word_1_328' title='bbox 877 5150 1002 5212; x_wconf 91' lang='lat' dir='ltr'><strong>que</strong></span> <span class='ocrx_word' id='word_1_329' title='bbox 1046 5127 1227 5192; x_wconf 81' lang='grc'><strong>(18818</strong></span> <span class='ocrx_word' id='word_1_330' title='bbox 1268 5147 1433 5192; x_wconf 89' lang='lat' dir='ltr'><strong>vous</strong></span> <span class='ocrx_word' id='word_1_331' title='bbox 1479 5146 1633 5191; x_wconf 83' lang='lat' dir='ltr'><strong>avez</strong></span> <span class='ocrx_word' id='word_1_332' title='bbox 1676 5125 1829 5190; x_wconf 87' lang='lat' dir='ltr'><strong>bien</strong></span> <span class='ocrx_word' id='word_1_333' title='bbox 1869 5129 2163 5188; x_wconf 74' lang='lat' dir='ltr'><strong>monstro</strong></span> <span class='ocrx_word' id='word_1_334' title='bbox 2206 5142 2325 5207; x_wconf 89' lang='lat' dir='ltr'><strong>par</strong></span> 
     </span>
     <span class='ocr_line' id='line_1_45' title="bbox 380 5208 2326 5301; baseline -0.005 -19"><span class='ocrx_word' id='word_1_335' title='bbox 380 5215 707 5301; x_wconf 79' lang='lat' dir='ltr'><strong>cydevant</strong></span> <span class='ocrx_word' id='word_1_336' title='bbox 748 5237 833 5281; x_wconf 91' lang='lat' dir='ltr'><strong>en</strong></span> <span class='ocrx_word' id='word_1_337' title='bbox 875 5214 1200 5297; x_wconf 84' lang='lat' dir='ltr'><strong>plusieurs</strong></span> <span class='ocrx_word' id='word_1_338' title='bbox 1235 5233 1342 5279; x_wconf 87' lang='lat' dir='ltr'><strong>eas</strong></span> <span class='ocrx_word' id='word_1_339' title='bbox 1377 5217 1445 5278; x_wconf 88' lang='lat' dir='ltr'><strong>et</strong></span> <span class='ocrx_word' id='word_1_340' title='bbox 1478 5222 1909 5277; x_wconf 85' lang='lat' dir='ltr'><strong>mesmement</strong></span> <span class='ocrx_word' id='word_1_341' title='bbox 1949 5230 1989 5274; x_wconf 88' lang='lat' dir='ltr'><strong>a</strong></span> <span class='ocrx_word' id='word_1_342' title='bbox 2028 5208 2095 5273; x_wconf 91' lang='grc'><strong>18</strong></span> <span class='ocrx_word' id='word_1_343' title='bbox 2137 5208 2326 5292; x_wconf 82' lang='lat' dir='ltr'><strong>pein‘e</strong></span> 
     </span>
     <span class='ocr_line' id='line_1_46' title="bbox 382 5294 2326 5386; baseline -0.002 -21"><span class='ocrx_word' id='word_1_344' title='bbox 382 5312 451 5365; x_wconf 86' lang='grc'><strong>81</strong></span> <span class='ocrx_word' id='word_1_345' title='bbox 494 5302 813 5386; x_wconf 86' lang='lat' dir='ltr'><strong>diligence</strong></span> <span class='ocrx_word' id='word_1_346' title='bbox 856 5322 984 5384; x_wconf 88' lang='lat' dir='ltr'><strong>que</strong></span> <span class='ocrx_word' id='word_1_347' title='bbox 1028 5320 1192 5366; x_wconf 87' lang='lat' dir='ltr'><strong>vous</strong></span> <span class='ocrx_word' id='word_1_348' title='bbox 1246 5318 1405 5363; x_wconf 84' lang='lat' dir='ltr'><strong>avez</strong></span> <span class='ocrx_word' id='word_1_349' title='bbox 1450 5295 1790 5382; x_wconf 84' lang='lat' dir='ltr'><strong>employee</strong></span> <span class='ocrx_word' id='word_1_350' title='bbox 1833 5318 1875 5361; x_wconf 87' lang='lat' dir='ltr'><strong>a</strong></span> <span class='ocrx_word' id='word_1_351' title='bbox 1914 5294 2135 5363; x_wconf 83' lang='lat' dir='ltr'><strong>ravoir</strong></span> <span class='ocrx_word' id='word_1_352' title='bbox 2175 5316 2326 5362; x_wconf 85' lang='grc'><strong>808·</strong></span> 
     </span>
    </p>
   </div>
   <div class='ocr_carea' id='block_1_12' title="bbox 383 5380 2383 5454">
    <p class='ocr_par' dir='ltr' id='par_1_13' title="bbox 383 5380 2383 5454">
     <span class='ocr_line' id='line_1_47' title="bbox 383 5380 2383 5454; baseline -0.005 1"><span class='ocrx_word' id='word_1_353' title='bbox 383 5394 489 5454; x_wconf 77' lang='lat' dir='ltr'><strong>tre</strong></span> <span class='ocrx_word' id='word_1_354' title='bbox 528 5389 698 5454; x_wconf 78' lang='lat' dir='ltr'><strong>frere</strong></span> <span class='ocrx_word' id='word_1_355' title='bbox 742 5385 965 5452; x_wconf 71' lang='lat' dir='ltr'><strong>Calain</strong></span> <span class='ocrx_word' id='word_1_356' title='bbox 1009 5392 1227 5452; x_wconf 83' lang='lat' dir='ltr'><strong>vostre</strong></span> <span class='ocrx_word' id='word_1_357' title='bbox 1268 5382 1399 5448; x_wconf 92' lang='lat' dir='ltr'><strong>bon</strong></span> <span class='ocrx_word' id='word_1_358' title='bbox 1436 5383 1737 5448; x_wconf 89' lang='lat' dir='ltr'><strong>ministre</strong></span> <span class='ocrx_word' id='word_1_359' title='bbox 1779 5389 1847 5447; x_wconf 72' lang='lat' dir='ltr'><strong>st</strong></span> <span class='ocrx_word' id='word_1_360' title='bbox 1887 5380 2081 5447; x_wconf 88' lang='lat' dir='ltr'><strong>fidele</strong></span> <span class='ocrx_word' id='word_1_361' title='bbox 2122 5380 2328 5447; x_wconf 82' lang='lat' dir='ltr'><strong>servi·</strong></span> <span class='ocrx_word' id='word_1_362' title='bbox 2378 5418 2383 5431; x_wconf 88' lang='lat'><em>·</em></span> 
     </span>
    </p>
   </div>
   <div class='ocr_carea' id='block_1_13' title="bbox 2130 464 2611 532">
    <p class='ocr_par' dir='ltr' id='par_1_14' title="bbox 2130 464 2611 532">
     <span class='ocr_line' id='line_1_48' title="bbox 2130 464 2611 532; baseline -0.004 -1"><span class='ocrx_word' id='word_1_363' title='bbox 2130 470 2286 531; x_wconf 82' lang='lat'>1541</span> <span class='ocrx_word' id='word_1_364' title='bbox 2328 464 2611 532; x_wconf 73' lang='lat' dir='ltr'><strong>MART.</strong></span> 
     </span>
    </p>
   </div>
   <div class='ocr_carea' id='block_1_14' title="bbox 2358 655 2390 5403">
    <p class='ocr_par' dir='ltr' id='par_1_15' title="bbox 2358 655 2390 5403">
     <span class='ocr_line' id='line_1_49' title="bbox 2358 655 2390 5403; baseline 0 0"><span class='ocrx_word' id='word_1_365' title='bbox 2358 655 2390 5403; x_wconf 95' lang='lat' dir='ltr'><strong> </strong></span> 
     </span>
    </p>
   </div>
   <div class='ocr_carea' id='block_1_15' title="bbox 4240 477 4364 540">
    <p class='ocr_par' dir='ltr' id='par_1_16' title="bbox 4240 477 4364 540">
     <span class='ocr_line' id='line_1_50' title="bbox 4240 477 4364 540; baseline 0.032 -4"><span class='ocrx_word' id='word_1_366' title='bbox 4240 477 4364 540; x_wconf 73' lang='lat'><strong>174</strong></span> 
     </span>
    </p>
   </div>
   <div class='ocr_carea' id='block_1_16' title="bbox 2410 650 4363 1856">
    <p class='ocr_par' dir='ltr' id='par_1_17' title="bbox 2410 650 4363 1856">
     <span class='ocr_line' id='line_1_51' title="bbox 2412 650 4358 744; baseline 0.004 -25"><span class='ocrx_word' id='word_1_367' title='bbox 2412 662 2561 719; x_wconf 87' lang='lat' dir='ltr'><strong>teur</strong></span> <span class='ocrx_word' id='word_1_368' title='bbox 2620 651 2704 718; x_wconf 87' lang='lat' dir='ltr'><strong>de</strong></span> <span class='ocrx_word' id='word_1_369' title='bbox 2745 661 2968 719; x_wconf 91' lang='lat' dir='ltr'><strong>nostre</strong></span> <span class='ocrx_word' id='word_1_370' title='bbox 3011 650 3342 739; x_wconf 82' lang='lat' dir='ltr'><strong>Seigneur</strong></span> <span class='ocrx_word' id='word_1_371' title='bbox 3382 656 3589 735; x_wconf 86' lang='lat' dir='ltr'><strong>Iesus,</strong></span> <span class='ocrx_word' id='word_1_372' title='bbox 3635 656 3979 723; x_wconf 86' lang='lat' dir='ltr'><strong>tellement</strong></span> <span class='ocrx_word' id='word_1_373' title='bbox 4007 680 4144 742; x_wconf 88' lang='lat' dir='ltr'><strong>·que</strong></span> <span class='ocrx_word' id='word_1_374' title='bbox 4208 661 4358 744; x_wconf 90' lang='lat' dir='ltr'><strong>plu·</strong></span> 
     </span>
     <span class='ocr_line' id='line_1_52' title="bbox 2411 738 4361 823; baseline 0.004 -17"><span class='ocrx_word' id='word_1_375' title='bbox 2411 741 2622 807; x_wconf 86' lang='lat' dir='ltr'><strong>sieurs</strong></span> <span class='ocrx_word' id='word_1_376' title='bbox 2678 738 2792 822; x_wconf 85' lang='lat' dir='ltr'><strong>qui</strong></span> <span class='ocrx_word' id='word_1_377' title='bbox 2849 748 3174 823; x_wconf 87' lang='lat' dir='ltr'><strong>paravant</strong></span> <span class='ocrx_word' id='word_1_378' title='bbox 3229 742 3495 808; x_wconf 88' lang='lat' dir='ltr'><strong>avoient</strong></span> <span class='ocrx_word' id='word_1_379' title='bbox 3551 749 3690 807; x_wconf 82' lang='lat' dir='ltr'><strong>este</strong></span> <span class='ocrx_word' id='word_1_380' title='bbox 3743 743 3873 809; x_wconf 88' lang='lat' dir='ltr'><strong>fort</strong></span> <span class='ocrx_word' id='word_1_381' title='bbox 3935 745 4226 812; x_wconf 85' lang='lat' dir='ltr'><strong>troublez</strong></span> <span class='ocrx_word' id='word_1_382' title='bbox 4290 756 4361 813; x_wconf 84' lang='lat' dir='ltr'><strong>et</strong></span> 
     </span>
     <span class='ocr_line' id='line_1_53' title="bbox 2412 823 4361 916; baseline 0.005 -25"><span class='ocrx_word' id='word_1_383' title='bbox 2412 823 2812 891; x_wconf 86' lang='lat' dir='ltr'><strong>scandalisez</strong></span> <span class='ocrx_word' id='word_1_384' title='bbox 2869 844 2910 889; x_wconf 91' lang='lat' dir='ltr'><strong>a</strong></span> <span class='ocrx_word' id='word_1_385' title='bbox 2951 845 3146 891; x_wconf 89' lang='lat' dir='ltr'><strong>cause</strong></span> <span class='ocrx_word' id='word_1_386' title='bbox 3189 824 3272 892; x_wconf 90' lang='lat' dir='ltr'><strong>de</strong></span> <span class='ocrx_word' id='word_1_387' title='bbox 3313 827 3380 892; x_wconf 90' lang='grc'><strong>18</strong></span> <span class='ocrx_word' id='word_1_388' title='bbox 3422 826 3705 894; x_wconf 90' lang='lat' dir='ltr'><strong>division</strong></span> <span class='ocrx_word' id='word_1_389' title='bbox 3762 828 3842 895; x_wconf 93' lang='grc'><strong>(18</strong></span> <span class='ocrx_word' id='word_1_390' title='bbox 3897 838 4115 896; x_wconf 88' lang='lat' dir='ltr'><strong>vostre</strong></span> <span class='ocrx_word' id='word_1_391' title='bbox 4157 833 4361 916; x_wconf 84' lang='lat' dir='ltr'><strong>eglise</strong></span> 
     </span>
     <span class='ocr_line' id='line_1_54' title="bbox 2411 911 4362 996; baseline 0.004 -19"><span class='ocrx_word' id='word_1_392' title='bbox 2411 918 2564 977; x_wconf 89' lang='lat' dir='ltr'><strong>sont</strong></span> <span class='ocrx_word' id='word_1_393' title='bbox 2602 911 3019 977; x_wconf 84' lang='lat' dir='ltr'><strong>maintenant</strong></span> <span class='ocrx_word' id='word_1_394' title='bbox 3065 911 3501 996; x_wconf 88' lang='lat' dir='ltr'><strong>grandement</strong></span> <span class='ocrx_word' id='word_1_395' title='bbox 3555 914 3852 981; x_wconf 91' lang='grc'><strong>00880188</strong></span> <span class='ocrx_word' id='word_1_396' title='bbox 3907 926 3977 981; x_wconf 90' lang='grc'><strong>81</strong></span> <span class='ocrx_word' id='word_1_397' title='bbox 4030 926 4167 983; x_wconf 82' lang='lat' dir='ltr'><strong>tres</strong></span> <span class='ocrx_word' id='word_1_398' title='bbox 4207 919 4362 986; x_wconf 92' lang='lat' dir='ltr'><strong>bien</strong></span> 
     </span>
     <span class='ocr_line' id='line_1_55' title="bbox 2411 996 4362 1090; baseline 0.005 -29"><span class='ocrx_word' id='word_1_399' title='bbox 2411 997 2638 1062; x_wconf 84' lang='lat' dir='ltr'><strong>edifiez</strong></span> <span class='ocrx_word' id='word_1_400' title='bbox 2682 1018 2936 1082; x_wconf 84' lang='lat' dir='ltr'><strong>voyans</strong></span> <span class='ocrx_word' id='word_1_401' title='bbox 2972 996 3039 1062; x_wconf 92' lang='grc'><strong>18</strong></span> <span class='ocrx_word' id='word_1_402' title='bbox 3059 998 3310 1083; x_wconf 78' lang='lat' dir='ltr'><strong>grande</strong></span> <span class='ocrx_word' id='word_1_403' title='bbox 3330 997 3743 1066; x_wconf 85' lang='lat' dir='ltr'><strong>benediction</strong></span> <span class='ocrx_word' id='word_1_404' title='bbox 3776 1023 3904 1086; x_wconf 90' lang='grc'><strong>(188</strong></span> <span class='ocrx_word' id='word_1_405' title='bbox 3946 1003 4008 1067; x_wconf 90' lang='grc'><strong>18</strong></span> <span class='ocrx_word' id='word_1_406' title='bbox 4031 1002 4362 1090; x_wconf 83' lang='lat' dir='ltr'><strong>Seigneur</strong></span> 
     </span>
     <span class='ocr_line' id='line_1_56' title="bbox 2411 1084 4361 1172; baseline 0.005 -23"><span class='ocrx_word' id='word_1_407' title='bbox 2411 1084 2588 1149; x_wconf 90' lang='lat' dir='ltr'><strong>Dieu</strong></span> <span class='ocrx_word' id='word_1_408' title='bbox 2630 1102 2797 1149; x_wconf 91' lang='lat' dir='ltr'><strong>vous</strong></span> <span class='ocrx_word' id='word_1_409' title='bbox 2832 1104 2873 1148; x_wconf 91' lang='lat' dir='ltr'><strong>a</strong></span> <span class='ocrx_word' id='word_1_410' title='bbox 2914 1084 3124 1165; x_wconf 85' lang='lat' dir='ltr'><strong>faicte,</strong></span> <span class='ocrx_word' id='word_1_411' title='bbox 3165 1086 3347 1152; x_wconf 90' lang='lat' dir='ltr'><strong>voire</strong></span> <span class='ocrx_word' id='word_1_412' title='bbox 3381 1086 3440 1151; x_wconf 88' lang='lat' dir='ltr'><strong>si</strong></span> <span class='ocrx_word' id='word_1_413' title='bbox 3472 1086 3911 1155; x_wconf 84' lang='lat' dir='ltr'><strong>tresovidente</strong></span> <span class='ocrx_word' id='word_1_414' title='bbox 3953 1110 4080 1172; x_wconf 89' lang='grc'><strong>(188</strong></span> <span class='ocrx_word' id='word_1_415' title='bbox 4111 1111 4361 1157; x_wconf 85' lang='grc'><strong>8188188</strong></span> 
     </span>
     <span class='ocr_line' id='line_1_57' title="bbox 2411 1169 4360 1260; baseline 0.005 -26"><span class='ocrx_word' id='word_1_416' title='bbox 2411 1169 2508 1234; x_wconf 85' lang='grc'><strong>188</strong></span> <span class='ocrx_word' id='word_1_417' title='bbox 2551 1190 2870 1255; x_wconf 83' lang='lat' dir='ltr'><strong>ennemys</strong></span> <span class='ocrx_word' id='word_1_418' title='bbox 2915 1169 2996 1236; x_wconf 92' lang='lat' dir='ltr'><strong>de</strong></span> <span class='ocrx_word' id='word_1_419' title='bbox 3036 1170 3215 1235; x_wconf 91' lang='lat' dir='ltr'><strong>Dieu</strong></span> <span class='ocrx_word' id='word_1_420' title='bbox 3259 1193 3346 1236; x_wconf 90' lang='lat' dir='ltr'><strong>en</strong></span> <span class='ocrx_word' id='word_1_421' title='bbox 3396 1180 3546 1237; x_wconf 88' lang='lat' dir='ltr'><strong>sont</strong></span> <span class='ocrx_word' id='word_1_422' title='bbox 3603 1172 3662 1238; x_wconf 91' lang='lat' dir='ltr'><strong>si</strong></span> <span class='ocrx_word' id='word_1_423' title='bbox 3717 1180 4024 1240; x_wconf 88' lang='grc'><strong>88108888</strong></span> <span class='ocrx_word' id='word_1_424' title='bbox 4066 1177 4239 1260; x_wconf 89' lang='grc'><strong>(18118</strong></span> <span class='ocrx_word' id='word_1_425' title='bbox 4272 1197 4360 1243; x_wconf 88' lang='grc'><strong>88</strong></span> 
     </span>
     <span class='ocr_line' id='line_1_58' title="bbox 2413 1256 4362 1344; baseline 0.003 -23"><span class='ocrx_word' id='word_1_426' title='bbox 2413 1264 2647 1321; x_wconf 90' lang='lat' dir='ltr'><strong>savent</strong></span> <span class='ocrx_word' id='word_1_427' title='bbox 2688 1256 2839 1339; x_wconf 89' lang='lat' dir='ltr'><strong>plus</strong></span> <span class='ocrx_word' id='word_1_428' title='bbox 2879 1276 2965 1321; x_wconf 92' lang='lat' dir='ltr'><strong>ou</strong></span> <span class='ocrx_word' id='word_1_429' title='bbox 3007 1256 3093 1320; x_wconf 88' lang='grc'><strong>118</strong></span> <span class='ocrx_word' id='word_1_430' title='bbox 3137 1277 3221 1321; x_wconf 88' lang='grc'><strong>88</strong></span> <span class='ocrx_word' id='word_1_431' title='bbox 3265 1264 3434 1337; x_wconf 86' lang='grc'><strong>8081,</strong></span> <span class='ocrx_word' id='word_1_432' title='bbox 3492 1266 3559 1324; x_wconf 91' lang='grc'><strong>81</strong></span> <span class='ocrx_word' id='word_1_433' title='bbox 3591 1259 3648 1323; x_wconf 88' lang='grc'><strong>81</strong></span> <span class='ocrx_word' id='word_1_434' title='bbox 3690 1278 3857 1325; x_wconf 91' lang='lat' dir='ltr'><strong>vous</strong></span> <span class='ocrx_word' id='word_1_435' title='bbox 3898 1281 4277 1344; x_wconf 68' lang='lat' dir='ltr'><strong>perseveres</strong></span> <span class='ocrx_word' id='word_1_436' title='bbox 4319 1280 4362 1327; x_wconf 86' lang='lat' dir='ltr'><strong>a</strong></span> 
     </span>
     <span class='ocr_line' id='line_1_59' title="bbox 2412 1341 4363 1432; baseline 0.004 -26"><span class='ocrx_word' id='word_1_437' title='bbox 2412 1341 2652 1407; x_wconf 89' lang='lat' dir='ltr'><strong>rendre</strong></span> <span class='ocrx_word' id='word_1_438' title='bbox 2695 1362 2736 1407; x_wconf 93' lang='lat' dir='ltr'><strong>a</strong></span> <span class='ocrx_word' id='word_1_439' title='bbox 2777 1341 2954 1407; x_wconf 89' lang='lat' dir='ltr'><strong>Dieu</strong></span> <span class='ocrx_word' id='word_1_440' title='bbox 3004 1363 3122 1408; x_wconf 87' lang='lat' dir='ltr'><strong>son</strong></span> <span class='ocrx_word' id='word_1_441' title='bbox 3180 1342 3482 1409; x_wconf 84' lang='lat' dir='ltr'><strong>honneur</strong></span> <span class='ocrx_word' id='word_1_442' title='bbox 3535 1345 3706 1410; x_wconf 83' lang='lat' dir='ltr'><strong>ainsi</strong></span> <span class='ocrx_word' id='word_1_443' title='bbox 3749 1366 3877 1429; x_wconf 89' lang='grc'><strong>(188</strong></span> <span class='ocrx_word' id='word_1_444' title='bbox 3920 1344 4120 1412; x_wconf 89' lang='lat' dir='ltr'><strong>devez</strong></span> <span class='ocrx_word' id='word_1_445' title='bbox 4163 1369 4363 1432; x_wconf 90' lang='lat' dir='ltr'><strong>pour·</strong></span> 
     </span>
     <span class='ocr_line' id='line_1_60' title="bbox 2414 1426 4356 1512; baseline 0.004 -18"><span class='ocrx_word' id='word_1_446' title='bbox 2414 1448 2657 1512; x_wconf 82' lang='lat' dir='ltr'><strong>suyvre</strong></span> <span class='ocrx_word' id='word_1_447' title='bbox 2713 1449 2952 1494; x_wconf 88' lang='lat' dir='ltr'><strong>envers</strong></span> <span class='ocrx_word' id='word_1_448' title='bbox 3014 1427 3216 1493; x_wconf 89' lang='lat' dir='ltr'><strong>ledict</strong></span> <span class='ocrx_word' id='word_1_449' title='bbox 3265 1426 3489 1496; x_wconf 76' lang='lat' dir='ltr'><strong>Calvin</strong></span> <span class='ocrx_word' id='word_1_450' title='bbox 3544 1438 3614 1495; x_wconf 91' lang='grc'><strong>81</strong></span> <span class='ocrx_word' id='word_1_451' title='bbox 3667 1436 3920 1497; x_wconf 77' lang='lat' dir='ltr'><strong>comme</strong></span> <span class='ocrx_word' id='word_1_452' title='bbox 3973 1453 4139 1499; x_wconf 88' lang='lat' dir='ltr'><strong>vous</strong></span> <span class='ocrx_word' id='word_1_453' title='bbox 4199 1455 4356 1500; x_wconf 77' lang='lat' dir='ltr'><strong>avez</strong></span> 
     </span>
     <span class='ocr_line' id='line_1_61' title="bbox 2415 1513 4362 1586; baseline 0.003 -7"><span class='ocrx_word' id='word_1_454' title='bbox 2415 1521 2554 1579; x_wconf 83' lang='grc'><strong>8818</strong></span> <span class='ocrx_word' id='word_1_455' title='bbox 2608 1513 2897 1580; x_wconf 82' lang='lat' dir='ltr'><strong>advertiz</strong></span> <span class='ocrx_word' id='word_1_456' title='bbox 2955 1513 3035 1579; x_wconf 89' lang='lat' dir='ltr'><strong>de</strong></span> <span class='ocrx_word' id='word_1_457' title='bbox 3093 1514 3254 1579; x_wconf 88' lang='lat' dir='ltr'><strong>faire</strong></span> <span class='ocrx_word' id='word_1_458' title='bbox 3313 1515 3631 1581; x_wconf 82' lang='lat' dir='ltr'><strong>touchant</strong></span> <span class='ocrx_word' id='word_1_459' title='bbox 3690 1514 4008 1585; x_wconf 69' lang='lat' dir='ltr'><strong>Gourauhi</strong></span> <span class='ocrx_word' id='word_1_460' title='bbox 4062 1541 4224 1586; x_wconf 86' lang='lat' dir='ltr'><strong>vous</strong></span> <span class='ocrx_word' id='word_1_461' title='bbox 4276 1540 4362 1584; x_wconf 89' lang='grc'><strong>88</strong></span> 
     </span>
     <span class='ocr_line' id='line_1_62' title="bbox 2414 1599 4361 1689; baseline 0.003 -24"><span class='ocrx_word' id='word_1_462' title='bbox 2414 1618 2643 1665; x_wconf 75' lang='lat' dir='ltr'><strong>ven-ez</strong></span> <span class='ocrx_word' id='word_1_463' title='bbox 2677 1620 2810 1665; x_wconf 92' lang='lat' dir='ltr'><strong>une</strong></span> <span class='ocrx_word' id='word_1_464' title='bbox 2852 1599 3220 1665; x_wconf 83' lang='lat' dir='ltr'><strong>edification</strong></span> <span class='ocrx_word' id='word_1_465' title='bbox 3264 1600 3717 1668; x_wconf 89' lang='lat' dir='ltr'><strong>merveilleuse</strong></span> <span class='ocrx_word' id='word_1_466' title='bbox 3758 1610 3828 1669; x_wconf 88' lang='grc'><strong>01</strong></span> <span class='ocrx_word' id='word_1_467' title='bbox 3865 1625 4045 1669; x_wconf 88' lang='grc'><strong>88188</strong></span> <span class='ocrx_word' id='word_1_468' title='bbox 4088 1604 4170 1670; x_wconf 91' lang='grc'><strong>(18</strong></span> <span class='ocrx_word' id='word_1_469' title='bbox 4210 1604 4361 1689; x_wconf 88' lang='lat' dir='ltr'><strong>plus</strong></span> 
     </span>
     <span class='ocr_line' id='line_1_63' title="bbox 2416 1684 4362 1770; baseline 0.002 -20"><span class='ocrx_word' id='word_1_470' title='bbox 2416 1704 2501 1750; x_wconf 94' lang='lat' dir='ltr'><strong>en</strong></span> <span class='ocrx_word' id='word_1_471' title='bbox 2544 1684 2699 1768; x_wconf 90' lang='lat' dir='ltr'><strong>plus</strong></span> <span class='ocrx_word' id='word_1_472' title='bbox 2744 1685 3038 1751; x_wconf 84' lang='lat' dir='ltr'><strong>consolez</strong></span> <span class='ocrx_word' id='word_1_473' title='bbox 3073 1693 3142 1751; x_wconf 91' lang='lat' dir='ltr'><strong>et</strong></span> <span class='ocrx_word' id='word_1_474' title='bbox 3183 1686 3512 1770; x_wconf 82' lang='lat' dir='ltr'><strong>reiouys.¹</strong></span> <span class='ocrx_word' id='word_1_475' title='bbox 3596 1725 4362 1739; x_wconf 55' lang='lat'>——————</span> 
     </span>
     <span class='ocr_line' id='line_1_64' title="bbox 2410 1770 4048 1856; baseline 0.004 -21"><span class='ocrx_word' id='word_1_476' title='bbox 2410 1770 2516 1836; x_wconf 89' lang='lat' dir='ltr'><strong>De</strong></span> <span class='ocrx_word' id='word_1_477' title='bbox 2562 1770 2990 1838; x_wconf 87' lang='lat' dir='ltr'><strong>Neufchastel</strong></span> <span class='ocrx_word' id='word_1_478' title='bbox 3033 1771 3097 1839; x_wconf 91' lang='grc'><strong>18</strong></span> <span class='ocrx_word' id='word_1_479' title='bbox 3139 1770 3261 1856; x_wconf 75' lang='lat' dir='ltr'><strong>xij⁶</strong></span> <span class='ocrx_word' id='word_1_480' title='bbox 3310 1774 3459 1836; x_wconf 89' lang='lat' dir='ltr'><strong>iour</strong></span> <span class='ocrx_word' id='word_1_481' title='bbox 3549 1795 3585 1839; x_wconf 94' lang='lat' dir='ltr'><strong>e</strong></span> <span class='ocrx_word' id='word_1_482' title='bbox 3631 1774 3816 1840; x_wconf 81' lang='lat' dir='ltr'><strong>Mars</strong></span> <span class='ocrx_word' id='word_1_483' title='bbox 3867 1780 4048 1842; x_wconf 82' lang='lat'><strong>1541.</strong></span> 
     </span>
    </p>
   </div>
   <div class='ocr_carea' id='block_1_17' title="bbox 3235 1907 4362 2066">
    <p class='ocr_par' dir='ltr' id='par_1_18' title="bbox 3235 1907 4362 2066">
     <span class='ocr_line' id='line_1_65' title="bbox 3235 1907 4362 1999; baseline 0.007 -27"><span class='ocrx_word' id='word_1_484' title='bbox 3235 1907 3476 1975; x_wconf 84' lang='lat' dir='ltr'><strong>Vostre</strong></span> <span class='ocrx_word' id='word_1_485' title='bbox 3519 1912 3844 1978; x_wconf 83' lang='lat' dir='ltr'><strong>servitem·</strong></span> <span class='ocrx_word' id='word_1_486' title='bbox 3884 1914 4056 1979; x_wconf 83' lang='lat' dir='ltr'><strong>frere</strong></span> <span class='ocrx_word' id='word_1_487' title='bbox 4099 1920 4167 1979; x_wconf 91' lang='lat' dir='ltr'><strong>et</strong></span> <span class='ocrx_word' id='word_1_488' title='bbox 4207 1935 4362 1999; x_wconf 77' lang='lat' dir='ltr'><strong>amy</strong></span> 
     </span>
     <span class='ocr_line' id='line_1_66' title="bbox 3477 1997 4112 2066; baseline 0.006 -5"><span class='ocrx_word' id='word_1_489' title='bbox 3477 1997 3778 2063; x_wconf 87' lang='lat' dir='ltr'><strong>Maturin</strong></span> <span class='ocrx_word' id='word_1_490' title='bbox 3820 1997 4112 2066; x_wconf 85' lang='lat' dir='ltr'><strong>Oordier.</strong></span> 
     </span>
    </p>
   </div>
   <div class='ocr_carea' id='block_1_18' title="bbox 3189 2275 3588 2284">
    <p class='ocr_par' dir='ltr' id='par_1_19' title="bbox 3189 2275 3588 2284">
     <span class='ocr_line' id='line_1_67' title="bbox 3189 2275 3588 2284; baseline 0.005 -3"><span class='ocrx_word' id='word_1_491' title='bbox 3189 2275 3334 2281; x_wconf 57' lang='lat'>——-.-</span> <span class='ocrx_word' id='word_1_492' title='bbox 3367 2275 3398 2282; x_wconf 85' lang='grc'><strong>-.</strong></span> <span class='ocrx_word' id='word_1_493' title='bbox 3417 2276 3588 2284; x_wconf 46' lang='grc' dir='ltr'><strong>ο--ς-</strong></span> 
     </span>
    </p>
   </div>
   <div class='ocr_carea' id='block_1_19' title="bbox 2892 2491 3872 2714">
    <p class='ocr_par' dir='ltr' id='par_1_20' title="bbox 2892 2491 3872 2714">
     <span class='ocr_line' id='line_1_68' title="bbox 3318 2491 3463 2560; baseline -0.014 0"><span class='ocrx_word' id='word_1_494' title='bbox 3318 2491 3463 2560; x_wconf 75' lang='grc'><strong>290.</strong></span> 
     </span>
     <span class='ocr_line' id='line_1_69' title="bbox 2892 2644 3872 2714; baseline 0.003 -3"><span class='ocrx_word' id='word_1_495' title='bbox 2892 2644 3363 2713; x_wconf 74' lang='lat' dir='ltr'><strong>GALVINUS</strong></span> <span class='ocrx_word' id='word_1_496' title='bbox 3409 2645 3872 2714; x_wconf 84' lang='lat' dir='ltr'><strong>FARELLO.</strong></span> 
     </span>
    </p>
   </div>
   <div class='ocr_carea' id='block_1_20' title="bbox 2409 2815 4367 3502">
    <p class='ocr_par' dir='ltr' id='par_1_21' title="bbox 2409 2815 4367 3502">
     <span class='ocr_line' id='line_1_70' title="bbox 2593 2815 4362 2904; baseline 0.003 -23"><span class='ocrx_word' id='word_1_497' title='bbox 2593 2815 2996 2883; x_wconf 73' lang='lat' dir='ltr'><strong>Tristissima</strong></span> <span class='ocrx_word' id='word_1_498' title='bbox 3036 2836 3112 2881; x_wconf 65' lang='lat' dir='ltr'><strong>ac</strong></span> <span class='ocrx_word' id='word_1_499' title='bbox 3129 2816 3541 2901; x_wconf 69' lang='lat' dir='ltr'><strong>Aryentorato</strong></span> <span class='ocrx_word' id='word_1_500' title='bbox 3578 2820 3978 2900; x_wconf 76' lang='lat' dir='ltr'><strong>nunciantur,</strong></span> <span class='ocrx_word' id='word_1_501' title='bbox 4019 2820 4129 2886; x_wconf 73' lang='lat' dir='ltr'><strong>ubi</strong></span> <span class='ocrx_word' id='word_1_502' title='bbox 4155 2820 4362 2904; x_wconf 72' lang='lat' dir='ltr'><strong>pestis</strong></span> 
     </span>
     <span class='ocr_line' id='line_1_71' title="bbox 2415 2902 4362 2988; baseline 0.001 -18"><span class='ocrx_word' id='word_1_503' title='bbox 2415 2902 2749 2970; x_wconf 71' lang='lat' dir='ltr'><strong>crudeliter</strong></span> <span class='ocrx_word' id='word_1_504' title='bbox 2791 2908 3128 2987; x_wconf 75' lang='lat' dir='ltr'><strong>grassatur</strong></span> <span class='ocrx_word' id='word_1_505' title='bbox 3174 2923 3476 2987; x_wconf 77' lang='lat' dir='ltr'><strong>suamque</strong></span> <span class='ocrx_word' id='word_1_506' title='bbox 3530 2905 3745 2986; x_wconf 77' lang='lat' dir='ltr'><strong>ipsius</strong></span> <span class='ocrx_word' id='word_1_507' title='bbox 3797 2906 4046 2972; x_wconf 81' lang='lat' dir='ltr'><strong>domum</strong></span> <span class='ocrx_word' id='word_1_508' title='bbox 4086 2907 4362 2988; x_wconf 76' lang='lat' dir='ltr'><strong>dissipa-</strong></span> 
     </span>
     <span class='ocr_line' id='line_1_72' title="bbox 2417 2986 4365 3077; baseline 0.003 -24"><span class='ocrx_word' id='word_1_509' title='bbox 2417 2989 2523 3053; x_wconf 74' lang='lat' dir='ltr'><strong>vit.</strong></span> <span class='ocrx_word' id='word_1_510' title='bbox 2589 2986 2768 3055; x_wconf 76' lang='lat' dir='ltr'><strong>Inter</strong></span> <span class='ocrx_word' id='word_1_511' title='bbox 2809 3009 3016 3055; x_wconf 75' lang='lat' dir='ltr'><strong>omnes</strong></span> <span class='ocrx_word' id='word_1_512' title='bbox 3057 2989 3332 3055; x_wconf 78' lang='lat' dir='ltr'><strong>maxime</strong></span> <span class='ocrx_word' id='word_1_513' title='bbox 3369 2989 3602 3056; x_wconf 68' lang='lat' dir='ltr'><strong>Fer-aei</strong></span> <span class='ocrx_word' id='word_1_514' title='bbox 3651 2996 3905 3056; x_wconf 77' lang='lat' dir='ltr'><strong>mortem</strong></span> <span class='ocrx_word' id='word_1_515' title='bbox 3946 2992 4124 3077; x_wconf 75' lang='lat' dir='ltr'><strong>luqet.</strong></span> <span class='ocrx_word' id='word_1_516' title='bbox 4199 2993 4365 3058; x_wconf 81' lang='lat' dir='ltr'><strong>Tum</strong></span> 
     </span>
     <span class='ocr_line' id='line_1_73' title="bbox 2417 3075 4367 3157; baseline 0.002 -16"><span class='ocrx_word' id='word_1_517' title='bbox 2417 3075 2812 3141; x_wconf 76' lang='lat' dir='ltr'><strong>continuatur</strong></span> <span class='ocrx_word' id='word_1_518' title='bbox 2844 3076 3130 3140; x_wconf 78' lang='lat' dir='ltr'><strong>narratio</strong></span> <span class='ocrx_word' id='word_1_519' title='bbox 3161 3075 3237 3141; x_wconf 81' lang='lat' dir='ltr'><strong>de</strong></span> <span class='ocrx_word' id='word_1_520' title='bbox 3269 3075 3542 3142; x_wconf 47' lang='lat' dir='ltr'><strong>comitiis</strong></span> <span class='ocrx_word' id='word_1_521' title='bbox 3573 3077 3755 3143; x_wconf 78' lang='lat' dir='ltr'><strong>cuius</strong></span> <span class='ocrx_word' id='word_1_522' title='bbox 3787 3097 4039 3145; x_wconf 74' lang='lat' dir='ltr'><strong>summa</strong></span> <span class='ocrx_word' id='word_1_523' title='bbox 4081 3084 4189 3157; x_wconf 74' lang='lat' dir='ltr'><strong>est,</strong></span> <span class='ocrx_word' id='word_1_524' title='bbox 4232 3098 4367 3144; x_wconf 82' lang='lat' dir='ltr'><strong>rem</strong></span> 
     </span>
     <span class='ocr_line' id='line_1_74' title="bbox 2418 3158 4365 3246; baseline 0.003 -20"><span class='ocrx_word' id='word_1_525' title='bbox 2418 3160 2676 3226; x_wconf 81' lang='lat' dir='ltr'><strong>minime</strong></span> <span class='ocrx_word' id='word_1_526' title='bbox 2718 3161 3018 3245; x_wconf 70' lang='lat' dir='ltr'><strong>proyredi</strong></span> <span class='ocrx_word' id='word_1_527' title='bbox 3033 3211 3050 3241; x_wconf 87' lang='lat'><strong><em>,</em></strong></span> <span class='ocrx_word' id='word_1_528' title='bbox 3108 3158 3381 3227; x_wconf 81' lang='lat' dir='ltr'><strong>Caesare</strong></span> <span class='ocrx_word' id='word_1_529' title='bbox 3435 3162 3615 3227; x_wconf 77' lang='lat' dir='ltr'><strong>unice</strong></span> <span class='ocrx_word' id='word_1_530' title='bbox 3667 3162 3744 3227; x_wconf 80' lang='lat' dir='ltr'><strong>de</strong></span> <span class='ocrx_word' id='word_1_531' title='bbox 3804 3162 4037 3230; x_wconf 77' lang='lat' dir='ltr'><strong>Turcis</strong></span> <span class='ocrx_word' id='word_1_532' title='bbox 4084 3163 4365 3246; x_wconf 75' lang='lat' dir='ltr'><strong>sollicito,</strong></span> 
     </span>
     <span class='ocr_line' id='line_1_75' title="bbox 2409 3246 4365 3331; baseline 0.002 -19"><span class='ocrx_word' id='word_1_533' title='bbox 2409 3246 2757 3329; x_wconf 73' lang='lat' dir='ltr'><strong>pontificiis</strong></span> <span class='ocrx_word' id='word_1_534' title='bbox 2820 3247 2892 3312; x_wconf 75' lang='lat' dir='ltr'><strong>in</strong></span> <span class='ocrx_word' id='word_1_535' title='bbox 2946 3247 3511 3330; x_wconf 72' lang='lat' dir='ltr'><strong>procrastinatione</strong></span> <span class='ocrx_word' id='word_1_536' title='bbox 3581 3248 3847 3316; x_wconf 76' lang='lat' dir='ltr'><strong>salutem</strong></span> <span class='ocrx_word' id='word_1_537' title='bbox 3906 3248 4365 3331; x_wconf 43' lang='lat' dir='ltr'><strong>quaerentibus</strong></span> 
     </span>
     <span class='ocr_line' id='line_1_76' title="bbox 2421 3331 4362 3416; baseline 0.003 -19"><span class='ocrx_word' id='word_1_538' title='bbox 2421 3332 2573 3397; x_wconf 84' lang='lat' dir='ltr'><strong>dum</strong></span> <span class='ocrx_word' id='word_1_539' title='bbox 2615 3332 2992 3416; x_wconf 77' lang='lat' dir='ltr'><strong>evanyelicos</strong></span> <span class='ocrx_word' id='word_1_540' title='bbox 3030 3334 3278 3415; x_wconf 64' lang='lat' dir='ltr'><strong>umqm</strong></span> <span class='ocrx_word' id='word_1_541' title='bbox 3317 3331 3746 3414; x_wconf 73' lang='lat' dir='ltr'><strong>ludificantur.</strong></span> <span class='ocrx_word' id='word_1_542' title='bbox 3832 3332 3937 3399; x_wconf 82' lang='lat' dir='ltr'><strong>De</strong></span> <span class='ocrx_word' id='word_1_543' title='bbox 3979 3336 4203 3401; x_wconf 77' lang='lat' dir='ltr'><strong>itinere</strong></span> <span class='ocrx_word' id='word_1_544' title='bbox 4242 3334 4362 3401; x_wconf 74' lang='lat' dir='ltr'><strong>Ge-</strong></span> 
     </span>
     <span class='ocr_line' id='line_1_77' title="bbox 2422 3416 3926 3502; baseline -0.001 -18"><span class='ocrx_word' id='word_1_545' title='bbox 2422 3419 2673 3484; x_wconf 73' lang='lat' dir='ltr'><strong>nevensi</strong></span> <span class='ocrx_word' id='word_1_546' title='bbox 2714 3419 2953 3484; x_wconf 78' lang='lat' dir='ltr'><strong>interea</strong></span> <span class='ocrx_word' id='word_1_547' title='bbox 2994 3437 3136 3483; x_wconf 82' lang='lat' dir='ltr'><strong>cum</strong></span> <span class='ocrx_word' id='word_1_548' title='bbox 3178 3416 3427 3484; x_wconf 82' lang='lat' dir='ltr'><strong>Bucero</strong></span> <span class='ocrx_word' id='word_1_549' title='bbox 3464 3420 3599 3502; x_wconf 80' lang='lat' dir='ltr'><strong>fere</strong></span> <span class='ocrx_word' id='word_1_550' title='bbox 3638 3420 3926 3486; x_wconf 76' lang='lat' dir='ltr'><strong>convenit.</strong></span> 
     </span>
    </p>
   </div>
   <div class='ocr_carea' id='block_1_21' title="bbox 2421 3588 4364 4003">
    <p class='ocr_par' dir='ltr' id='par_1_22' title="bbox 2421 3588 4364 4003">
     <span class='ocr_line' id='line_1_78' title="bbox 2421 3588 4363 3660; baseline 0.001 -16"><span class='ocrx_word' id='word_1_551' title='bbox 2421 3590 2536 3658; x_wconf 82' lang='lat' dir='ltr'><strong>(Ex</strong></span> <span class='ocrx_word' id='word_1_552' title='bbox 2582 3589 2919 3660; x_wconf 81' lang='lat' dir='ltr'><strong>autographo</strong></span> <span class='ocrx_word' id='word_1_553' title='bbox 2964 3588 3098 3644; x_wconf 85' lang='lat' dir='ltr'><strong>bibl.</strong></span> <span class='ocrx_word' id='word_1_554' title='bbox 3145 3588 3346 3643; x_wconf 81' lang='lat' dir='ltr'><strong>Genev.</strong></span> <span class='ocrx_word' id='word_1_555' title='bbox 3394 3588 3530 3645; x_wconf 86' lang='lat' dir='ltr'><strong>Ood.</strong></span> <span class='ocrx_word' id='word_1_556' title='bbox 3579 3589 3705 3655; x_wconf 81' lang='lat'><strong>106,</strong></span> <span class='ocrx_word' id='word_1_557' title='bbox 3750 3589 3841 3645; x_wconf 79' lang='lat' dir='ltr'><strong>fol.</strong></span> <span class='ocrx_word' id='word_1_558' title='bbox 3877 3588 3948 3645; x_wconf 76' lang='lat'><strong>55</strong></span> <span class='ocrx_word' id='word_1_559' title='bbox 3990 3606 4141 3660; x_wconf 87' lang='lat' dir='ltr'><strong>seqq.</strong></span> <span class='ocrx_word' id='word_1_560' title='bbox 4209 3590 4363 3645; x_wconf 80' lang='lat' dir='ltr'><strong>Alibi</strong></span> 
     </span>
     <span class='ocr_line' id='line_1_79' title="bbox 2422 3658 4364 3729; baseline 0.001 -16"><span class='ocrx_word' id='word_1_561' title='bbox 2422 3676 2534 3713; x_wconf 90' lang='lat' dir='ltr'><strong>non</strong></span> <span class='ocrx_word' id='word_1_562' title='bbox 2570 3664 2767 3713; x_wconf 79' lang='lat' dir='ltr'><strong>exstat.</strong></span> <span class='ocrx_word' id='word_1_563' title='bbox 2838 3660 2985 3712; x_wconf 73' lang='lat' dir='ltr'><strong>Besa</strong></span> <span class='ocrx_word' id='word_1_564' title='bbox 3026 3658 3168 3712; x_wconf 85' lang='grc'><strong>11880</strong></span> <span class='ocrx_word' id='word_1_565' title='bbox 3209 3674 3405 3726; x_wconf 83' lang='lat' dir='ltr'><strong>magna</strong></span> <span class='ocrx_word' id='word_1_566' title='bbox 3439 3676 3507 3711; x_wconf 81' lang='lat' dir='ltr'><strong>ex</strong></span> <span class='ocrx_word' id='word_1_567' title='bbox 3542 3666 3729 3729; x_wconf 84' lang='lat' dir='ltr'><strong>parte,</strong></span> <span class='ocrx_word' id='word_1_568' title='bbox 3778 3659 3873 3712; x_wconf 85' lang='grc'><strong>88(1</strong></span> <span class='ocrx_word' id='word_1_569' title='bbox 3918 3675 3987 3712; x_wconf 89' lang='grc'><strong>88</strong></span> <span class='ocrx_word' id='word_1_570' title='bbox 4026 3675 4094 3711; x_wconf 88' lang='grc'><strong>88</strong></span> <span class='ocrx_word' id='word_1_571' title='bbox 4128 3658 4364 3714; x_wconf 81' lang='lat' dir='ltr'><strong>fideliter</strong></span> 
     </span>
     <span class='ocr_line' id='line_1_80' title="bbox 2423 3727 4364 3865; baseline 0.001 -16"><span class='ocrx_word' id='word_1_572' title='bbox 2423 3730 2906 3863; x_wconf 35' lang='lat'><strong>3331233325‘&amp;</strong></span> <span class='ocrx_word' id='word_1_573' title='bbox 2916 3727 3858 3865; x_wconf 49' lang='grc' dir='ltr'><strong>ὥᾶῗῇὃῗοέἒΐῗέἓῗὶῗωῗὲωἵ·</strong></span> <span class='ocrx_word' id='word_1_574' title='bbox 3882 3744 3966 3849; x_wconf 59' lang='grc' dir='ltr'><strong>ἐξ.</strong></span> <span class='ocrx_word' id='word_1_575' title='bbox 4046 3767 4188 3849; x_wconf 57' lang='lat' dir='ltr'><strong>wran’</strong></span> <span class='ocrx_word' id='word_1_576' title='bbox 4110 3727 4269 3781; x_wconf 56' lang='grc' dir='ltr'><strong>Μ</strong></span> <span class='ocrx_word' id='word_1_577' title='bbox 4194 3746 4364 3851; x_wconf 55' lang='grc' dir='ltr'><strong>ὼιέἑ</strong></span> 
     </span>
     <span class='ocr_line' id='line_1_81' title="bbox 2424 3862 4362 4003; baseline -0.001 -82"><span class='ocrx_word' id='word_1_578' title='bbox 2424 3867 2631 3934; x_wconf 79' lang='lat' dir='ltr'><strong>Anglus</strong></span> <span class='ocrx_word' id='word_1_579' title='bbox 2650 3866 2801 3921; x_wconf 76' lang='lat' dir='ltr'><strong>Tem.</strong></span> <span class='ocrx_word' id='word_1_580' title='bbox 2850 3906 2863 3919; x_wconf 89' lang='lat'><strong>.</strong></span> <span class='ocrx_word' id='word_1_581' title='bbox 2901 3882 2953 3935; x_wconf 88' lang='lat' dir='ltr'><strong>p.</strong></span> <span class='ocrx_word' id='word_1_582' title='bbox 2982 3862 3084 3918; x_wconf 82' lang='lat'><strong>213</strong></span> <span class='ocrx_word' id='word_1_583' title='bbox 3118 3864 3282 3987; x_wconf 52' lang='grc' dir='ltr'><strong>111118οἳι</strong></span> <span class='ocrx_word' id='word_1_584' title='bbox 3294 3866 3714 4003; x_wconf 47' lang='lat' dir='ltr'><strong>‘ffisssstgglum</strong></span> <span class='ocrx_word' id='word_1_585' title='bbox 3842 3865 3991 3931; x_wconf 71' lang='lat' dir='ltr'><strong>buit,</strong></span> <span class='ocrx_word' id='word_1_586' title='bbox 4026 3865 4362 3935; x_wconf 80' lang='lat' dir='ltr'><strong>autographo</strong></span> 
     </span>
    </p>
   </div>
   <div class='ocr_carea' id='block_1_22' title="bbox 2493 4082 4406 4293">
    <p class='ocr_par' dir='ltr' id='par_1_23' title="bbox 2493 4082 4406 4293">
     <span class='ocr_line' id='line_1_82' title="bbox 2493 4082 4406 4206; baseline -0.001 -16"><span class='ocrx_word' id='word_1_587' title='bbox 2493 4122 2852 4190; x_wconf 80' lang='lat' dir='ltr'><strong>Guillelmo</strong></span> <span class='ocrx_word' id='word_1_588' title='bbox 2898 4121 3163 4188; x_wconf 83' lang='lat' dir='ltr'><strong>Farello</strong></span> <span class='ocrx_word' id='word_1_589' title='bbox 3207 4121 3516 4188; x_wconf 86' lang='lat' dir='ltr'><strong>ecelesiae</strong></span> <span class='ocrx_word' id='word_1_590' title='bbox 3559 4119 3623 4185; x_wconf 91' lang='lat' dir='ltr'>N</span> <span class='ocrx_word' id='word_1_591' title='bbox 3625 4122 4021 4187; x_wconf 89' lang='lat' dir='ltr'><strong>eocomensis</strong></span> <span class='ocrx_word' id='word_1_592' title='bbox 4062 4122 4308 4206; x_wconf 88' lang='lat' dir='ltr'><strong>pastori</strong></span> <span class='ocrx_word' id='word_1_593' title='bbox 4401 4082 4406 4091; x_wconf 87' lang='lat'><strong>.</strong></span> 
     </span>
     <span class='ocr_line' id='line_1_83' title="bbox 2730 4205 4064 4293; baseline -0.002 -18"><span class='ocrx_word' id='word_1_594' title='bbox 2730 4207 3106 4275; x_wconf 87' lang='lat' dir='ltr'><strong>fidelissimo</strong></span> <span class='ocrx_word' id='word_1_595' title='bbox 3148 4208 3338 4274; x_wconf 79' lang='lat' dir='ltr'><strong>fratri</strong></span> <span class='ocrx_word' id='word_1_596' title='bbox 3376 4228 3524 4273; x_wconf 90' lang='lat' dir='ltr'><strong>meo</strong></span> <span class='ocrx_word' id='word_1_597' title='bbox 3569 4205 3983 4273; x_wconf 85' lang='lat' dir='ltr'><strong>observando.</strong></span> <span class='ocrx_word' id='word_1_598' title='bbox 4015 4207 4064 4293; x_wconf 86' lang='lat'><strong>¹)</strong></span> 
     </span>
    </p>
   </div>
   <div class='ocr_carea' id='block_1_23' title="bbox 2423 4302 4364 4601">
    <p class='ocr_par' dir='ltr' id='par_1_24' title="bbox 2423 4302 4364 4601">
     <span class='ocr_line' id='line_1_84' title="bbox 2594 4302 4363 4430; baseline -0.001 -18"><span class='ocrx_word' id='word_1_599' title='bbox 2594 4346 2703 4412; x_wconf 84' lang='lat' dir='ltr'><strong>Ex</strong></span> <span class='ocrx_word' id='word_1_600' title='bbox 2738 4365 2864 4430; x_wconf 90' lang='grc'><strong>(180</strong></span> <span class='ocrx_word' id='word_1_601' title='bbox 2898 4343 3006 4410; x_wconf 88' lang='grc'><strong>1110</strong></span> <span class='ocrx_word' id='word_1_602' title='bbox 3043 4365 3190 4409; x_wconf 90' lang='lat' dir='ltr'><strong>sum</strong></span> <span class='ocrx_word' id='word_1_603' title='bbox 3226 4343 3397 4409; x_wconf 88' lang='lat' dir='ltr'><strong>nihil</strong></span> <span class='ocrx_word' id='word_1_604' title='bbox 3429 4342 3550 4409; x_wconf 83' lang='lat' dir='ltr'><strong>tibi</strong></span> <span class='ocrx_word' id='word_1_605' title='bbox 3585 4344 3712 4409; x_wconf 87' lang='lat' dir='ltr'><strong>scri</strong></span> <span class='ocrx_word' id='word_1_606' title='bbox 3759 4363 3992 4423; x_wconf 89' lang='lat' dir='ltr'><strong>seram,</strong></span> <span class='ocrx_word' id='word_1_607' title='bbox 4029 4343 4144 4410; x_wconf 91' lang='lat' dir='ltr'><strong>sed</strong></span> <span class='ocrx_word' id='word_1_608' title='bbox 4175 4302 4363 4410; x_wconf 81' lang='lat' dir='ltr'><strong>man-</strong></span> 
     </span>
     <span class='ocr_line' id='line_1_85' title="bbox 2425 4428 4362 4515; baseline -0.001 -17"><span class='ocrx_word' id='word_1_609' title='bbox 2425 4433 2736 4498; x_wconf 88' lang='lat' dir='ltr'><strong>daveram</strong></span> <span class='ocrx_word' id='word_1_610' title='bbox 2784 4429 3054 4499; x_wconf 71' lang='lat' dir='ltr'><strong>Claudio</strong></span> <span class='ocrx_word' id='word_1_611' title='bbox 3106 4450 3253 4495; x_wconf 89' lang='lat' dir='ltr'><strong>meo</strong></span> <span class='ocrx_word' id='word_1_612' title='bbox 3308 4437 3382 4496; x_wconf 89' lang='lat' dir='ltr'><strong>ut</strong></span> <span class='ocrx_word' id='word_1_613' title='bbox 3434 4428 3704 4514; x_wconf 84' lang='lat' dir='ltr'><strong>quidqui</strong></span> <span class='ocrx_word' id='word_1_614' title='bbox 3802 4450 3841 4493; x_wconf 87' lang='lat' dir='ltr'><strong>a</strong></span> <span class='ocrx_word' id='word_1_615' title='bbox 3893 4450 3999 4494; x_wconf 89' lang='lat' dir='ltr'><strong>me</strong></span> <span class='ocrx_word' id='word_1_616' title='bbox 4042 4431 4362 4515; x_wconf 82' lang='lat' dir='ltr'><strong>acciperet</strong></span> 
     </span>
     <span class='ocr_line' id='line_1_86' title="bbox 2423 4514 4364 4601; baseline 0 -17"><span class='ocrx_word' id='word_1_617' title='bbox 2423 4525 2687 4585; x_wconf 85' lang='lat' dir='ltr'><strong>curaret</strong></span> <span class='ocrx_word' id='word_1_618' title='bbox 2728 4517 2810 4583; x_wconf 88' lang='lat' dir='ltr'><strong>ad</strong></span> <span class='ocrx_word' id='word_1_619' title='bbox 2854 4523 2921 4582; x_wconf 87' lang='grc'><strong>18</strong></span> <span class='ocrx_word' id='word_1_620' title='bbox 2963 4517 3337 4600; x_wconf 88' lang='lat' dir='ltr'><strong>pervenire:</strong></span> <span class='ocrx_word' id='word_1_621' title='bbox 3382 4536 3536 4581; x_wconf 90' lang='lat' dir='ltr'><strong>nam</strong></span> <span class='ocrx_word' id='word_1_622' title='bbox 3583 4535 3704 4582; x_wconf 92' lang='lat' dir='ltr'><strong>nec</strong></span> <span class='ocrx_word' id='word_1_623' title='bbox 3745 4522 3888 4580; x_wconf 88' lang='grc'><strong>8181</strong></span> <span class='ocrx_word' id='word_1_624' title='bbox 3928 4514 4202 4601; x_wconf 90' lang='lat' dir='ltr'><strong>dignum</strong></span> <span class='ocrx_word' id='word_1_625' title='bbox 4243 4517 4364 4583; x_wconf 88' lang='lat' dir='ltr'><strong>ali-</strong></span> 
     </span>
    </p>
   </div>
   <div class='ocr_carea' id='block_1_24' title="bbox 2703 4676 2834 4684">
    <p class='ocr_par' dir='ltr' id='par_1_25' title="bbox 2703 4676 2834 4684">
     <span class='ocr_line' id='line_1_87' title="bbox 2703 4676 2834 4684; baseline 0 -2"><span class='ocrx_word' id='word_1_626' title='bbox 2703 4676 2834 4684; x_wconf 80' lang='lat'><strong>-—-</strong></span> 
     </span>
    </p>
   </div>
   <div class='ocr_carea' id='block_1_25' title="bbox 2424 4769 4366 5459">
    <p class='ocr_par' dir='ltr' id='par_1_26' title="bbox 2424 4769 4366 5380">
     <span class='ocr_line' id='line_1_88' title="bbox 2457 4769 4365 4839; baseline -0.004 -5"><span class='ocrx_word' id='word_1_627' title='bbox 2457 4771 3255 4839; x_wconf 61' lang='lat' dir='ltr'><strong>esansmmzom</strong></span> <span class='ocrx_word' id='word_1_628' title='bbox 3304 4774 3358 4825; x_wconf 76' lang='lat' dir='ltr'><strong>et</strong></span> <span class='ocrx_word' id='word_1_629' title='bbox 3405 4769 4365 4839; x_wconf 57' lang='lat' dir='ltr'><strong>praesumo-mmmm&amp;</strong></span> 
     </span>
     <span class='ocr_line' id='line_1_89' title="bbox 2424 4839 4362 4910; baseline -0.002 -13"><span class='ocrx_word' id='word_1_630' title='bbox 2424 4843 2630 4898; x_wconf 79' lang='lat' dir='ltr'><strong>Claude</strong></span> <span class='ocrx_word' id='word_1_631' title='bbox 2665 4842 2856 4909; x_wconf 86' lang='lat' dir='ltr'><strong>Budin,</strong></span> <span class='ocrx_word' id='word_1_632' title='bbox 2892 4844 2945 4896; x_wconf 91' lang='lat' dir='ltr'><strong>le</strong></span> <span class='ocrx_word' id='word_1_633' title='bbox 2984 4842 3074 4896; x_wconf 88' lang='lat' dir='ltr'><strong>uel</strong></span> <span class='ocrx_word' id='word_1_634' title='bbox 3108 4846 3194 4895; x_wconf 85' lang='lat' dir='ltr'><strong>est</strong></span> <span class='ocrx_word' id='word_1_635' title='bbox 3227 4840 3260 4894; x_wconf 68' lang='lat' dir='ltr'><strong>a</strong></span> <span class='ocrx_word' id='word_1_636' title='bbox 3293 4847 3515 4910; x_wconf 85' lang='lat' dir='ltr'><strong>present</strong></span> <span class='ocrx_word' id='word_1_637' title='bbox 3548 4839 3582 4893; x_wconf 78' lang='grc' dir='ltr'><strong>εὶ</strong></span> <span class='ocrx_word' id='word_1_638' title='bbox 3615 4840 3936 4894; x_wconf 82' lang='lat' dir='ltr'><strong>Bourdeaux</strong></span> <span class='ocrx_word' id='word_1_639' title='bbox 3971 4856 4041 4894; x_wconf 88' lang='grc'><strong>88</strong></span> <span class='ocrx_word' id='word_1_640' title='bbox 4064 4842 4362 4910; x_wconf 78' lang='lat' dir='ltr'><strong>Gascogne,</strong></span> 
     </span>
     <span class='ocr_line' id='line_1_90' title="bbox 2425 4908 4363 4981; baseline -0.003 -15"><span class='ocrx_word' id='word_1_641' title='bbox 2425 4913 2749 4966; x_wconf 84' lang='lat' dir='ltr'><strong>demourant</strong></span> <span class='ocrx_word' id='word_1_642' title='bbox 2781 4929 2848 4965; x_wconf 86' lang='grc'><strong>88</strong></span> <span class='ocrx_word' id='word_1_643' title='bbox 2883 4912 2966 4965; x_wconf 87' lang='grc'><strong>001</strong></span> <span class='ocrx_word' id='word_1_644' title='bbox 2989 4927 3088 4981; x_wconf 81' lang='lat' dir='ltr'><strong>ege</strong></span> <span class='ocrx_word' id='word_1_645' title='bbox 3123 4911 3192 4963; x_wconf 83' lang='lat' dir='ltr'><strong>de</strong></span> <span class='ocrx_word' id='word_1_646' title='bbox 3227 4912 3282 4963; x_wconf 82' lang='lat' dir='ltr'><strong>la</strong></span> <span class='ocrx_word' id='word_1_647' title='bbox 3326 4910 3471 4963; x_wconf 88' lang='lat' dir='ltr'><strong>dicte</strong></span> <span class='ocrx_word' id='word_1_648' title='bbox 3519 4910 3647 4963; x_wconf 85' lang='lat' dir='ltr'><strong>ville</strong></span> <span class='ocrx_word' id='word_1_649' title='bbox 3682 4915 3740 4963; x_wconf 89' lang='grc'><strong>81</strong></span> <span class='ocrx_word' id='word_1_650' title='bbox 3771 4911 3826 4965; x_wconf 84' lang='grc'><strong>18</strong></span> <span class='ocrx_word' id='word_1_651' title='bbox 3857 4911 3900 4963; x_wconf 92' lang='grc'><strong>11</strong></span> <span class='ocrx_word' id='word_1_652' title='bbox 3931 4909 4181 4963; x_wconf 78' lang='lat' dir='ltr'><strong>travaille</strong></span> <span class='ocrx_word' id='word_1_653' title='bbox 4215 4908 4248 4961; x_wconf 72' lang='lat' dir='ltr'><strong>a</strong></span> <span class='ocrx_word' id='word_1_654' title='bbox 4281 4909 4363 4962; x_wconf 87' lang='lat' dir='ltr'><strong>in·</strong></span> 
     </span>
     <span class='ocr_line' id='line_1_91' title="bbox 2428 4978 4366 5048; baseline -0.003 -13"><span class='ocrx_word' id='word_1_655' title='bbox 2428 4983 2627 5035; x_wconf 80' lang='lat' dir='ltr'><strong>struite</strong></span> <span class='ocrx_word' id='word_1_656' title='bbox 2661 4982 2715 5033; x_wconf 86' lang='grc'><strong>18</strong></span> <span class='ocrx_word' id='word_1_657' title='bbox 2750 4980 2995 5035; x_wconf 88' lang='grc'><strong>18888888</strong></span> <span class='ocrx_word' id='word_1_658' title='bbox 3039 4996 3108 5033; x_wconf 88' lang='grc'><strong>88</strong></span> <span class='ocrx_word' id='word_1_659' title='bbox 3155 4979 3283 5032; x_wconf 84' lang='grc'><strong>18118</strong></span> <span class='ocrx_word' id='word_1_660' title='bbox 3330 4986 3478 5032; x_wconf 88' lang='lat' dir='ltr'><strong>sorte</strong></span> <span class='ocrx_word' id='word_1_661' title='bbox 3526 4995 3630 5048; x_wconf 90' lang='lat' dir='ltr'><strong>que</strong></span> <span class='ocrx_word' id='word_1_662' title='bbox 3677 4978 3866 5048; x_wconf 86' lang='lat' dir='ltr'><strong>depuis</strong></span> <span class='ocrx_word' id='word_1_663' title='bbox 3903 4988 4096 5048; x_wconf 87' lang='lat' dir='ltr'><strong>quatre</strong></span> <span class='ocrx_word' id='word_1_664' title='bbox 4132 4994 4202 5031; x_wconf 92' lang='lat' dir='ltr'><strong>ou</strong></span> <span class='ocrx_word' id='word_1_665' title='bbox 4236 4978 4366 5048; x_wconf 88' lang='lat' dir='ltr'><strong>cinq</strong></span> 
     </span>
     <span class='ocr_line' id='line_1_92' title="bbox 2428 5046 4366 5169; baseline -0.002 -66"><span class='ocrx_word' id='word_1_666' title='bbox 2428 5066 2528 5103; x_wconf 81' lang='grc'><strong>888</strong></span> <span class='ocrx_word' id='word_1_667' title='bbox 2565 5048 2691 5118; x_wconf 83' lang='lat' dir='ltr'><strong>qu’il</strong></span> <span class='ocrx_word' id='word_1_668' title='bbox 2713 5065 2762 5169; x_wconf 63' lang='lat' dir='ltr'><strong>ly</strong></span> <span class='ocrx_word' id='word_1_669' title='bbox 2797 5054 2882 5103; x_wconf 84' lang='lat' dir='ltr'><strong>est</strong></span> <span class='ocrx_word' id='word_1_670' title='bbox 2914 5050 2956 5102; x_wconf 87' lang='lat' dir='ltr'><strong>il</strong></span> <span class='ocrx_word' id='word_1_671' title='bbox 2991 5066 3024 5102; x_wconf 87' lang='grc'><strong>8</strong></span> <span class='ocrx_word' id='word_1_672' title='bbox 3055 5047 3187 5101; x_wconf 70' lang='grc'><strong>18101</strong></span> <span class='ocrx_word' id='word_1_673' title='bbox 3203 5048 3383 5101; x_wconf 79' lang='lat' dir='ltr'><strong>courir</strong></span> <span class='ocrx_word' id='word_1_674' title='bbox 3415 5064 3488 5100; x_wconf 89' lang='lat' dir='ltr'><strong>un</strong></span> <span class='ocrx_word' id='word_1_675' title='bbox 3507 5048 3856 5101; x_wconf 80' lang='lat' dir='ltr'><strong>merveilleux</strong></span> <span class='ocrx_word' id='word_1_676' title='bbox 3889 5047 4072 5100; x_wconf 86' lang='lat' dir='ltr'><strong>bruict</strong></span> <span class='ocrx_word' id='word_1_677' title='bbox 4103 5046 4366 5099; x_wconf 85' lang='lat' dir='ltr'><strong>touchant</strong></span> 
     </span>
     <span class='ocr_line' id='line_1_93' title="bbox 2429 5114 4363 5186; baseline -0.002 -14"><span class='ocrx_word' id='word_1_678' title='bbox 2429 5119 2596 5172; x_wconf 80' lang='lat' dir='ltr'><strong>ledict</strong></span> <span class='ocrx_word' id='word_1_679' title='bbox 2628 5118 2711 5171; x_wconf 87' lang='lat' dir='ltr'><strong>col</strong></span> <span class='ocrx_word' id='word_1_680' title='bbox 2736 5134 2846 5186; x_wconf 80' lang='lat' dir='ltr'><strong>ege.</strong></span> <span class='ocrx_word' id='word_1_681' title='bbox 2889 5147 2948 5157; x_wconf 86' lang='lat'><strong>-·</strong></span> <span class='ocrx_word' id='word_1_682' title='bbox 3001 5115 3227 5173; x_wconf 60' lang='lat' dir='ltr'><strong>Coo-dier</strong></span> <span class='ocrx_word' id='word_1_683' title='bbox 3260 5116 3393 5170; x_wconf 59' lang='lat' dir='ltr'><strong>&amp;tait</strong></span> <span class='ocrx_word' id='word_1_684' title='bbox 3425 5116 3463 5169; x_wconf 86' lang='grc' dir='ltr'><strong>ἀ</strong></span> <span class='ocrx_word' id='word_1_685' title='bbox 3496 5121 3627 5171; x_wconf 76' lang='lat' dir='ltr'><strong>cette</strong></span> <span class='ocrx_word' id='word_1_686' title='bbox 3660 5116 3864 5186; x_wconf 67' lang='lat' dir='ltr'><strong>epoque</strong></span> <span class='ocrx_word' id='word_1_687' title='bbox 3896 5119 4111 5169; x_wconf 79' lang='lat' dir='ltr'><strong>recteur</strong></span> <span class='ocrx_word' id='word_1_688' title='bbox 4144 5114 4224 5168; x_wconf 77' lang='lat' dir='ltr'><strong>du</strong></span> <span class='ocrx_word' id='word_1_689' title='bbox 4255 5114 4363 5168; x_wconf 77' lang='lat' dir='ltr'><strong>col-</strong></span> 
     </span>
     <span class='ocr_line' id='line_1_94' title="bbox 2428 5183 4363 5256; baseline -0.001 -16"><span class='ocrx_word' id='word_1_690' title='bbox 2428 5186 2449 5240; x_wconf 85' lang='lat'><em>1</em></span> <span class='ocrx_word' id='word_1_691' title='bbox 2510 5202 2540 5239; x_wconf 81' lang='lat' dir='ltr'><strong>e</strong></span> <span class='ocrx_word' id='word_1_692' title='bbox 2584 5185 2651 5239; x_wconf 74' lang='lat' dir='ltr'><strong>de</strong></span> <span class='ocrx_word' id='word_1_693' title='bbox 2685 5184 3016 5253; x_wconf 70' lang='lat' dir='ltr'><strong>Neuchatd,</strong></span> <span class='ocrx_word' id='word_1_694' title='bbox 3067 5184 3194 5239; x_wconf 74' lang='lat' dir='ltr'><strong>d’ou</strong></span> <span class='ocrx_word' id='word_1_695' title='bbox 3238 5200 3314 5239; x_wconf 84' lang='lat' dir='ltr'><strong>on</strong></span> <span class='ocrx_word' id='word_1_696' title='bbox 3356 5199 3552 5256; x_wconf 74' lang='lat' dir='ltr'><strong>eseaya</strong></span> <span class='ocrx_word' id='word_1_697' title='bbox 3588 5186 3654 5239; x_wconf 79' lang='lat' dir='ltr'><strong>de</strong></span> <span class='ocrx_word' id='word_1_698' title='bbox 3685 5187 3734 5239; x_wconf 81' lang='lat' dir='ltr'><strong>le</strong></span> <span class='ocrx_word' id='word_1_699' title='bbox 3764 5202 3832 5240; x_wconf 89' lang='lat' dir='ltr'><strong>ra</strong></span> <span class='ocrx_word' id='word_1_700' title='bbox 3869 5186 4026 5254; x_wconf 79' lang='lat' dir='ltr'><strong>peler</strong></span> <span class='ocrx_word' id='word_1_701' title='bbox 4060 5184 4097 5237; x_wconf 87' lang='grc' dir='ltr'><em>ὰ</em></span> <span class='ocrx_word' id='word_1_702' title='bbox 4133 5183 4363 5239; x_wconf 72' lang='grc' dir='ltr'><strong>θεπὲυσ.</strong></span> 
     </span>
     <span class='ocr_line' id='line_1_95' title="bbox 2432 5200 4366 5380; baseline 0 -71"><span class='ocrx_word' id='word_1_703' title='bbox 2432 5255 2737 5380; x_wconf 71' lang='lat' dir='ltr'><strong>Leuchdtel</strong></span> <span class='ocrx_word' id='word_1_704' title='bbox 2780 5256 2827 5309; x_wconf 80' lang='lat' dir='ltr'><strong>le</strong></span> <span class='ocrx_word' id='word_1_705' title='bbox 2874 5255 3071 5321; x_wconf 73' lang='lat' dir='ltr'><strong>retint5</strong></span> <span class='ocrx_word' id='word_1_706' title='bbox 3131 5254 3434 5323; x_wconf 71' lang='lat' dir='ltr'><strong>cepmtdant</strong></span> <span class='ocrx_word' id='word_1_707' title='bbox 3475 5255 3602 5323; x_wconf 80' lang='lat' dir='ltr'><strong>plus</strong></span> <span class='ocrx_word' id='word_1_708' title='bbox 3647 5254 3779 5308; x_wconf 81' lang='lat' dir='ltr'><strong>tard</strong></span> <span class='ocrx_word' id='word_1_709' title='bbox 3819 5200 3873 5308; x_wconf 56' lang='grc'><em>5</em></span> <span class='ocrx_word' id='word_1_710' title='bbox 3905 5254 3953 5308; x_wconf 79' lang='lat' dir='ltr'><strong>le</strong></span> <span class='ocrx_word' id='word_1_711' title='bbox 3998 5253 4179 5323; x_wconf 64' lang='lat' dir='ltr'><strong>quina</strong></span> <span class='ocrx_word' id='word_1_712' title='bbox 4219 5268 4366 5325; x_wconf 75' lang='lat' dir='ltr'><strong>pour</strong></span> 
     </span>
    </p>

    <p class='ocr_par' dir='ltr' id='par_1_27' title="bbox 2466 5340 4030 5459">
     <span class='ocr_line' id='line_1_96' title="bbox 2487 5340 4030 5379; baseline -0.004 0"><span class='ocrx_word' id='word_1_713' title='bbox 2487 5340 2755 5379; x_wconf 72' lang='lat' dir='ltr'><strong>ausam.</strong></span> <span class='ocrx_word' id='word_1_714' title='bbox 4023 5342 4030 5349; x_wconf 95' lang='lat'><strong>·</strong></span> 
     </span>
     <span class='ocr_line' id='line_1_97' title="bbox 2466 5388 3776 5459; baseline -0.007 -7"><span class='ocrx_word' id='word_1_715' title='bbox 2466 5395 2596 5454; x_wconf 73' lang='lat'><strong>290.</strong></span> <span class='ocrx_word' id='word_1_716' title='bbox 2636 5396 2693 5459; x_wconf 84' lang='lat'><strong>1)</strong></span> <span class='ocrx_word' id='word_1_717' title='bbox 2733 5392 2992 5447; x_wconf 71' lang='lat' dir='ltr'><strong>Fardlus</strong></span> <span class='ocrx_word' id='word_1_718' title='bbox 3027 5390 3274 5446; x_wconf 62' lang='lat' dir='ltr'><strong>addidit.-</strong></span> <span class='ocrx_word' id='word_1_719' title='bbox 3313 5392 3392 5444; x_wconf 69' lang='lat'><strong>29.</strong></span> <span class='ocrx_word' id='word_1_720' title='bbox 3431 5392 3588 5444; x_wconf 80' lang='lat' dir='ltr'><strong>Mart.</strong></span> <span class='ocrx_word' id='word_1_721' title='bbox 3629 5388 3776 5445; x_wconf 79' lang='lat'><strong>1541.</strong></span> 
     </span>
    </p>
   </div>
   <div class='ocr_carea' id='block_1_26' title="bbox 4977 4 4993 656">
    <p class='ocr_par' dir='ltr' id='par_1_28' title="bbox 4977 4 4993 656">
     <span class='ocr_line' id='line_1_98' title="bbox 4977 4 4993 656; baseline 0 0"><span class='ocrx_word' id='word_1_722' title='bbox 4977 4 4993 656; x_wconf 95' lang='lat' dir='ltr'><strong> </strong></span> 
     </span>
    </p>
   </div>
  </div>
 </body>
</html>
