5050 6167
333 433 448 494 449

1221 666 1370 737 42⁷.

833 818 1267 890 BUCERUS
1311 818 1739 889 CALVINO.

492 989 598 1058 De
647 994 1060 1060 controversia
1112 1013 1316 1074 nuper
1367 991 1618 1059 Bernae
1671 997 1810 1060 orta
1864 999 1923 1060 et
1964 993 2052 1060 iis
2105 1012 2270 1075 quae

321 1083 609 1163 requietae
653 1083 799 1146 sunt
840 1084 1097 1146 senatus
1137 1084 1192 1144 et
1224 1080 1657 1145 ministrorum
1705 1079 2050 1145 actionibus
2105 1079 2272 1144 idem

322 1166 504 1233 sentit
541 1186 617 1230 ac
654 1164 972 1231 Calvinus.
1045 1165 1211 1230 Tum
1244 1164 1490 1231 Far-elli
1531 1170 1673 1230 acta
1716 1164 2029 1232 Maiensis
2057 1165 2271 1247 pluri-

322 1252 433 1319 bus
472 1251 740 1334 aperiit.

323 1423 609 1493 (lmprma
643 1421 846 1477 Genev.
882 1439 939 1492 p.
974 1419 1106 1484 365,
1153 1420 1315 1475 Inus.
1349 1438 1403 1491 p.
1439 1418 1530 1485 70,
1579 1421 1789 1478 Hsnov.
1823 1438 1876 1491 p.
1915 1420 2011 1488 78,
2059 1420 2271 1476 Chouet

952 1507 1007 1560 p.
1041 1487 1161 1555 501,
1199 1491 1374 1543 Amet.
1411 1506 1465 1558 p.
1497 1488 1647 1556 229.)

485 1694 596 1760 De
629 1705 813 1760 motu
846 1695 961 1760 illo
988 1697 1038 1779 ¹)
1081 1693 1259 1760 idem
1292 1694 1559 1760 omnino
1594 1691 1766 1777 quod
1795 1701 1870 1759 tu
1911 1713 2265 1772 suaseram,

317 1801 691 1866 quanquam
731 1802 865 1846 non
908 1789 1045 1845 tam
1087 1781 1283 1864 plane
1325 1780 1736 1862 scripseram.
1822 1778 2268 1845 Circumstan-

317 1869 440 1933 tias
482 1886 721 1932 causae
763 1887 926 1949 quas
970 1876 1044 1931 tu
1078 1865 1271 1931 modo
1304 1866 1473 1930 mihi
1513 1865 1891 1948 exposuisti,
1936 1864 2266 1948 ignoravi:

315 1953 461 2019 ideo
530 1973 677 2017 eam
741 1973 921 2018 nunc
985 1951 1337 2035 petendam
1412 1949 1793 2016 dilationem
1867 1959 2267 2033 optaveram,

313 2039 474 2104 dum
536 2038 898 2103 remisisset
951 2057 1094 2103 sese
1145 2036 1267 2102 illa
1320 2037 1689 2102 animorum
1744 2036 2090 2103 concitatio
2135 2044 2270 2100 tam

312 2124 512 2207 imme
560 2123 862 2199 excitata,
908 2133 974 2189 et
1017 2123 1415 2205 recepissent
1455 2143 1597 2188 sese
1639 2123 1878 2187 fratres
1920 2121 2006 2186 ad
2049 2120 2270 2186 defen-

310 2210 570 2278 sionem
611 2209 908 2275 veritatis
926 2207 983 2292 ²)
1025 2227 1299 2290 gravem
1334 2217 1401 2271 et
1441 2207 1704 2273 claram.
1793 2207 2015 2272 Huius
2057 2208 2272 2290 capita

309 2295 530 2396 prima
573 2295 865 2373 fuissent,
910 2293 1416 2376 disputationem
1435 2295 1493 2369 ⁸)
1538 2292 1707 2357 nihil
1741 2314 1940 2376 quam
1983 2311 2271 2358 crassam

308 2380 493 2447 1llam
543 2381 981 2464 praesentiam
1025 2378 1356 2457 damnare,
1417 2386 1485 2444 et
1526 2379 1890 2444 necessario
1931 2376 2272 2443 fatendum

308 2487 542 2534 veram
601 2466 850 2549 percipi
905 2466 980 2530 in
1036 2463 1435 2531 eucharistia
1490 2464 1780 2549 corporis
1823 2472 1892 2529 et
1934 2464 2272 2546 sanguinis

310 2550 588 2617 Domini
624 2551 1177 2617 communionem:
1223 2559 1365 2615 tum
1397 2559 1657 2616 caetera
1691 2570 1855 2633 quae
1891 2547 2272 2631 disciplinae

309 2647 485 2716 sunt,
545 2636 724 2704 clare
766 2657 807 2701 a
851 2636 1136 2701 Domino
1179 2641 1525 2719 praecepta
1569 2655 1714 2701 esse
1756 2643 1832 2700 ut
1875 2633 2273 2700 dissimulari

311 2723 685 2806 tacerique,
740 2722 870 2787 nisi
921 2720 1190 2787 Christo
1237 2720 1580 2805 abnegato,
1634 2741 1771 2785 non
1812 2721 2081 2804 possint.
2171 2720 2273 2784 Tu

309 2830 417 2874 me
480 2809 624 2875 tuis
691 2807 897 2873 literis
962 2806 1377 2889 perturbasti.
1490 2806 1826 2889 Expertus
1891 2805 2070 2870 enim
2127 2826 2275 2870 sum

310 2893 544 2961 multis
603 2894 681 2959 in
732 2893 893 2959 locis
947 2901 1267 2975 quantum
1327 2911 1561 2957 causae
1619 2891 1916 2957 veritatis
1976 2890 2277 2956 nocuerit

308 2980 654 3047 insincera
674 2977 980 3056 defensio,
1018 2989 1088 3042 et
1121 2976 1455 3061 neglectus
1488 2975 1979 3042 communionis.
2046 2975 2276 3042 Chris-

309 3075 419 3131 tus
464 3065 720 3150 gaudet
753 3064 1075 3128 virtutem
1109 3082 1300 3129 suam
1334 3062 1429 3128 sic
1462 3062 1811 3145 explicare,
1856 3084 1938 3128 no
1972 3061 2277 3128 videatur

308 3151 648 3217 malorum
714 3150 1071 3216 affectuum
1135 3155 1448 3231 patronus
1463 3181 1508 3225 ,·
1553 3157 1620 3213 et
1682 3155 1880 3230 eaput
1951 3147 2272 3212 factionis.

307 3237 588 3303 Literae
633 3256 838 3313 meae,
882 3243 957 3300 ut
994 3255 1173 3300 nunc
1204 3233 1502 3316 queritur
1533 3233 1637 3310 N„
1657 3236 1717 3317 ⁴)
1751 3254 1887 3297 non
1922 3240 2081 3298 sunt
2115 3232 2276 3317 ipsis

311 3322 574 3388 allatae.
670 3320 1037 3388 Consilium
1094 3339 1134 3384 a
1178 3340 1282 3384 me
1318 3318 1501 3403 petit.
1590 3316 1892 3385 Scribam
1932 3318 2140 3403 igitur
2179 3317 2276 3382 illi

310 3408 389 3475 de
431 3407 825 3475 sinceritate
869 3404 1163 3484 actionis,
1221 3403 1302 3470 do
1347 3404 1735 3470 necessitate
1776 3404 2275 3482 communionis,

311 3494 390 3560 de
445 3495 565 3578 pia
624 3492 926 3559 cautione
983 3511 1069 3556 ne
1138 3490 1294 3574 quid
1363 3490 1800 3556 admisceatur
1863 3489 1948 3555 ad
2011 3510 2277 3556 causam

309 3579 607 3659 Christi,
657 3577 739 3643 de
783 3577 1222 3660 explicatione
1263 3575 1459 3653 clara,
1504 3582 1575 3640 et
1614 3597 1699 3641 ex
1733 3574 2078 3657 scripturis
2116 3575 2276 3656 ipsis

306 3666 668 3731 manifeste
712 3664 1115 3747 deprompta.
1160 3661 1371 3745 qualis
1411 3669 1526 3726 tua
1558 3669 1677 3740 est,
1714 3681 1912 3743 quam
1954 3681 2040 3725 ne
2082 3659 2275 3725 inferi

307 3751 584 3835 quidem
630 3747 1024 3817 calumniari
1080 3754 1342 3831 queant.
1431 3746 1737 3829 Denique
1780 3744 1861 3810 de
1903 3745 2124 3827 probis
2160 3766 2274 3829 pa-

308 3837 554 3914 tronis,
668 3835 740 3900 ui
792 3842 859 3899 et
903 3832 1155 3900 Christi
1213 3854 1369 3898 vere
1412 3833 1577 3910 sint,
1637 3839 1705 3897 et
1759 3829 1972 3896 nostri
2015 3837 2276 3895 tantum

305 3929 587 4006 propter
691 3920 990 3985 hristum.
1055 3918 1183 3983 Illa
1220 3924 1359 3982 tam
1400 3937 1705 3983 exsecror
1738 3915 1818 3981 de
1860 3915 2276 3999 imaginibus,

309 4006 389 4074 de
431 4005 911 4073 adservatione
964 4002 1438 4087 symbolorum,
1498 4010 1571 4066 ut
1623 4001 1906 4068 libenter
1959 4001 2278 4085 fingerem

307 4093 470 4158 mihi
541 4092 837 4159 conficta
900 4109 1042 4154 esse
1106 4108 1225 4171 per
1286 4087 1697 4153 calumniam.
1811 4085 1982 4152 Nam
2045 4088 2280 4153 vitiosa

306 4178 472 4246 haec
517 4185 721 4254 sunt,
780 4183 851 4241 ot
900 4171 1381 4251 submovenda,
1437 4173 1551 4239 ubi
1607 4180 2083 4238 remanserunt.
2172 4171 2279 4238 De

305 4264 742 4330 infirmorum
777 4259 1359 4327 communicatione
1374 4258 1431 4343 ⁵)
1473 4266 1729 4325 motum
1763 4258 2012 4342 aliquid
2053 4257 2278 4324 audie-

303 4371 471 4429 ram,
518 4358 593 4416 et
637 4368 780 4413 non
822 4346 1286 4429 improbabam.
1351 4345 1453 4410 'ru
1476 4366 1634 4410 vero
1677 4345 1782 4427 pie
1803 4353 1869 4409 et
1911 4343 2279 4409 necessario

309 4436 488 4517 facis,
537 4431 728 4519 quod
759 4432 944 4498 facis:
984 4432 1185 4497 etiam
1208 4432 1278 4494 in
1299 4429 1584 4495 infirmis
1604 4439 1671 4495 et
1692 4429 1944 4496 vitiosis
1966 4427 2281 4495 fratribus

308 4518 740 4588 defendenda
763 4527 868 4584 est
891 4538 1088 4583 causa
1116 4515 1386 4583 Christi.
1435 4514 1571 4582 Sed
1591 4516 1787 4581 simul
1812 4513 2030 4579 danda
2063 4534 2277 4597 opera,

308 4615 383 4672 ut
421 4607 692 4673 infirmi
737 4602 1084 4687 aliquando
1126 4602 1535 4680 roborentur,
1580 4609 1650 4667 et
1687 4602 1905 4667 vitiosi
1947 4600 2279 4685 corrigan-

307 4703 434 4763 tur.
523 4694 632 4759 At
681 4689 839 4754 dum
883 4691 976 4754 ita
1016 4689 1260 4772 partim
1302 4687 1326 4752 i
1376 4687 1432 4754 si
1492 4687 1809 4772 fug-imus,
1868 4687 2110 4770 partim
2156 4685 2281 4752 Sa-

308 4789 504 4845 tanae
548 4773 905 4862 prodimus
957 4775 1100 4858 pias
1154 4795 1318 4860 syno
1364 4795 1466 4853 os,
1522 4774 1681 4857 quid
1731 4772 1919 4838 nobis
1973 4771 2280 4856 pollicea-

519 5138 582 5204 2)
623 5141 830 5192 contra
972 5134 983 5146 '
1135 5149 1257 5189 nos.

521 5206 578 5274 3)
615 5205 967 5261 Bornos-sem
1001 5220 1056 5257 α.
1095 5202 1246 5257 1527.

522 5276 588 5342 4)
627 5273 920 5330 Eucaerus.

523 5345 590 5410 5)
629 5347 988 5411 acyrotonm
1017 5339 1410 5396 comus.

533 5430 775 5486 Geloni
804 5443 990 5497 opera.
1074 5427 1190 5482 Vol.
1229 5425 1338 5479 XI.

2063 430 2223 492 1542
2269 425 2595 494 OOTOB.

4198 436 4327 501 450

2374 614 2568 681 mur?
2647 615 2955 682 Christus
3007 625 3208 701 caput
3262 639 3404 685 esse
3460 619 3607 686 vult
3656 621 3947 686 omnium
3999 621 4326 688 membro-

2373 722 2523 765 rum
2578 723 2844 767 suorum
2858 752 2875 784 ,
2930 711 2998 768 et
3049 724 3245 788 agere
3298 724 3418 787 per
3459 707 3798 787 universa,
3855 728 3985 772 non
4028 729 4147 791 per
4188 711 4327 774 sin·

2546 872 2961 938 Exhilarasti
2995 894 3119 952 me,
3164 874 3336 940 facta
3376 895 3493 958 spe
3512 877 3570 952 ⁶)
3606 876 3839 958 plenae
3873 878 4050 943 inter
4068 877 4325 944 Berna-

2374 963 2475 1023 tes
2516 964 2586 1022 et
2625 969 2915 1023 vestram
2958 960 3461 1042 Rempublicam
3516 963 4005 1028 conciliationis.
4094 962 4325 1044 Quan-

2374 1063 2572 1125 quam
2615 1044 2673 1109 si
2715 1064 2848 1109 non
2884 1045 3319 1111 contrahatur
3352 1053 3419 1111 et
3461 1047 3877 1113 ecclesiarum
3924 1050 4211 1127 societas,
4258 1055 4327 1115 et

2373 1130 2761 1194 restituatur
2801 1151 2938 1194 una
2993 1151 3101 1196 res
3143 1132 3611 1197 ecclesiasticas
3653 1133 3977 1199 tractandi
4029 1135 4324 1215 facultas,

2369 1214 2547 1278 nihil
2588 1216 2954 1300 praestabis
3009 1218 3118 1281 via
3173 1217 3661 1284 conciliationis.
3750 1219 4072 1285 Videmus
4114 1222 4327 1303 quoti-

2375 1298 2498 1378 die,
2544 1307 2618 1365 ut
2655 1300 2984 1367 Dominus
3027 1322 3137 1368 eos
3180 1305 3293 1384 qui
3336 1303 3540 1385 ipsius
3578 1323 3817 1368 nomen
3860 1304 4128 1383 iactant,
4173 1326 4327 1371 oon-

2374 1386 2563 1469 iungi
2629 1386 2699 1450 in
2779 1407 2849 1451 se
2929 1408 3062 1452 non
3135 1388 3441 1470 patiatur.
3587 1387 3873 1454 Instabis
3946 1391 4182 1473 igitur,
4262 1401 4329 1456 et

2372 1470 2631 1536 instabo
2674 1491 2796 1553 ego
2838 1479 3075 1550 tecum,
3131 1481 3208 1538 ut
3248 1494 3517 1540 causam
3557 1473 3809 1540 Christi
3851 1475 4087 1541 fratres
4132 1497 4332 1559 quam

2374 1555 2884 1638 simplicissime,
2941 1565 3010 1623 et
3051 1564 3285 1636 totam,
3346 1567 3414 1624 et
3466 1579 3549 1623 ex
3603 1559 3801 1624 verbo
3846 1561 3973 1625 Dei
4033 1562 4204 1644 ipso,
4264 1568 4332 1626 et

2373 1640 2716 1722 συμμάχοις
2769 1663 2934 1725 pure
2987 1643 3364 1709 christianis
3407 1650 3629 1728 agant.
3716 1646 3851 1710 Per
3892 1646 4332 1712 ministerium

2374 1727 2637 1792 restitui
2682 1727 2904 1792 omnia
2946 1748 3211 1794 necesse
3254 1737 3381 1794 est:
3428 1749 3584 1813 ergo
3627 1730 4067 1796 ministerium
4112 1733 4331 1814 ipsum

2374 1812 2578 1896 prius.
2598 1815 2653 1889 ⁷)
2729 1811 2811 1876 Id
2875 1834 3034 1878 vero
3088 1835 3220 1879 uon
3287 1816 3432 1892 fiet,
3498 1815 3624 1879 nisi
3681 1817 4210 1899 conspirantibus
4264 1824 4332 1882 et

2373 1898 2814 1962 communiter
2855 1899 3197 1983 agentibus
3241 1907 3558 1983 quotquot
3611 1901 3786 1965 inter
3841 1922 3913 1966 se
3965 1903 4331 1969 communi·

2376 2003 2524 2049 care
2570 1990 2898 2067 poterunt.

2549 2068 2716 2134 Meti
2740 2069 3036 2135 Farellus
3070 2088 3272 2134 unam
3309 2068 3633 2135 duntaxat
3666 2070 4046 2136 concionem
4080 2070 4328 2152 habuit,

2376 2153 2550 2236 quod
2594 2155 2831 2234 sciam,
2896 2163 2962 2219 et
3004 2155 3075 2219 in
3117 2156 3504 2220 coemeterio
3543 2155 4159 2221 Dominicanorum:
4219 2157 4333 2240 qui

2376 2259 2579 2322 quum
2633 2238 2809 2304 aliud
2869 2259 3005 2305 non
3072 2249 3367 2324 possent,
3434 2241 3712 2325 strepitu
3765 2263 4119 2324 campanae
4173 2262 4332 2308 suae

2375 2326 2656 2390 verbum
2699 2324 2972 2389 Domini
3017 2325 3253 2409 populo
3308 2337 3606 2392 avertere
3663 2328 3877 2392 conati
3935 2336 4106 2392 sunt.
4196 2325 4332 2393 Sed

2379 2408 2679 2476 Far-ellus
2722 2417 2944 2475 noster
3009 2431 3168 2477 voce
3231 2411 3508 2491 intenta,
3573 2432 3777 2494 usque
3840 2411 3926 2476 ad
4003 2433 4332 2478 summam

2375 2495 2814 2574 raucedinem,
2858 2515 3212 2578 campanae
3246 2498 3535 2562 sonitum
3571 2498 3748 2563 vicit.
3836 2497 4162 2563 Postridie
4205 2498 4334 2562 tria

2374 2580 2586 2646 millia
2641 2579 2915 2646 aderant
2967 2581 3366 2666 auditurizss)
3430 2582 3547 2649 sed
3604 2582 3934 2666 praecipui
3990 2584 4166 2646 inter
4222 2603 4332 2648 eos

2375 2667 2488 2749 qui
2533 2665 2954 2749 evangelium
3008 2674 3273 2749 petunt,
3333 2676 3401 2733 et
3454 2669 3598 2752 ipse
3647 2668 3872 2734 consul
3892 2669 3952 2750 ⁹)
3994 2687 4036 2731 a
4079 2667 4334 2735 Farello

2376 2752 2837 2834 impetrarunt,
2886 2760 2962 2817 ut
3002 2753 3365 2834 quiesceret
3407 2753 3568 2819 dum
3612 2775 3752 2818 rem
3797 2774 3872 2818 oo
3915 2753 4331 2834 deducerent,

2379 2843 2456 2901 ut
2511 2838 2654 2901 sine
2708 2846 2889 2903 metu
2957 2846 3174 2904 motus
3236 2839 3446 2904 civilis
3501 2840 3724 2906 concio
3791 2838 4016 2904 haberi
4080 2846 4332 2920 posset:

2378 2921 2552 3006 quod
2616 2923 2803 2989 brevi
2876 2923 3014 2988 fore
3077 2923 3570 3008 pollicebantur.
3679 2925 3972 2990 Vocatus
4037 2923 4336 2991 Farellus

2379 3006 2608 3073 eodem
2665 3007 2771 3073 die
2824 3008 2907 3073 ad
2964 3029 3294 3075 summum
3347 3011 3725 3090 consilium,
3780 3019 3846 3075 et
3898 3018 4165 3094 rogatus
4208 3030 4335 3093 quo

2380 3093 2652 3159 iubente
2715 3092 3186 3175 praedicasset,
3261 3102 3330 3160 et
3411 3118 3537 3180 quo
3600 3103 3894 3180 petente,
3959 3096 4332 3178 respondit:

2381 3178 2652 3245 Christo
2695 3178 2963 3245 iubente
3005 3188 3072 3244 et
3113 3181 3489 3263 petentibus
3531 3181 3867 3246 membris:
3933 3202 4055 3245 nec
4110 3189 4334 3245 tamen

2379 3264 2590 3330 voluit
2631 3285 3003 3349 quenquam
3049 3266 3436 3331 nominatim
3471 3266 3778 3332 indicare.
3844 3266 3939 3330 Et
3980 3265 4139 3331 satis
4183 3287 4334 3349 gra-

2379 3350 2553 3415 viter
2597 3371 2673 3416 ac
2714 3351 2822 3435 pie
2864 3371 3086 3417 coram
3127 3351 3260 3416 illis
3305 3351 3386 3417 de
3429 3372 3547 3417 suo
3581 3371 3855 3415 munere
3891 3357 3961 3415 et
4002 3350 4336 3432 praedica-

2379 3436 2557 3500 tione
2599 3435 2927 3521 evangelii
2961 3436 3288 3515 disseruit,
3331 3458 3568 3520 eosque
3609 3437 3806 3502 officii
3840 3437 3941 3501 sui
3978 3435 4336 3501 admonuit.

2381 3519 2563 3585 Dum
2609 3540 2768 3587 vero
2822 3521 2923 3586 illi
2981 3521 3423 3588 deliberarent
3477 3520 3634 3605 quid
3692 3521 3773 3588 de
3827 3542 3903 3586 eo
3946 3528 4332 3602 statuerent,

2379 3605 2618 3672 fratres
2704 3605 3123 3672 deduxerunt
3204 3628 3355 3673 eum
3430 3606 3727 3673 domum:
3815 3613 3886 3672 et
3957 3606 4337 3689 impositum

2381 3711 2572 3775 equo,
2596 3695 2688 3770 ¹⁰)
2786 3692 2856 3757 ui
2907 3692 3360 3776 magnitudine
3413 3701 3480 3757 et
3535 3692 3764 3758 habitu
3820 3711 3954 3757 non
4019 3692 4336 3758 absimilis

2382 3797 2524 3843 esse
2547 3775 2690 3842 Far
2838 3776 3201 3857 videbatur,
3248 3776 3650 3845 simularunt
3685 3798 3756 3843 se
3798 3777 4033 3842 fratres
4068 3777 4335 3861 quidam

2381 3861 2657 3929 educere
2693 3860 3035 3929 Farellum.
3108 3864 3388 3929 Interim
3423 3863 3672 3947 quievit
3706 3861 4020 3937 Paratus,
4066 3882 4336 3946 exspec-

2381 3955 2532 4014 tans
2573 3948 2970 4033 legationem
3012 3968 3209 4032 quam
3243 3949 3571 4033 evangelii
3611 3948 3818 4026 initio,
3864 3949 4089 4013 statim
4132 3969 4337 4031 quum

2380 4034 2521 4116 ipse
2572 4034 2812 4099 Metim
2867 4035 3190 4114 venisset,
3256 4035 3574 4099 miserant
3629 4032 3714 4098 ad
3769 4043 4059 4111 nostros,
4124 4034 4238 4116 qui
4296 4053 4337 4097 a

2381 4119 2628 4185 nostris
2684 4119 3004 4185 auxilium
3059 4129 3127 4186 et
3182 4120 3263 4186 ab
3326 4121 3633 4185 universo
3696 4118 3955 4185 foedere
4016 4126 4330 4201 peterent.

2382 4204 2622 4271 Visum
2686 4204 2864 4270 enim
2925 4205 3054 4270 fuit
3116 4217 3192 4270 ut
3247 4205 3449 4289 legati
3506 4226 3593 4270 ex
3656 4204 3900 4270 nostris
3964 4203 4335 4269 Electorem

2386 4288 2705 4356 Saxoniae
2746 4298 2814 4356 et
2854 4290 3334 4375 Landyravium
3376 4290 3663 4369 adirent,
3720 4301 3788 4356 et
3830 4290 3911 4355 ab
3953 4288 4090 4354 illis
4134 4289 4335 4373 recipi

2386 4467 2422 4474 .-

2634 4466 2793 4473 .—

2591 4579 2648 4644 6)
2683 4596 2851 4634 vana.

2592 4646 2654 4712 7)
2689 4648 2796 4702 Οιιι·
2828 4654 3013 4703 mm
3044 4650 3406 4718 mamm
3439 4650 3555 4705 eivs
3570 4648 3930 4717 Argeum-ati
3962 4649 4081 4705 sive
4111 4649 4176 4704 iu
4197 4647 4332 4703 Hel·

2387 4717 2571 4786 ostia,
2619 4717 2922 4773 Beruenses
2965 4719 3131 4773 stiam
3174 4719 3359 4772 misma
3393 4734 3560 4787 quam
3593 4718 3821 4785 caeteri,
3867 4718 4092 4787 primas
4125 4733 4333 4787 nequa-

2386 4802 2555 4857 quam
2587 4792 2983 4842 conce-samnii.
3055 4787 3141 4855 Of.
3177 4788 3258 4844 N.
3294 4787 3416 4841 429.

2593 4854 2654 4914 8)
2697 4857 2850 4910 Fsrcl
2885 4866 3047 4927 ayant
3083 4857 3388 4909 commoneo
3424 4856 3493 4908 do
3529 4855 3788 4924 prescher
3821 4872 3891 4908 au
3925 4856 4202 4908 cimetiere
4237 4854 4335 4907 des

2387 4925 2636 4994 Iacopius
2673 4926 2924 4977 esbranla
2968 4927 3249 4978 tellement
3294 4927 3348 4978 la
3396 4925 3521 4976 ville
3557 4941 3663 4992 quo
3709 4940 3845 4977 ceux
3892 4925 3961 4977 de
4008 4926 4061 4976 la
4106 4924 4335 4984 religion

2387 4993 2629 5116 :2:112stro
2624 4993 3010 5115 ἱίοὲἰόῑέοτθωιιι
3028 4995 3094 5047 de
3111 4994 3247 5046 faire
3265 4998 3386 5046 tout
3420 4994 3537 5046 leur
3570 4993 3729 5047 effort
3746 5011 3815 5046 au
3849 4993 4120 5046 contraire
4155 4987 4336 5057 (Hist.

2592 5130 2654 5196 9)
2691 5066 2935 5199 Gasgard
2979 5132 3047 5184 de
3084 5131 3203 5184 Heu
3253 5131 3339 5183 Sr.
3385 5129 3455 5181 de
3504 5130 3657 5200 Buy,
3704 5130 3918 5183 homme
3963 5128 4032 5181 de
4078 5127 4243 5180 bauto
4279 5131 4338 5180 et

2388 5200 2648 5253 ancienne
2683 5200 2887 5252 maison
2936 5205 2994 5251 et
3079 5201 3131 5253 ui
3167 5200 3316 5252 avoit
3349 5200 3728 5264 comnoissnnce
3763 5199 3831 5251 de
3879 5200 3933 5250 la
3966 5197 4139 5250 verite
4174 5194 4336 5263 (wid.

2388 5266 2625 5323 Kirchlt.
2660 5266 2845 5322 Farel.
2881 5266 2968 5321 II.
3005 5216 3089 5321 ὃῗ.
3161 5265 3387 5322 Ruchat
3424 5265 3492 5320 V.
3660 5306 3674 5321 .

2562 5338 2655 5404 10)
2690 5336 2866 5391 Hunc
2897 5336 3075 5391 locum
3107 5336 3249 5392 male
3282 5336 3446 5392 vertit
3479 5333 3596 5390 Kio-
3726 5333 3883 5401 ferus
3914 5332 3951 5387 1.
3982 5332 4020 5387 1.

3850 5419 3920 5473 29
