<?xml version="1.0" encoding="UTF-8"?>
<!DOCTYPE html PUBLIC "-//W3C//DTD XHTML 1.0 Transitional//EN"
    "http://www.w3.org/TR/xhtml1/DTD/xhtml1-transitional.dtd">
<html xmlns="http://www.w3.org/1999/xhtml" xml:lang="en" lang="en">
 <head>
  <title>
</title>
<meta http-equiv="Content-Type" content="text/html;charset=utf-8" />
  <meta name='ocr-system' content='tesseract 3.04.00' />
  <meta name='ocr-capabilities' content='ocr_page ocr_carea ocr_par ocr_line ocrx_word'/>
</head>
<body>
  <div class='ocr_page' id='page_1' title='image "./ioanniscalvinio13unkngoog/ioanniscalvinio13unkngoog_0083.png"; bbox 0 0 5050 6167; ppageno 0'>
   <div class='ocr_carea' id='block_1_1' title="bbox 59 258 68 796">
    <p class='ocr_par' dir='ltr' id='par_1_1' title="bbox 59 258 68 796">
     <span class='ocr_line' id='line_1_1' title="bbox 59 258 68 796; baseline 0 0"><span class='ocrx_word' id='word_1_1' title='bbox 59 258 68 796; x_wconf 95' lang='lat' dir='ltr'><strong> </strong></span> 
     </span>
    </p>
   </div>
   <div class='ocr_carea' id='block_1_2' title="bbox 55 4263 72 5312">
    <p class='ocr_par' dir='ltr' id='par_1_2' title="bbox 55 4263 72 5312">
     <span class='ocr_line' id='line_1_2' title="bbox 55 4263 72 5312; baseline 0 0"><span class='ocrx_word' id='word_1_2' title='bbox 55 4263 72 5312; x_wconf 95' lang='lat' dir='ltr'><strong> </strong></span> 
     </span>
    </p>
   </div>
   <div class='ocr_carea' id='block_1_3' title="bbox 2155 1734 2581 1819">
    <p class='ocr_par' dir='ltr' id='par_1_3' title="bbox 2155 1734 2581 1819">
     <span class='ocr_line' id='line_1_3' title="bbox 2155 1734 2581 1819; baseline -0.002 -1"><span class='ocrx_word' id='word_1_3' title='bbox 2155 1734 2581 1819; x_wconf 87' lang='lat' dir='ltr'><strong>MDXLI.</strong></span> 
     </span>
    </p>
   </div>
   <div class='ocr_carea' id='block_1_4' title="bbox 813 2020 1860 2243">
    <p class='ocr_par' dir='ltr' id='par_1_4' title="bbox 813 2020 1860 2243">
     <span class='ocr_line' id='line_1_4' title="bbox 1267 2020 1415 2092; baseline 0.014 -3"><span class='ocrx_word' id='word_1_4' title='bbox 1267 2020 1415 2092; x_wconf 78' lang='lat'><strong>27⁰.</strong></span> 
     </span>
     <span class='ocr_line' id='line_1_5' title="bbox 813 2173 1860 2243; baseline 0.005 -5"><span class='ocrx_word' id='word_1_5' title='bbox 813 2173 1378 2243; x_wconf 84' lang='lat' dir='ltr'><strong>BADUELLUS</strong></span> <span class='ocrx_word' id='word_1_6' title='bbox 1425 2174 1860 2243; x_wconf 82' lang='lat' dir='ltr'><strong>OALVINO.</strong></span> 
     </span>
    </p>
   </div>
   <div class='ocr_carea' id='block_1_5' title="bbox 350 2344 2317 2599">
    <p class='ocr_par' dir='ltr' id='par_1_5' title="bbox 350 2344 2317 2599">
     <span class='ocr_line' id='line_1_6' title="bbox 542 2344 2316 2432; baseline 0.004 -23"><span class='ocrx_word' id='word_1_7' title='bbox 542 2344 889 2411; x_wconf 75' lang='lat' dir='ltr'><strong>Pecuniam</strong></span> <span class='ocrx_word' id='word_1_8' title='bbox 937 2346 997 2410; x_wconf 77' lang='lat' dir='ltr'><strong>ei</strong></span> <span class='ocrx_word' id='word_1_9' title='bbox 1031 2346 1217 2411; x_wconf 66' lang='lat' dir='ltr'><strong>mittit</strong></span> <span class='ocrx_word' id='word_1_10' title='bbox 1240 2367 1366 2427; x_wconf 77' lang='lat' dir='ltr'><strong>pro</strong></span> <span class='ocrx_word' id='word_1_11' title='bbox 1401 2347 1614 2412; x_wconf 76' lang='lat' dir='ltr'><strong>bibliis</strong></span> <span class='ocrx_word' id='word_1_12' title='bbox 1647 2349 1798 2414; x_wconf 75' lang='lat' dir='ltr'><strong>olim</strong></span> <span class='ocrx_word' id='word_1_13' title='bbox 1819 2348 1899 2416; x_wconf 81' lang='lat' dir='ltr'><strong>ab</strong></span> <span class='ocrx_word' id='word_1_14' title='bbox 1930 2350 2070 2432; x_wconf 66' lang='lat' dir='ltr'><strong>ipso</strong></span> <span class='ocrx_word' id='word_1_15' title='bbox 2103 2353 2316 2416; x_wconf 75' lang='lat' dir='ltr'><strong>mutuo</strong></span> 
     </span>
     <span class='ocr_line' id='line_1_7' title="bbox 362 2430 2317 2514; baseline 0.002 -17"><span class='ocrx_word' id='word_1_16' title='bbox 362 2432 647 2514; x_wconf 66' lang='lat' dir='ltr'><strong>accepti-8.</strong></span> <span class='ocrx_word' id='word_1_17' title='bbox 722 2431 898 2512; x_wconf 76' lang='lat' dir='ltr'><strong>Quod</strong></span> <span class='ocrx_word' id='word_1_18' title='bbox 917 2430 1167 2497; x_wconf 78' lang='lat' dir='ltr'><strong>Bucero</strong></span> <span class='ocrx_word' id='word_1_19' title='bbox 1188 2433 1358 2497; x_wconf 79' lang='lat' dir='ltr'><strong>debet</strong></span> <span class='ocrx_word' id='word_1_20' title='bbox 1376 2433 1513 2498; x_wconf 78' lang='lat' dir='ltr'><strong>alia</strong></span> <span class='ocrx_word' id='word_1_21' title='bbox 1533 2436 1843 2500; x_wconf 73' lang='lat' dir='ltr'><strong>occasione</strong></span> <span class='ocrx_word' id='word_1_22' title='bbox 1869 2438 2078 2500; x_wconf 75' lang='lat' dir='ltr'><strong>mittet.</strong></span> <span class='ocrx_word' id='word_1_23' title='bbox 2164 2433 2317 2500; x_wconf 84' lang='lat' dir='ltr'><strong>Gar·</strong></span> 
     </span>
     <span class='ocr_line' id='line_1_8' title="bbox 350 2518 2022 2599; baseline 0.002 -18"><span class='ocrx_word' id='word_1_24' title='bbox 350 2519 703 2599; x_wconf 74' lang='lat' dir='ltr'><strong>pentomcti</strong></span> <span class='ocrx_word' id='word_1_25' title='bbox 746 2518 1151 2582; x_wconf 71' lang='lat' dir='ltr'><strong>conditionem</strong></span> <span class='ocrx_word' id='word_1_26' title='bbox 1192 2521 1413 2583; x_wconf 68' lang='lat' dir='ltr'><strong>nudus</strong></span> <span class='ocrx_word' id='word_1_27' title='bbox 1453 2523 1542 2583; x_wconf 74' lang='lat' dir='ltr'><strong>est</strong></span> <span class='ocrx_word' id='word_1_28' title='bbox 1584 2521 1745 2585; x_wconf 75' lang='lat' dir='ltr'><strong>satis</strong></span> <span class='ocrx_word' id='word_1_29' title='bbox 1787 2521 2022 2587; x_wconf 78' lang='lat' dir='ltr'><strong>bonam.</strong></span> 
     </span>
    </p>
   </div>
   <div class='ocr_carea' id='block_1_6' title="bbox 576 2687 2109 2757">
    <p class='ocr_par' dir='ltr' id='par_1_6' title="bbox 576 2687 2109 2757">
     <span class='ocr_line' id='line_1_9' title="bbox 576 2687 2109 2757; baseline 0.005 -17"><span class='ocrx_word' id='word_1_30' title='bbox 576 2687 683 2754; x_wconf 79' lang='lat' dir='ltr'><strong>(Ex</strong></span> <span class='ocrx_word' id='word_1_31' title='bbox 719 2687 1060 2756; x_wconf 78' lang='lat' dir='ltr'><strong>autographo</strong></span> <span class='ocrx_word' id='word_1_32' title='bbox 1094 2688 1230 2742; x_wconf 84' lang='lat' dir='ltr'><strong>bibl.</strong></span> <span class='ocrx_word' id='word_1_33' title='bbox 1267 2687 1473 2743; x_wconf 67' lang='lat' dir='ltr'><strong>Gener.</strong></span> <span class='ocrx_word' id='word_1_34' title='bbox 1510 2689 1641 2743; x_wconf 85' lang='lat' dir='ltr'><strong>Ood.</strong></span> <span class='ocrx_word' id='word_1_35' title='bbox 1679 2687 1795 2755; x_wconf 83' lang='lat'><strong>109,</strong></span> <span class='ocrx_word' id='word_1_36' title='bbox 1831 2691 1925 2745; x_wconf 76' lang='lat' dir='ltr'><strong>fol.</strong></span> <span class='ocrx_word' id='word_1_37' title='bbox 1966 2689 2109 2757; x_wconf 78' lang='lat'><strong>154.)</strong></span> 
     </span>
    </p>
   </div>
   <div class='ocr_carea' id='block_1_7' title="bbox 996 2874 1696 2942">
    <p class='ocr_par' dir='ltr' id='par_1_7' title="bbox 996 2874 1696 2942">
     <span class='ocr_line' id='line_1_10' title="bbox 996 2874 1696 2942; baseline 0.004 -3"><span class='ocrx_word' id='word_1_38' title='bbox 996 2874 1081 2939; x_wconf 88' lang='lat' dir='ltr'><strong>D.</strong></span> <span class='ocrx_word' id='word_1_39' title='bbox 1127 2876 1361 2942; x_wconf 89' lang='lat' dir='ltr'><strong>Ioanni</strong></span> <span class='ocrx_word' id='word_1_40' title='bbox 1402 2875 1696 2942; x_wconf 64' lang='lat' dir='ltr'><strong>Calvina</strong></span> 
     </span>
    </p>
   </div>
   <div class='ocr_carea' id='block_1_8' title="bbox 356 3010 2328 4988">
    <p class='ocr_par' dir='ltr' id='par_1_8' title="bbox 356 3010 2328 4988">
     <span class='ocr_line' id='line_1_11' title="bbox 356 3010 2318 3104; baseline 0.003 -27"><span class='ocrx_word' id='word_1_41' title='bbox 356 3096 367 3104; x_wconf 86' lang='lat'><strong>.</strong></span> <span class='ocrx_word' id='word_1_42' title='bbox 538 3011 743 3078; x_wconf 77' lang='lat' dir='ltr'><strong>Mitto</strong></span> <span class='ocrx_word' id='word_1_43' title='bbox 799 3010 884 3077; x_wconf 84' lang='lat' dir='ltr'><strong>ad</strong></span> <span class='ocrx_word' id='word_1_44' title='bbox 936 3019 1005 3076; x_wconf 92' lang='lat' dir='ltr'><strong>te</strong></span> <span class='ocrx_word' id='word_1_45' title='bbox 1051 3012 1221 3078; x_wconf 86' lang='lat' dir='ltr'><strong>duos</strong></span> <span class='ocrx_word' id='word_1_46' title='bbox 1277 3020 1622 3080; x_wconf 87' lang='lat' dir='ltr'><strong>coronatos</strong></span> <span class='ocrx_word' id='word_1_47' title='bbox 1686 3034 1807 3097; x_wconf 92' lang='lat' dir='ltr'><strong>pro</strong></span> <span class='ocrx_word' id='word_1_48' title='bbox 1871 3014 2089 3082; x_wconf 88' lang='lat' dir='ltr'><strong>bibliis</strong></span> <span class='ocrx_word' id='word_1_49' title='bbox 2151 3037 2318 3100; x_wconf 88' lang='lat' dir='ltr'><strong>quae</strong></span> 
     </span>
     <span class='ocr_line' id='line_1_12' title="bbox 364 3096 2319 3183; baseline 0.002 -18"><span class='ocrx_word' id='word_1_50' title='bbox 364 3097 781 3183; x_wconf 78' lang='lat' dir='ltr'><strong>Argentinae</strong></span> <span class='ocrx_word' id='word_1_51' title='bbox 826 3096 941 3164; x_wconf 88' lang='lat' dir='ltr'><strong>abs</strong></span> <span class='ocrx_word' id='word_1_52' title='bbox 985 3105 1051 3164; x_wconf 88' lang='lat' dir='ltr'><strong>te</strong></span> <span class='ocrx_word' id='word_1_53' title='bbox 1095 3099 1344 3182; x_wconf 87' lang='lat' dir='ltr'><strong>accepi,</strong></span> <span class='ocrx_word' id='word_1_54' title='bbox 1406 3107 1684 3183; x_wconf 88' lang='lat' dir='ltr'><strong>petoque</strong></span> <span class='ocrx_word' id='word_1_55' title='bbox 1740 3100 1856 3166; x_wconf 88' lang='lat' dir='ltr'><strong>abs</strong></span> <span class='ocrx_word' id='word_1_56' title='bbox 1909 3109 1978 3166; x_wconf 90' lang='lat' dir='ltr'><strong>te</strong></span> <span class='ocrx_word' id='word_1_57' title='bbox 2032 3108 2112 3167; x_wconf 88' lang='lat' dir='ltr'><strong>ut</strong></span> <span class='ocrx_word' id='word_1_58' title='bbox 2152 3103 2319 3168; x_wconf 90' lang='lat' dir='ltr'><strong>mihi</strong></span> 
     </span>
     <span class='ocr_line' id='line_1_13' title="bbox 361 3182 2318 3273; baseline 0.003 -25"><span class='ocrx_word' id='word_1_59' title='bbox 361 3183 669 3270; x_wconf 76' lang='lat' dir='ltr'><strong>ignoscas</strong></span> <span class='ocrx_word' id='word_1_60' title='bbox 710 3185 767 3250; x_wconf 91' lang='lat' dir='ltr'><strong>si</strong></span> <span class='ocrx_word' id='word_1_61' title='bbox 811 3203 891 3250; x_wconf 89' lang='lat' dir='ltr'><strong>ea</strong></span> <span class='ocrx_word' id='word_1_62' title='bbox 932 3183 1181 3250; x_wconf 84' lang='lat' dir='ltr'><strong>diutius</strong></span> <span class='ocrx_word' id='word_1_63' title='bbox 1224 3182 1401 3268; x_wconf 91' lang='lat' dir='ltr'><strong>apud</strong></span> <span class='ocrx_word' id='word_1_64' title='bbox 1454 3206 1562 3250; x_wconf 93' lang='lat' dir='ltr'><strong>me</strong></span> <span class='ocrx_word' id='word_1_65' title='bbox 1606 3185 1992 3252; x_wconf 78' lang='lat' dir='ltr'>retinuerim</span> <span class='ocrx_word' id='word_1_66' title='bbox 2048 3196 2165 3253; x_wconf 88' lang='lat' dir='ltr'><strong>aut</strong></span> <span class='ocrx_word' id='word_1_67' title='bbox 2205 3209 2318 3273; x_wconf 92' lang='lat' dir='ltr'><strong>pe-</strong></span> 
     </span>
     <span class='ocr_line' id='line_1_14' title="bbox 363 3269 2320 3356; baseline 0.002 -20"><span class='ocrx_word' id='word_1_68' title='bbox 363 3271 633 3336; x_wconf 83' lang='lat' dir='ltr'><strong>cuniam</strong></span> <span class='ocrx_word' id='word_1_69' title='bbox 685 3289 821 3336; x_wconf 91' lang='lat' dir='ltr'><strong>non</strong></span> <span class='ocrx_word' id='word_1_70' title='bbox 875 3269 1187 3338; x_wconf 85' lang='lat' dir='ltr'><strong>miserim.</strong></span> <span class='ocrx_word' id='word_1_71' title='bbox 1289 3271 1645 3356; x_wconf 82' lang='lat' dir='ltr'><strong>Superiore</strong></span> <span class='ocrx_word' id='word_1_72' title='bbox 1702 3293 1874 3338; x_wconf 88' lang='lat' dir='ltr'><strong>anno</strong></span> <span class='ocrx_word' id='word_1_73' title='bbox 1927 3271 2104 3340; x_wconf 82' lang='lat' dir='ltr'><strong>volui</strong></span> <span class='ocrx_word' id='word_1_74' title='bbox 2165 3272 2320 3340; x_wconf 92' lang='lat' dir='ltr'><strong>dare</strong></span> 
     </span>
     <span class='ocr_line' id='line_1_15' title="bbox 363 3354 2319 3440; baseline 0.002 -19"><span class='ocrx_word' id='word_1_75' title='bbox 363 3355 631 3422; x_wconf 90' lang='lat' dir='ltr'><strong>cuidam</strong></span> <span class='ocrx_word' id='word_1_76' title='bbox 697 3377 893 3440; x_wconf 88' lang='lat' dir='ltr'><strong>quem</strong></span> <span class='ocrx_word' id='word_1_77' title='bbox 960 3354 1154 3423; x_wconf 88' lang='lat' dir='ltr'><strong>audio</strong></span> <span class='ocrx_word' id='word_1_78' title='bbox 1210 3377 1473 3424; x_wconf 81' lang='lat' dir='ltr'><strong>servum</strong></span> <span class='ocrx_word' id='word_1_79' title='bbox 1534 3365 1726 3424; x_wconf 87' lang='lat' dir='ltr'><strong>tuum</strong></span> <span class='ocrx_word' id='word_1_80' title='bbox 1783 3355 1986 3424; x_wconf 82' lang='lat' dir='ltr'><strong>fuisse</strong></span> <span class='ocrx_word' id='word_1_81' title='bbox 1999 3409 2016 3438; x_wconf 91' lang='lat'><strong>,</strong></span> <span class='ocrx_word' id='word_1_82' title='bbox 2085 3359 2199 3425; x_wconf 90' lang='lat' dir='ltr'><strong>sed</strong></span> <span class='ocrx_word' id='word_1_83' title='bbox 2250 3360 2319 3425; x_wconf 89' lang='lat' dir='ltr'><strong>id</strong></span> 
     </span>
     <span class='ocr_line' id='line_1_16' title="bbox 364 3440 2321 3527; baseline 0.002 -20"><span class='ocrx_word' id='word_1_84' title='bbox 364 3443 588 3508; x_wconf 90' lang='lat' dir='ltr'><strong>oneris</strong></span> <span class='ocrx_word' id='word_1_85' title='bbox 630 3440 745 3507; x_wconf 87' lang='lat' dir='ltr'><strong>ille</strong></span> <span class='ocrx_word' id='word_1_86' title='bbox 786 3444 959 3508; x_wconf 86' lang='lat' dir='ltr'><strong>ferre</strong></span> <span class='ocrx_word' id='word_1_87' title='bbox 1001 3443 1233 3508; x_wconf 89' lang='lat' dir='ltr'><strong>noluit.</strong></span> <span class='ocrx_word' id='word_1_88' title='bbox 1324 3442 1518 3509; x_wconf 87' lang='lat' dir='ltr'><strong>Nunc</strong></span> <span class='ocrx_word' id='word_1_89' title='bbox 1566 3464 1725 3509; x_wconf 87' lang='lat' dir='ltr'><strong>vero</strong></span> <span class='ocrx_word' id='word_1_90' title='bbox 1768 3465 1969 3527; x_wconf 89' lang='lat' dir='ltr'><strong>quum</strong></span> <span class='ocrx_word' id='word_1_91' title='bbox 2009 3444 2321 3512; x_wconf 91' lang='lat' dir='ltr'><strong>haberem</strong></span> 
     </span>
     <span class='ocr_line' id='line_1_17' title="bbox 365 3528 2321 3608; baseline 0.001 -12"><span class='ocrx_word' id='word_1_92' title='bbox 365 3528 784 3596; x_wconf 80' lang='lat' dir='ltr'><strong>Germanum</strong></span> <span class='ocrx_word' id='word_1_93' title='bbox 836 3535 1267 3595; x_wconf 75' lang='lat' dir='ltr'><strong>mercatorem</strong></span> <span class='ocrx_word' id='word_1_94' title='bbox 1282 3579 1299 3608; x_wconf 90' lang='lat'><strong>,</strong></span> <span class='ocrx_word' id='word_1_95' title='bbox 1366 3529 1700 3595; x_wconf 87' lang='lat' dir='ltr'><strong>hominem</strong></span> <span class='ocrx_word' id='word_1_96' title='bbox 1764 3530 1872 3596; x_wconf 87' lang='lat' dir='ltr'><strong>cui</strong></span> <span class='ocrx_word' id='word_1_97' title='bbox 1926 3538 2101 3597; x_wconf 89' lang='lat' dir='ltr'><strong>recte</strong></span> <span class='ocrx_word' id='word_1_98' title='bbox 2166 3530 2321 3597; x_wconf 89' lang='lat' dir='ltr'><strong>dare</strong></span> 
     </span>
     <span class='ocr_line' id='line_1_18' title="bbox 363 3613 2322 3702; baseline 0.001 -21"><span class='ocrx_word' id='word_1_99' title='bbox 363 3636 648 3699; x_wconf 90' lang='lat' dir='ltr'><strong>possem,</strong></span> <span class='ocrx_word' id='word_1_100' title='bbox 693 3613 900 3680; x_wconf 86' lang='lat' dir='ltr'><strong>malui</strong></span> <span class='ocrx_word' id='word_1_101' title='bbox 934 3614 1280 3698; x_wconf 86' lang='lat' dir='ltr'><strong>pecuniam</strong></span> <span class='ocrx_word' id='word_1_102' title='bbox 1314 3616 1596 3694; x_wconf 87' lang='lat' dir='ltr'><strong>mittere,</strong></span> <span class='ocrx_word' id='word_1_103' title='bbox 1643 3635 1917 3699; x_wconf 88' lang='lat' dir='ltr'><strong>eamque</strong></span> <span class='ocrx_word' id='word_1_104' title='bbox 1951 3615 2163 3702; x_wconf 89' lang='lat' dir='ltr'><strong>magis</strong></span> <span class='ocrx_word' id='word_1_105' title='bbox 2207 3637 2322 3700; x_wconf 90' lang='lat' dir='ltr'><strong>op·</strong></span> 
     </span>
     <span class='ocr_line' id='line_1_19' title="bbox 362 3700 2323 3785; baseline 0.002 -19"><span class='ocrx_word' id='word_1_106' title='bbox 362 3708 720 3785; x_wconf 83' lang='lat' dir='ltr'><strong>portunam</strong></span> <span class='ocrx_word' id='word_1_107' title='bbox 761 3700 1074 3780; x_wconf 85' lang='lat' dir='ltr'><strong>iudicavi,</strong></span> <span class='ocrx_word' id='word_1_108' title='bbox 1132 3702 1396 3768; x_wconf 87' lang='lat' dir='ltr'><strong>tametsi</strong></span> <span class='ocrx_word' id='word_1_109' title='bbox 1438 3701 1643 3767; x_wconf 89' lang='lat' dir='ltr'><strong>biblia</strong></span> <span class='ocrx_word' id='word_1_110' title='bbox 1683 3708 1802 3766; x_wconf 88' lang='lat' dir='ltr'><strong>tua</strong></span> <span class='ocrx_word' id='word_1_111' title='bbox 1843 3709 1981 3766; x_wconf 90' lang='lat' dir='ltr'><strong>tam</strong></span> <span class='ocrx_word' id='word_1_112' title='bbox 2025 3709 2182 3768; x_wconf 90' lang='lat' dir='ltr'><strong>sunt</strong></span> <span class='ocrx_word' id='word_1_113' title='bbox 2222 3704 2323 3770; x_wconf 89' lang='lat' dir='ltr'><strong>in·</strong></span> 
     </span>
     <span class='ocr_line' id='line_1_20' title="bbox 364 3785 2324 3871; baseline 0.001 -18"><span class='ocrx_word' id='word_1_114' title='bbox 364 3794 558 3871; x_wconf 84' lang='lat' dir='ltr'><strong>tegra</strong></span> <span class='ocrx_word' id='word_1_115' title='bbox 600 3794 669 3852; x_wconf 87' lang='lat' dir='ltr'><strong>et</strong></span> <span class='ocrx_word' id='word_1_116' title='bbox 709 3786 959 3851; x_wconf 88' lang='lat' dir='ltr'><strong>munda</strong></span> <span class='ocrx_word' id='word_1_117' title='bbox 1002 3807 1199 3869; x_wconf 91' lang='lat' dir='ltr'><strong>quam</strong></span> <span class='ocrx_word' id='word_1_118' title='bbox 1256 3807 1457 3870; x_wconf 89' lang='lat' dir='ltr'><strong>quum</strong></span> <span class='ocrx_word' id='word_1_119' title='bbox 1502 3786 1672 3852; x_wconf 89' lang='lat' dir='ltr'><strong>mihi</strong></span> <span class='ocrx_word' id='word_1_120' title='bbox 1728 3785 1981 3853; x_wconf 79' lang='lat' dir='ltr'><strong>dedisti.</strong></span> <span class='ocrx_word' id='word_1_121' title='bbox 2072 3789 2324 3855; x_wconf 77' lang='lat' dir='ltr'><strong>Tamen</strong></span> 
     </span>
     <span class='ocr_line' id='line_1_21' title="bbox 366 3871 2326 3956; baseline 0.001 -18"><span class='ocrx_word' id='word_1_122' title='bbox 366 3874 524 3956; x_wconf 84' lang='lat' dir='ltr'><strong>quia</strong></span> <span class='ocrx_word' id='word_1_123' title='bbox 569 3871 817 3938; x_wconf 87' lang='lat' dir='ltr'><strong>tamdiu</strong></span> <span class='ocrx_word' id='word_1_124' title='bbox 874 3881 950 3937; x_wconf 88' lang='lat' dir='ltr'><strong>tu</strong></span> <span class='ocrx_word' id='word_1_125' title='bbox 1003 3872 1136 3937; x_wconf 89' lang='lat' dir='ltr'><strong>illis</strong></span> <span class='ocrx_word' id='word_1_126' title='bbox 1180 3873 1485 3952; x_wconf 84' lang='lat' dir='ltr'><strong>caruisti,</strong></span> <span class='ocrx_word' id='word_1_127' title='bbox 1544 3871 1750 3938; x_wconf 86' lang='lat' dir='ltr'><strong>malui</strong></span> <span class='ocrx_word' id='word_1_128' title='bbox 1805 3893 1885 3939; x_wconf 89' lang='lat' dir='ltr'><strong>ea</strong></span> <span class='ocrx_word' id='word_1_129' title='bbox 1927 3874 2214 3940; x_wconf 88' lang='lat' dir='ltr'><strong>retinere</strong></span> <span class='ocrx_word' id='word_1_130' title='bbox 2257 3882 2326 3940; x_wconf 90' lang='lat' dir='ltr'><strong>et</strong></span> 
     </span>
     <span class='ocr_line' id='line_1_22' title="bbox 363 3956 2325 4043; baseline 0.001 -19"><span class='ocrx_word' id='word_1_131' title='bbox 363 3959 713 4043; x_wconf 89' lang='lat' dir='ltr'><strong>pecuniam</strong></span> <span class='ocrx_word' id='word_1_132' title='bbox 759 3979 907 4024; x_wconf 88' lang='lat' dir='ltr'><strong>eam</strong></span> <span class='ocrx_word' id='word_1_133' title='bbox 951 3957 1074 4023; x_wconf 91' lang='lat' dir='ltr'><strong>tibi</strong></span> <span class='ocrx_word' id='word_1_134' title='bbox 1117 3958 1400 4036; x_wconf 89' lang='lat' dir='ltr'><strong>mittere,</strong></span> <span class='ocrx_word' id='word_1_135' title='bbox 1459 3980 1589 4043; x_wconf 89' lang='lat' dir='ltr'><strong>qua</strong></span> <span class='ocrx_word' id='word_1_136' title='bbox 1630 3956 1873 4023; x_wconf 90' lang='lat' dir='ltr'><strong>librum</strong></span> <span class='ocrx_word' id='word_1_137' title='bbox 1915 3957 2032 4024; x_wconf 87' lang='lat' dir='ltr'><strong>abs</strong></span> <span class='ocrx_word' id='word_1_138' title='bbox 2075 3967 2141 4026; x_wconf 90' lang='lat' dir='ltr'><strong>te</strong></span> <span class='ocrx_word' id='word_1_139' title='bbox 2184 3961 2207 4024; x_wconf 93' lang='lat' dir='ltr'><strong>i</strong></span> <span class='ocrx_word' id='word_1_140' title='bbox 2253 3981 2325 4026; x_wconf 90' lang='lat' dir='ltr'><strong>so</strong></span> 
     </span>
     <span class='ocr_line' id='line_1_23' title="bbox 367 4042 2321 4130; baseline 0 -18"><span class='ocrx_word' id='word_1_141' title='bbox 367 4045 791 4112; x_wconf 76' lang='lat' dir='ltr'><strong>aestimatum</strong></span> <span class='ocrx_word' id='word_1_142' title='bbox 831 4043 1148 4109; x_wconf 89' lang='lat' dir='ltr'><strong>memoria</strong></span> <span class='ocrx_word' id='word_1_143' title='bbox 1191 4043 1514 4109; x_wconf 84' lang='lat' dir='ltr'><strong>tenebam.</strong></span> <span class='ocrx_word' id='word_1_144' title='bbox 1618 4044 1843 4111; x_wconf 76' lang='lat' dir='ltr'><strong>Felino</strong></span> <span class='ocrx_word' id='word_1_145' title='bbox 1868 4042 1915 4130; x_wconf 91' lang='lat'><strong>¹)</strong></span> <span class='ocrx_word' id='word_1_146' title='bbox 1962 4044 2164 4111; x_wconf 89' lang='lat' dir='ltr'><strong>debeo</strong></span> <span class='ocrx_word' id='word_1_147' title='bbox 2254 4067 2321 4112; x_wconf 92' lang='lat' dir='ltr'><strong>e-</strong></span> 
     </span>
     <span class='ocr_line' id='line_1_24' title="bbox 368 4127 2325 4214; baseline 0.001 -16"><span class='ocrx_word' id='word_1_148' title='bbox 368 4151 515 4198; x_wconf 88' lang='lat' dir='ltr'><strong>cem</strong></span> <span class='ocrx_word' id='word_1_149' title='bbox 559 4138 902 4198; x_wconf 88' lang='lat' dir='ltr'><strong>coronatos</strong></span> <span class='ocrx_word' id='word_1_150' title='bbox 985 4151 1104 4196; x_wconf 91' lang='lat' dir='ltr'><strong>uos</strong></span> <span class='ocrx_word' id='word_1_151' title='bbox 1145 4127 1230 4195; x_wconf 88' lang='lat' dir='ltr'><strong>ad</strong></span> <span class='ocrx_word' id='word_1_152' title='bbox 1290 4135 1356 4194; x_wconf 87' lang='lat' dir='ltr'><strong>te</strong></span> <span class='ocrx_word' id='word_1_153' title='bbox 1398 4130 1661 4195; x_wconf 88' lang='lat' dir='ltr'><strong>mittam</strong></span> <span class='ocrx_word' id='word_1_154' title='bbox 1702 4151 1906 4214; x_wconf 88' lang='lat' dir='ltr'><strong>quum</strong></span> <span class='ocrx_word' id='word_1_155' title='bbox 1996 4131 2242 4197; x_wconf 91' lang='lat' dir='ltr'><strong>rimum</strong></span> <span class='ocrx_word' id='word_1_156' title='bbox 2285 4154 2325 4199; x_wconf 93' lang='lat' dir='ltr'><strong>a</strong></span> 
     </span>
     <span class='ocr_line' id='line_1_25' title="bbox 370 4215 2324 4302; baseline -0.001 -18"><span class='ocrx_word' id='word_1_157' title='bbox 370 4217 1117 4301; x_wconf 79' lang='lat' dir='ltr'><strong>Carpentoractenslbus</strong></span> <span class='ocrx_word' id='word_1_158' title='bbox 1158 4236 1483 4299; x_wconf 88' lang='lat' dir='ltr'><strong>accepero.</strong></span> <span class='ocrx_word' id='word_1_159' title='bbox 1549 4215 1829 4282; x_wconf 83' lang='lat' dir='ltr'><strong>Interim</strong></span> <span class='ocrx_word' id='word_1_160' title='bbox 1860 4216 1952 4281; x_wconf 92' lang='lat' dir='ltr'><strong>mi</strong></span> <span class='ocrx_word' id='word_1_161' title='bbox 2009 4217 2022 4231; x_wconf 86' lang='grc'><em>“</em></span> <span class='ocrx_word' id='word_1_162' title='bbox 2062 4224 2324 4302; x_wconf 81' lang='lat' dir='ltr'><strong>gratmn</strong></span> 
     </span>
     <span class='ocr_line' id='line_1_26' title="bbox 369 4299 2325 4382; baseline -0.001 -12"><span class='ocrx_word' id='word_1_163' title='bbox 369 4305 591 4382; x_wconf 75' lang='lat' dir='ltr'><strong>facies,</strong></span> <span class='ocrx_word' id='word_1_164' title='bbox 637 4303 693 4369; x_wconf 91' lang='lat' dir='ltr'><strong>si</strong></span> <span class='ocrx_word' id='word_1_165' title='bbox 737 4323 892 4368; x_wconf 90' lang='lat' dir='ltr'><strong>eum</strong></span> <span class='ocrx_word' id='word_1_166' title='bbox 937 4301 1016 4367; x_wconf 91' lang='lat' dir='ltr'><strong>de</strong></span> <span class='ocrx_word' id='word_1_167' title='bbox 1060 4301 1185 4367; x_wconf 86' lang='lat' dir='ltr'><strong>hac</strong></span> <span class='ocrx_word' id='word_1_168' title='bbox 1235 4321 1383 4366; x_wconf 86' lang='lat' dir='ltr'><strong>mea</strong></span> <span class='ocrx_word' id='word_1_169' title='bbox 1424 4299 1766 4367; x_wconf 85' lang='lat' dir='ltr'><strong>voluntate</strong></span> <span class='ocrx_word' id='word_1_170' title='bbox 1811 4310 1879 4368; x_wconf 87' lang='lat' dir='ltr'><strong>et</strong></span> <span class='ocrx_word' id='word_1_171' title='bbox 1918 4302 2048 4368; x_wconf 89' lang='lat' dir='ltr'><strong>fide</strong></span> <span class='ocrx_word' id='word_1_172' title='bbox 2091 4304 2325 4369; x_wconf 83' lang='lat' dir='ltr'><strong>certio-</strong></span> 
     </span>
     <span class='ocr_line' id='line_1_27' title="bbox 372 4387 2324 4472; baseline 0 -16"><span class='ocrx_word' id='word_1_173' title='bbox 372 4412 513 4456; x_wconf 85' lang='lat' dir='ltr'><strong>rem</strong></span> <span class='ocrx_word' id='word_1_174' title='bbox 557 4389 805 4468; x_wconf 86' lang='lat' dir='ltr'><strong>feceris,</strong></span> <span class='ocrx_word' id='word_1_175' title='bbox 848 4387 1035 4472; x_wconf 90' lang='lat' dir='ltr'><strong>eique</strong></span> <span class='ocrx_word' id='word_1_176' title='bbox 1079 4388 1453 4471; x_wconf 79' lang='lat' dir='ltr'><strong>promiseris</strong></span> <span class='ocrx_word' id='word_1_177' title='bbox 1496 4408 1621 4465; x_wconf 90' lang='lat' dir='ltr'><strong>me,</strong></span> <span class='ocrx_word' id='word_1_178' title='bbox 1667 4388 1862 4452; x_wconf 89' lang='lat' dir='ltr'><strong>simul</strong></span> <span class='ocrx_word' id='word_1_179' title='bbox 1907 4397 2102 4472; x_wconf 89' lang='lat' dir='ltr'><strong>atque</strong></span> <span class='ocrx_word' id='word_1_180' title='bbox 2146 4409 2324 4456; x_wconf 85' lang='lat' dir='ltr'><strong>acce-</strong></span> 
     </span>
     <span class='ocr_line' id='line_1_28' title="bbox 374 4472 2326 4560; baseline -0.001 -18"><span class='ocrx_word' id='word_1_181' title='bbox 374 4497 529 4560; x_wconf 90' lang='lat' dir='ltr'><strong>pero</strong></span> <span class='ocrx_word' id='word_1_182' title='bbox 546 4527 561 4554; x_wconf 89' lang='lat'><strong>,</strong></span> <span class='ocrx_word' id='word_1_183' title='bbox 620 4474 967 4559; x_wconf 88' lang='lat' dir='ltr'><strong>pecuniam</strong></span> <span class='ocrx_word' id='word_1_184' title='bbox 1023 4474 1397 4539; x_wconf 89' lang='lat' dir='ltr'><strong>missurum.</strong></span> <span class='ocrx_word' id='word_1_185' title='bbox 1487 4472 1640 4538; x_wconf 90' lang='lat' dir='ltr'><strong>Non</strong></span> <span class='ocrx_word' id='word_1_186' title='bbox 1682 4472 1908 4538; x_wconf 84' lang='lat' dir='ltr'><strong>fallam</strong></span> <span class='ocrx_word' id='word_1_187' title='bbox 1951 4475 2326 4557; x_wconf 86' lang='lat' dir='ltr'><strong>opinionem</strong></span> 
     </span>
     <span class='ocr_line' id='line_1_29' title="bbox 375 4557 2327 4643; baseline -0.001 -16"><span class='ocrx_word' id='word_1_188' title='bbox 375 4570 559 4628; x_wconf 89' lang='lat' dir='ltr'><strong>tuam</strong></span> <span class='ocrx_word' id='word_1_189' title='bbox 615 4582 737 4626; x_wconf 89' lang='lat' dir='ltr'><strong>nec</strong></span> <span class='ocrx_word' id='word_1_190' title='bbox 789 4559 989 4625; x_wconf 87' lang='lat' dir='ltr'><strong>fidem</strong></span> <span class='ocrx_word' id='word_1_191' title='bbox 1046 4581 1245 4643; x_wconf 90' lang='lat' dir='ltr'><strong>quam</strong></span> <span class='ocrx_word' id='word_1_192' title='bbox 1304 4558 1384 4625; x_wconf 91' lang='lat' dir='ltr'><strong>de</strong></span> <span class='ocrx_word' id='word_1_193' title='bbox 1426 4579 1534 4624; x_wconf 94' lang='lat' dir='ltr'><strong>me</strong></span> <span class='ocrx_word' id='word_1_194' title='bbox 1579 4557 1852 4625; x_wconf 90' lang='lat' dir='ltr'><strong>dederis.</strong></span> <span class='ocrx_word' id='word_1_195' title='bbox 1943 4557 2121 4627; x_wconf 83' lang='lat' dir='ltr'><strong>Sunt</strong></span> <span class='ocrx_word' id='word_1_196' title='bbox 2161 4559 2327 4626; x_wconf 90' lang='lat' dir='ltr'><strong>mihi</strong></span> 
     </span>
     <span class='ocr_line' id='line_1_30' title="bbox 376 4644 2325 4730; baseline 0.001 -18"><span class='ocrx_word' id='word_1_197' title='bbox 376 4668 417 4712; x_wconf 82' lang='lat' dir='ltr'><strong>a</strong></span> <span class='ocrx_word' id='word_1_198' title='bbox 467 4644 1214 4730; x_wconf 81' lang='lat' dir='ltr'><strong>Carpentoractensibus</strong></span> <span class='ocrx_word' id='word_1_199' title='bbox 1269 4653 1599 4711; x_wconf 75' lang='lat' dir='ltr'><strong>trecentae</strong></span> <span class='ocrx_word' id='word_1_200' title='bbox 1662 4645 1866 4711; x_wconf 89' lang='lat' dir='ltr'><strong>librae</strong></span> <span class='ocrx_word' id='word_1_201' title='bbox 1931 4647 2325 4713; x_wconf 82' lang='lat' dir='ltr'><strong>constitutae</strong></span> 
     </span>
     <span class='ocr_line' id='line_1_31' title="bbox 378 4730 2325 4817; baseline -0.001 -17"><span class='ocrx_word' id='word_1_202' title='bbox 378 4754 460 4800; x_wconf 84' lang='lat' dir='ltr'><strong>ex</strong></span> <span class='ocrx_word' id='word_1_203' title='bbox 503 4734 742 4817; x_wconf 85' lang='lat' dir='ltr'><strong>quibus</strong></span> <span class='ocrx_word' id='word_1_204' title='bbox 784 4734 844 4797; x_wconf 91' lang='lat' dir='ltr'><strong>ei</strong></span> <span class='ocrx_word' id='word_1_205' title='bbox 888 4730 1301 4798; x_wconf 68' lang='lat' dir='ltr'><strong>satisfaciam.</strong></span> <span class='ocrx_word' id='word_1_206' title='bbox 1390 4732 1486 4796; x_wconf 81' lang='lat' dir='ltr'><strong>&#39;Pe</strong></span> <span class='ocrx_word' id='word_1_207' title='bbox 1527 4751 1686 4814; x_wconf 86' lang='lat' dir='ltr'><strong>rogo</strong></span> <span class='ocrx_word' id='word_1_208' title='bbox 1722 4741 1795 4797; x_wconf 90' lang='lat' dir='ltr'><strong>ut</strong></span> <span class='ocrx_word' id='word_1_209' title='bbox 1837 4752 1945 4797; x_wconf 93' lang='lat' dir='ltr'><strong>me</strong></span> <span class='ocrx_word' id='word_1_210' title='bbox 1979 4733 2049 4797; x_wconf 91' lang='lat' dir='ltr'><strong>in</strong></span> <span class='ocrx_word' id='word_1_211' title='bbox 2094 4754 2325 4798; x_wconf 88' lang='lat' dir='ltr'><strong>eorum</strong></span> 
     </span>
     <span class='ocr_line' id='line_1_32' title="bbox 378 4816 2325 4901; baseline -0.001 -15"><span class='ocrx_word' id='word_1_212' title='bbox 378 4840 650 4886; x_wconf 89' lang='lat' dir='ltr'><strong>numero</strong></span> <span class='ocrx_word' id='word_1_213' title='bbox 708 4819 950 4885; x_wconf 87' lang='lat' dir='ltr'><strong>habeas</strong></span> <span class='ocrx_word' id='word_1_214' title='bbox 1008 4818 1119 4901; x_wconf 92' lang='lat' dir='ltr'><strong>qui</strong></span> <span class='ocrx_word' id='word_1_215' title='bbox 1162 4816 1381 4883; x_wconf 89' lang='lat' dir='ltr'><strong>Deum</strong></span> <span class='ocrx_word' id='word_1_216' title='bbox 1423 4817 1680 4882; x_wconf 88' lang='lat' dir='ltr'><strong>timent.</strong></span> <span class='ocrx_word' id='word_1_217' title='bbox 1771 4819 2096 4885; x_wconf 84' lang='lat' dir='ltr'><strong>Dominus</strong></span> <span class='ocrx_word' id='word_1_218' title='bbox 2138 4819 2325 4885; x_wconf 90' lang='lat' dir='ltr'><strong>Iesus</strong></span> 
     </span>
     <span class='ocr_line' id='line_1_33' title="bbox 380 4904 2328 4988; baseline -0.001 -16"><span class='ocrx_word' id='word_1_219' title='bbox 380 4927 496 4972; x_wconf 88' lang='lat' dir='ltr'><strong>sua</strong></span> <span class='ocrx_word' id='word_1_220' title='bbox 551 4905 800 4971; x_wconf 86' lang='lat' dir='ltr'><strong>virtute</strong></span> <span class='ocrx_word' id='word_1_221' title='bbox 852 4912 919 4970; x_wconf 93' lang='lat' dir='ltr'><strong>te</strong></span> <span class='ocrx_word' id='word_1_222' title='bbox 986 4905 1331 4970; x_wconf 84' lang='lat' dir='ltr'><strong>confirmet</strong></span> <span class='ocrx_word' id='word_1_223' title='bbox 1385 4922 1634 4988; x_wconf 88' lang='lat' dir='ltr'><strong>nosque</strong></span> <span class='ocrx_word' id='word_1_224' title='bbox 1697 4904 2146 4970; x_wconf 84' lang='lat' dir='ltr'><strong>misericordia</strong></span> <span class='ocrx_word' id='word_1_225' title='bbox 2208 4926 2328 4972; x_wconf 89' lang='lat' dir='ltr'><strong>sua</strong></span> 
     </span>
    </p>
   </div>
   <div class='ocr_carea' id='block_1_9' title="bbox 379 4988 2164 5076">
    <p class='ocr_par' dir='ltr' id='par_1_9' title="bbox 379 4988 2164 5076">
     <span class='ocr_line' id='line_1_34' title="bbox 379 4988 2164 5076; baseline -0.001 -18"><span class='ocrx_word' id='word_1_226' title='bbox 379 4991 699 5076; x_wconf 84' lang='lat' dir='ltr'><strong>respiciat.</strong></span> <span class='ocrx_word' id='word_1_227' title='bbox 788 4988 976 5056; x_wconf 89' lang='lat' dir='ltr'><strong>Vale.</strong></span> <span class='ocrx_word' id='word_1_228' title='bbox 1066 4988 1560 5073; x_wconf 85' lang='lat' dir='ltr'><strong>Carpentoracti</strong></span> <span class='ocrx_word' id='word_1_229' title='bbox 1605 4989 1726 5055; x_wconf 87' lang='lat' dir='ltr'><strong>VI.</strong></span> <span class='ocrx_word' id='word_1_230' title='bbox 1772 4990 2084 5057; x_wconf 85' lang='lat' dir='ltr'><strong>Ianuarii.</strong></span> <span class='ocrx_word' id='word_1_231' title='bbox 2103 4994 2164 5068; x_wconf 76' lang='lat'><strong>²)</strong></span> 
     </span>
    </p>
   </div>
   <div class='ocr_carea' id='block_1_10' title="bbox 1554 5108 2161 5177">
    <p class='ocr_par' dir='ltr' id='par_1_10' title="bbox 1554 5108 2161 5177">
     <span class='ocr_line' id='line_1_35' title="bbox 1554 5108 2161 5177; baseline -0.002 -1"><span class='ocrx_word' id='word_1_232' title='bbox 1554 5108 1741 5176; x_wconf 75' lang='lat' dir='ltr'><strong>Tuus</strong></span> <span class='ocrx_word' id='word_1_233' title='bbox 1782 5109 2161 5177; x_wconf 86' lang='lat' dir='ltr'><strong>Baduellus.</strong></span> 
     </span>
    </p>
   </div>
   <div class='ocr_carea' id='block_1_11' title="bbox 385 5219 735 5227">
    <p class='ocr_par' dir='ltr' id='par_1_11' title="bbox 385 5219 735 5227">
     <span class='ocr_line' id='line_1_36' title="bbox 385 5219 735 5227; baseline 0 -2"><span class='ocrx_word' id='word_1_234' title='bbox 385 5219 735 5227; x_wconf 72' lang='lat'>——--——-</span> 
     </span>
    </p>
   </div>
   <div class='ocr_carea' id='block_1_12' title="bbox 428 5282 2339 5417">
    <p class='ocr_par' dir='ltr' id='par_1_12' title="bbox 428 5282 2339 5417">
     <span class='ocr_line' id='line_1_37' title="bbox 428 5282 925 5350; baseline -0.014 -7"><span class='ocrx_word' id='word_1_235' title='bbox 428 5283 554 5346; x_wconf 76' lang='lat'><strong>270.</strong></span> <span class='ocrx_word' id='word_1_236' title='bbox 591 5283 653 5350; x_wconf 85' lang='lat'><strong>1)</strong></span> <span class='ocrx_word' id='word_1_237' title='bbox 686 5282 925 5338; x_wconf 69' lang='lat' dir='ltr'><strong>Bucam.</strong></span> 
     </span>
     <span class='ocr_line' id='line_1_38' title="bbox 584 5348 2339 5417; baseline 0.001 -10"><span class='ocrx_word' id='word_1_238' title='bbox 584 5352 648 5417; x_wconf 77' lang='lat'><strong>2)</strong></span> <span class='ocrx_word' id='word_1_239' title='bbox 684 5351 785 5410; x_wconf 69' lang='lat' dir='ltr'><strong>En</strong></span> <span class='ocrx_word' id='word_1_240' title='bbox 812 5365 971 5408; x_wconf 61' lang='lat' dir='ltr'><strong>Ma</strong></span> <span class='ocrx_word' id='word_1_241' title='bbox 1003 5348 2107 5408; x_wconf 56' lang='lat' dir='ltr'><strong>mammeaefflmlbss.</strong></span> <span class='ocrx_word' id='word_1_242' title='bbox 2171 5349 2339 5409; x_wconf 70' lang='lat' dir='ltr'><strong>Patet</strong></span> 
     </span>
    </p>
   </div>
   <div class='ocr_carea' id='block_1_13' title="bbox 2365 2024 2395 5406">
    <p class='ocr_par' dir='ltr' id='par_1_13' title="bbox 2365 2024 2395 5406">
     <span class='ocr_line' id='line_1_39' title="bbox 2365 2024 2395 5406; baseline 0 0"><span class='ocrx_word' id='word_1_243' title='bbox 2365 2024 2395 5406; x_wconf 95' lang='lat' dir='ltr'><strong> </strong></span> 
     </span>
    </p>
   </div>
   <div class='ocr_carea' id='block_1_14' title="bbox 2853 2022 3930 2245">
    <p class='ocr_par' dir='ltr' id='par_1_14' title="bbox 2853 2022 3930 2245">
     <span class='ocr_line' id='line_1_40' title="bbox 3327 2022 3470 2092; baseline -0.014 -1"><span class='ocrx_word' id='word_1_244' title='bbox 3327 2022 3470 2092; x_wconf 76' lang='lat'><strong>271.</strong></span> 
     </span>
     <span class='ocr_line' id='line_1_41' title="bbox 2853 2176 3930 2245; baseline 0.002 -3"><span class='ocrx_word' id='word_1_245' title='bbox 2853 2177 3042 2243; x_wconf 86' lang='lat' dir='ltr'><strong>FON</strong></span> <span class='ocrx_word' id='word_1_246' title='bbox 3044 2179 3224 2243; x_wconf 69' lang='lat' dir='ltr'><strong>&#39;DAN</strong></span> <span class='ocrx_word' id='word_1_247' title='bbox 3231 2177 3396 2245; x_wconf 85' lang='lat' dir='ltr'><strong>INU</strong></span> <span class='ocrx_word' id='word_1_248' title='bbox 3399 2177 3449 2244; x_wconf 84' lang='lat' dir='ltr'>S</span> <span class='ocrx_word' id='word_1_249' title='bbox 3495 2176 3930 2244; x_wconf 87' lang='lat' dir='ltr'><strong>OALVINO.</strong></span> 
     </span>
    </p>
   </div>
   <div class='ocr_carea' id='block_1_15' title="bbox 2414 2346 4371 2603">
    <p class='ocr_par' dir='ltr' id='par_1_15' title="bbox 2414 2346 4371 2603">
     <span class='ocr_line' id='line_1_42' title="bbox 2595 2346 4371 2432; baseline 0.002 -19"><span class='ocrx_word' id='word_1_250' title='bbox 2595 2346 2997 2413; x_wconf 74' lang='lat' dir='ltr'><strong>Diuturnum</strong></span> <span class='ocrx_word' id='word_1_251' title='bbox 3032 2349 3349 2414; x_wconf 73' lang='lat' dir='ltr'><strong>silentium</strong></span> <span class='ocrx_word' id='word_1_252' title='bbox 3384 2357 3636 2415; x_wconf 76' lang='lat' dir='ltr'><strong>excusat</strong></span> <span class='ocrx_word' id='word_1_253' title='bbox 3656 2370 3725 2414; x_wconf 80' lang='lat' dir='ltr'><strong>eo</strong></span> <span class='ocrx_word' id='word_1_254' title='bbox 3745 2349 3991 2416; x_wconf 76' lang='lat' dir='ltr'><strong>nomine</strong></span> <span class='ocrx_word' id='word_1_255' title='bbox 4011 2350 4174 2430; x_wconf 68' lang='lat' dir='ltr'><strong>Quod</strong></span> <span class='ocrx_word' id='word_1_256' title='bbox 4203 2349 4371 2432; x_wconf 74' lang='lat' dir='ltr'><strong>falso</strong></span> 
     </span>
     <span class='ocr_line' id='line_1_43' title="bbox 2420 2432 4371 2515; baseline 0.002 -18"><span class='ocrx_word' id='word_1_257' title='bbox 2420 2452 2669 2498; x_wconf 78' lang='lat' dir='ltr'><strong>rumore</strong></span> <span class='ocrx_word' id='word_1_258' title='bbox 2725 2433 3008 2515; x_wconf 71' lang='lat' dir='ltr'><strong>deceptus</strong></span> <span class='ocrx_word' id='word_1_259' title='bbox 3053 2432 3384 2500; x_wconf 59' lang='lat' dir='ltr'><strong>coffinum</strong></span> <span class='ocrx_word' id='word_1_260' title='bbox 3440 2441 3748 2500; x_wconf 76' lang='lat' dir='ltr'><strong>mortuum</strong></span> <span class='ocrx_word' id='word_1_261' title='bbox 3790 2434 4135 2500; x_wconf 77' lang='lat' dir='ltr'><strong>crediderit.</strong></span> <span class='ocrx_word' id='word_1_262' title='bbox 4222 2435 4371 2501; x_wconf 84' lang='lat' dir='ltr'><strong>Iam</strong></span> 
     </span>
     <span class='ocr_line' id='line_1_44' title="bbox 2414 2517 4220 2603; baseline 0.002 -20"><span class='ocrx_word' id='word_1_263' title='bbox 2414 2517 2776 2602; x_wconf 73' lang='lat' dir='ltr'><strong>yratulatur</strong></span> <span class='ocrx_word' id='word_1_264' title='bbox 2833 2521 2892 2584; x_wconf 79' lang='lat' dir='ltr'><strong>ei</strong></span> <span class='ocrx_word' id='word_1_265' title='bbox 2947 2520 3022 2584; x_wconf 80' lang='lat' dir='ltr'><strong>de</strong></span> <span class='ocrx_word' id='word_1_266' title='bbox 3063 2520 3310 2603; x_wconf 73' lang='lat' dir='ltr'><strong>nuptiis</strong></span> <span class='ocrx_word' id='word_1_267' title='bbox 3350 2524 3406 2585; x_wconf 77' lang='lat' dir='ltr'><strong>et</strong></span> <span class='ocrx_word' id='word_1_268' title='bbox 3443 2526 3813 2601; x_wconf 70' lang='lat' dir='ltr'><strong>recuperata</strong></span> <span class='ocrx_word' id='word_1_269' title='bbox 3855 2520 4220 2586; x_wconf 77' lang='lat' dir='ltr'><strong>valetudine.</strong></span> 
     </span>
    </p>
   </div>
   <div class='ocr_carea' id='block_1_16' title="bbox 2646 2687 4167 2759">
    <p class='ocr_par' dir='ltr' id='par_1_16' title="bbox 2646 2687 4167 2759">
     <span class='ocr_line' id='line_1_45' title="bbox 2646 2687 4167 2759; baseline 0.001 -16"><span class='ocrx_word' id='word_1_270' title='bbox 2646 2690 2761 2756; x_wconf 81' lang='lat' dir='ltr'><strong>(Ex</strong></span> <span class='ocrx_word' id='word_1_271' title='bbox 2795 2689 3131 2759; x_wconf 70' lang='lat' dir='ltr'><strong>autographo</strong></span> <span class='ocrx_word' id='word_1_272' title='bbox 3167 2690 3297 2744; x_wconf 90' lang='lat' dir='ltr'><strong>bibl.</strong></span> <span class='ocrx_word' id='word_1_273' title='bbox 3335 2689 3540 2745; x_wconf 65' lang='lat' dir='ltr'><strong>Gener.</strong></span> <span class='ocrx_word' id='word_1_274' title='bbox 3575 2690 3703 2745; x_wconf 86' lang='lat' dir='ltr'><strong>Cod.</strong></span> <span class='ocrx_word' id='word_1_275' title='bbox 3741 2687 3859 2758; x_wconf 81' lang='lat'><strong>109,</strong></span> <span class='ocrx_word' id='word_1_276' title='bbox 3893 2689 3986 2746; x_wconf 80' lang='lat' dir='ltr'><strong>fol.</strong></span> <span class='ocrx_word' id='word_1_277' title='bbox 4022 2687 4167 2757; x_wconf 76' lang='lat'><strong>159.)</strong></span> 
     </span>
    </p>
   </div>
   <div class='ocr_carea' id='block_1_17' title="bbox 2595 2877 4200 3048">
    <p class='ocr_par' dir='ltr' id='par_1_17' title="bbox 2595 2877 4200 3048">
     <span class='ocr_line' id='line_1_46' title="bbox 2595 2877 3759 2962; baseline 0.001 -20"><span class='ocrx_word' id='word_1_278' title='bbox 2595 2878 2678 2942; x_wconf 91' lang='lat' dir='ltr'><strong>D.</strong></span> <span class='ocrx_word' id='word_1_279' title='bbox 2725 2877 3042 2944; x_wconf 89' lang='lat' dir='ltr'><strong>Passellio</strong></span> <span class='ocrx_word' id='word_1_280' title='bbox 3081 2878 3289 2944; x_wconf 82' lang='lat' dir='ltr'><strong>amieo</strong></span> <span class='ocrx_word' id='word_1_281' title='bbox 3330 2877 3759 2962; x_wconf 89' lang='lat' dir='ltr'><strong>integerrimo</strong></span> 
     </span>
     <span class='ocr_line' id='line_1_47' title="bbox 3776 2965 4200 3048; baseline -0.005 -18"><span class='ocrx_word' id='word_1_282' title='bbox 3776 2965 4200 3048; x_wconf 82' lang='lat' dir='ltr'><strong>Argentinae.</strong></span> 
     </span>
    </p>
   </div>
   <div class='ocr_carea' id='block_1_18' title="bbox 2423 3098 4381 4725">
    <p class='ocr_par' dir='ltr' id='par_1_18' title="bbox 2423 3098 4381 4725">
     <span class='ocr_line' id='line_1_48' title="bbox 2597 3098 4371 3183; baseline 0.001 -18"><span class='ocrx_word' id='word_1_283' title='bbox 2597 3099 2908 3168; x_wconf 90' lang='lat' dir='ltr'><strong>Officium</strong></span> <span class='ocrx_word' id='word_1_284' title='bbox 2963 3102 3039 3166; x_wconf 91' lang='lat' dir='ltr'><strong>in</strong></span> <span class='ocrx_word' id='word_1_285' title='bbox 3094 3098 3434 3166; x_wconf 89' lang='lat' dir='ltr'><strong>scribendo</strong></span> <span class='ocrx_word' id='word_1_286' title='bbox 3488 3119 3706 3165; x_wconf 92' lang='lat' dir='ltr'><strong>meum</strong></span> <span class='ocrx_word' id='word_1_287' title='bbox 3760 3101 4109 3183; x_wconf 89' lang='lat' dir='ltr'><strong>postremis</strong></span> <span class='ocrx_word' id='word_1_288' title='bbox 4161 3098 4371 3172; x_wconf 86' lang='lat' dir='ltr'><strong>literis</strong></span> 
     </span>
     <span class='ocr_line' id='line_1_49' title="bbox 2425 3185 4370 3272; baseline 0 -21"><span class='ocrx_word' id='word_1_289' title='bbox 2425 3205 2730 3253; x_wconf 88' lang='lat' dir='ltr'><strong>accusare</strong></span> <span class='ocrx_word' id='word_1_290' title='bbox 2772 3185 3035 3264; x_wconf 86' lang='lat' dir='ltr'><strong>videris,</strong></span> <span class='ocrx_word' id='word_1_291' title='bbox 3080 3195 3146 3253; x_wconf 85' lang='lat' dir='ltr'><strong>et</strong></span> <span class='ocrx_word' id='word_1_292' title='bbox 3181 3185 3457 3251; x_wconf 88' lang='lat' dir='ltr'><strong>eandem</strong></span> <span class='ocrx_word' id='word_1_293' title='bbox 3490 3185 3563 3250; x_wconf 89' lang='lat' dir='ltr'><strong>in</strong></span> <span class='ocrx_word' id='word_1_294' title='bbox 3606 3207 3711 3251; x_wconf 92' lang='lat' dir='ltr'><strong>me</strong></span> <span class='ocrx_word' id='word_1_295' title='bbox 3745 3185 4221 3272; x_wconf 84' lang='lat' dir='ltr'><strong>negligentiam</strong></span> <span class='ocrx_word' id='word_1_296' title='bbox 4263 3206 4370 3251; x_wconf 90' lang='lat' dir='ltr'><strong>ar·</strong></span> 
     </span>
     <span class='ocr_line' id='line_1_50' title="bbox 2423 3270 4373 3356; baseline -0.001 -19"><span class='ocrx_word' id='word_1_297' title='bbox 2423 3292 2626 3356; x_wconf 80' lang='lat' dir='ltr'><strong>gnere</strong></span> <span class='ocrx_word' id='word_1_298' title='bbox 2684 3293 2882 3355; x_wconf 87' lang='lat' dir='ltr'><strong>quam</strong></span> <span class='ocrx_word' id='word_1_299' title='bbox 2939 3274 3124 3355; x_wconf 91' lang='lat' dir='ltr'><strong>prius</strong></span> <span class='ocrx_word' id='word_1_300' title='bbox 3182 3272 3257 3336; x_wconf 90' lang='lat' dir='ltr'><strong>in</strong></span> <span class='ocrx_word' id='word_1_301' title='bbox 3318 3271 3523 3337; x_wconf 74' lang='lat' dir='ltr'><strong>fratre</strong></span> <span class='ocrx_word' id='word_1_302' title='bbox 3580 3278 3949 3339; x_wconf 82' lang='lat' dir='ltr'><strong>notaveras.</strong></span> <span class='ocrx_word' id='word_1_303' title='bbox 4046 3270 4373 3354; x_wconf 88' lang='lat' dir='ltr'><strong>Displicet</strong></span> 
     </span>
     <span class='ocr_line' id='line_1_51' title="bbox 2423 3355 4373 3442; baseline 0 -19"><span class='ocrx_word' id='word_1_304' title='bbox 2423 3377 2584 3423; x_wconf 88' lang='lat' dir='ltr'><strong>sane</strong></span> <span class='ocrx_word' id='word_1_305' title='bbox 2628 3365 2696 3423; x_wconf 91' lang='lat' dir='ltr'><strong>et</strong></span> <span class='ocrx_word' id='word_1_306' title='bbox 2734 3357 2967 3441; x_wconf 85' lang='lat' dir='ltr'><strong>pudet,</strong></span> <span class='ocrx_word' id='word_1_307' title='bbox 3027 3357 3231 3424; x_wconf 87' lang='lat' dir='ltr'><strong>talem</strong></span> <span class='ocrx_word' id='word_1_308' title='bbox 3283 3364 3350 3421; x_wconf 90' lang='lat' dir='ltr'><strong>te</strong></span> <span class='ocrx_word' id='word_1_309' title='bbox 3408 3355 3488 3421; x_wconf 92' lang='lat' dir='ltr'><strong>de</strong></span> <span class='ocrx_word' id='word_1_310' title='bbox 3532 3363 3808 3441; x_wconf 81' lang='lat' dir='ltr'><strong>utroque</strong></span> <span class='ocrx_word' id='word_1_311' title='bbox 3850 3357 4229 3442; x_wconf 91' lang='lat' dir='ltr'><strong>opinionem</strong></span> <span class='ocrx_word' id='word_1_312' title='bbox 4271 3357 4373 3423; x_wconf 88' lang='lat' dir='ltr'><strong>in-</strong></span> 
     </span>
     <span class='ocr_line' id='line_1_52' title="bbox 2425 3439 4376 3527; baseline -0.001 -19"><span class='ocrx_word' id='word_1_313' title='bbox 2425 3441 2721 3510; x_wconf 84' lang='lat' dir='ltr'><strong>duxisse:</strong></span> <span class='ocrx_word' id='word_1_314' title='bbox 2770 3442 2887 3509; x_wconf 91' lang='lat' dir='ltr'><strong>sed</strong></span> <span class='ocrx_word' id='word_1_315' title='bbox 2929 3443 3056 3508; x_wconf 86' lang='lat' dir='ltr'><strong>hoc</strong></span> <span class='ocrx_word' id='word_1_316' title='bbox 3097 3444 3172 3508; x_wconf 90' lang='lat' dir='ltr'><strong>in</strong></span> <span class='ocrx_word' id='word_1_317' title='bbox 3214 3441 3463 3526; x_wconf 90' lang='lat' dir='ltr'><strong>pudore</strong></span> <span class='ocrx_word' id='word_1_318' title='bbox 3504 3442 3574 3507; x_wconf 91' lang='lat' dir='ltr'><strong>id</strong></span> <span class='ocrx_word' id='word_1_319' title='bbox 3614 3463 3722 3508; x_wconf 92' lang='lat' dir='ltr'><strong>me</strong></span> <span class='ocrx_word' id='word_1_320' title='bbox 3764 3442 4157 3522; x_wconf 87' lang='lat' dir='ltr'><strong>consolatur,</strong></span> <span class='ocrx_word' id='word_1_321' title='bbox 4201 3439 4376 3527; x_wconf 90' lang='lat' dir='ltr'><strong>quod</strong></span> 
     </span>
     <span class='ocr_line' id='line_1_53' title="bbox 2426 3527 4374 3613; baseline -0.001 -19"><span class='ocrx_word' id='word_1_322' title='bbox 2426 3527 2767 3595; x_wconf 88' lang='lat' dir='ltr'><strong>silentium</strong></span> <span class='ocrx_word' id='word_1_323' title='bbox 2809 3537 3108 3596; x_wconf 89' lang='lat' dir='ltr'><strong>nostrum</strong></span> <span class='ocrx_word' id='word_1_324' title='bbox 3152 3527 3308 3593; x_wconf 90' lang='lat' dir='ltr'><strong>inde</strong></span> <span class='ocrx_word' id='word_1_325' title='bbox 3347 3528 3713 3611; x_wconf 83' lang='lat' dir='ltr'><strong>profectum</strong></span> <span class='ocrx_word' id='word_1_326' title='bbox 3754 3551 3890 3594; x_wconf 92' lang='lat' dir='ltr'><strong>non</strong></span> <span class='ocrx_word' id='word_1_327' title='bbox 3931 3536 4145 3613; x_wconf 89' lang='lat' dir='ltr'><strong>putas,</strong></span> <span class='ocrx_word' id='word_1_328' title='bbox 4201 3527 4374 3611; x_wconf 91' lang='lat' dir='ltr'><strong>quod</strong></span> 
     </span>
     <span class='ocr_line' id='line_1_54' title="bbox 2426 3611 4375 3696; baseline 0 -17"><span class='ocrx_word' id='word_1_329' title='bbox 2426 3615 2715 3681; x_wconf 89' lang='lat' dir='ltr'><strong>officium</strong></span> <span class='ocrx_word' id='word_1_330' title='bbox 2750 3615 3040 3682; x_wconf 85' lang='lat' dir='ltr'><strong>vicissim</strong></span> <span class='ocrx_word' id='word_1_331' title='bbox 3084 3622 3273 3680; x_wconf 87' lang='lat' dir='ltr'><strong>tuum</strong></span> <span class='ocrx_word' id='word_1_332' title='bbox 3309 3634 3664 3696; x_wconf 90' lang='lat' dir='ltr'><strong>curamque</strong></span> <span class='ocrx_word' id='word_1_333' title='bbox 3696 3613 3768 3679; x_wconf 90' lang='lat' dir='ltr'><strong>in</strong></span> <span class='ocrx_word' id='word_1_334' title='bbox 3803 3612 4218 3680; x_wconf 88' lang='lat' dir='ltr'><strong>rescribendo</strong></span> <span class='ocrx_word' id='word_1_335' title='bbox 4264 3611 4375 3679; x_wconf 90' lang='lat' dir='ltr'><strong>de-</strong></span> 
     </span>
     <span class='ocr_line' id='line_1_55' title="bbox 2428 3698 4377 3784; baseline -0.001 -19"><span class='ocrx_word' id='word_1_336' title='bbox 2428 3699 2808 3767; x_wconf 92' lang='lat' dir='ltr'><strong>sideremus.</strong></span> <span class='ocrx_word' id='word_1_337' title='bbox 2893 3701 3122 3784; x_wconf 88' lang='lat' dir='ltr'><strong>Neque</strong></span> <span class='ocrx_word' id='word_1_338' title='bbox 3186 3707 3364 3765; x_wconf 91' lang='lat' dir='ltr'><strong>certe</strong></span> <span class='ocrx_word' id='word_1_339' title='bbox 3418 3720 3496 3764; x_wconf 90' lang='lat' dir='ltr'><strong>ea</strong></span> <span class='ocrx_word' id='word_1_340' title='bbox 3551 3699 3675 3763; x_wconf 87' lang='lat' dir='ltr'><strong>fuit</strong></span> <span class='ocrx_word' id='word_1_341' title='bbox 3729 3698 4060 3764; x_wconf 87' lang='lat' dir='ltr'><strong>tarditatis</strong></span> <span class='ocrx_word' id='word_1_342' title='bbox 4114 3705 4377 3764; x_wconf 89' lang='lat' dir='ltr'><strong>nostrae</strong></span> 
     </span>
     <span class='ocr_line' id='line_1_56' title="bbox 2428 3782 4378 3868; baseline -0.001 -16"><span class='ocrx_word' id='word_1_343' title='bbox 2428 3806 2639 3852; x_wconf 87' lang='lat' dir='ltr'><strong>causa.</strong></span> <span class='ocrx_word' id='word_1_344' title='bbox 2729 3786 3030 3853; x_wconf 89' lang='lat' dir='ltr'><strong>Nolimus</strong></span> <span class='ocrx_word' id='word_1_345' title='bbox 3074 3786 3168 3851; x_wconf 84' lang='lat' dir='ltr'><strong>ita</strong></span> <span class='ocrx_word' id='word_1_346' title='bbox 3211 3806 3354 3851; x_wconf 89' lang='lat' dir='ltr'><strong>esse</strong></span> <span class='ocrx_word' id='word_1_347' title='bbox 3398 3782 3695 3850; x_wconf 88' lang='lat' dir='ltr'><strong>difficiles</strong></span> <span class='ocrx_word' id='word_1_348' title='bbox 3739 3785 4063 3852; x_wconf 84' lang='lat' dir='ltr'><strong>morosive</strong></span> <span class='ocrx_word' id='word_1_349' title='bbox 4106 3791 4203 3862; x_wconf 90' lang='lat' dir='ltr'><strong>ut,</strong></span> <span class='ocrx_word' id='word_1_350' title='bbox 4259 3805 4378 3868; x_wconf 90' lang='lat' dir='ltr'><strong>pro</strong></span> 
     </span>
     <span class='ocr_line' id='line_1_57' title="bbox 2427 3867 4380 3938; baseline 0.001 -2"><span class='ocrx_word' id='word_1_351' title='bbox 2427 3871 2599 3936; x_wconf 86' lang='lat' dir='ltr'><strong>binis</strong></span> <span class='ocrx_word' id='word_1_352' title='bbox 2639 3881 2755 3937; x_wconf 90' lang='lat' dir='ltr'><strong>aut</strong></span> <span class='ocrx_word' id='word_1_353' title='bbox 2797 3873 3005 3938; x_wconf 89' lang='lat' dir='ltr'><strong>ternis</strong></span> <span class='ocrx_word' id='word_1_354' title='bbox 3047 3871 3257 3938; x_wconf 89' lang='lat' dir='ltr'><strong>literis</strong></span> <span class='ocrx_word' id='word_1_355' title='bbox 3313 3871 3554 3936; x_wconf 89' lang='lat' dir='ltr'><strong>nostris</strong></span> <span class='ocrx_word' id='word_1_356' title='bbox 3611 3870 3667 3935; x_wconf 92' lang='lat' dir='ltr'><strong>si</strong></span> <span class='ocrx_word' id='word_1_357' title='bbox 3710 3870 3972 3936; x_wconf 87' lang='lat' dir='ltr'><strong>unicam</strong></span> <span class='ocrx_word' id='word_1_358' title='bbox 4016 3867 4380 3937; x_wconf 85' lang='lat' dir='ltr'><strong>reddideris</strong></span> 
     </span>
     <span class='ocr_line' id='line_1_58' title="bbox 2428 3955 4379 4042; baseline 0 -20"><span class='ocrx_word' id='word_1_359' title='bbox 2428 3955 2800 4041; x_wconf 85' lang='lat' dir='ltr'><strong>epistolam,</strong></span> <span class='ocrx_word' id='word_1_360' title='bbox 2859 3979 2996 4024; x_wconf 91' lang='lat' dir='ltr'><strong>non</strong></span> <span class='ocrx_word' id='word_1_361' title='bbox 3053 3957 3267 4042; x_wconf 89' lang='lat' dir='ltr'><strong>ample</strong></span> <span class='ocrx_word' id='word_1_362' title='bbox 3322 3964 3389 4022; x_wconf 90' lang='lat' dir='ltr'><strong>et</strong></span> <span class='ocrx_word' id='word_1_363' title='bbox 3428 3955 3700 4040; x_wconf 85' lang='lat' dir='ltr'><strong>largiter</strong></span> <span class='ocrx_word' id='word_1_364' title='bbox 3752 3956 3941 4022; x_wconf 90' lang='lat' dir='ltr'><strong>nobis</strong></span> <span class='ocrx_word' id='word_1_365' title='bbox 3976 3955 4379 4022; x_wconf 85' lang='lat' dir='ltr'><strong>satisfactum</strong></span> 
     </span>
     <span class='ocr_line' id='line_1_59' title="bbox 2427 4040 4381 4127; baseline 0 -20"><span class='ocrx_word' id='word_1_366' title='bbox 2427 4050 2751 4126; x_wconf 89' lang='lat' dir='ltr'><strong>putemus.</strong></span> <span class='ocrx_word' id='word_1_367' title='bbox 2814 4043 3045 4127; x_wconf 87' lang='lat' dir='ltr'><strong>Neque</strong></span> <span class='ocrx_word' id='word_1_368' title='bbox 3088 4044 3265 4109; x_wconf 90' lang='lat' dir='ltr'><strong>enim</strong></span> <span class='ocrx_word' id='word_1_369' title='bbox 3307 4042 3404 4109; x_wconf 86' lang='lat' dir='ltr'><strong>ita</strong></span> <span class='ocrx_word' id='word_1_370' title='bbox 3446 4063 3676 4108; x_wconf 90' lang='lat' dir='ltr'><strong>sumus</strong></span> <span class='ocrx_word' id='word_1_371' title='bbox 3719 4041 3942 4126; x_wconf 88' lang='lat' dir='ltr'><strong>inepto</strong></span> <span class='ocrx_word' id='word_1_372' title='bbox 3985 4040 4229 4107; x_wconf 90' lang='lat' dir='ltr'><strong>iudicio</strong></span> <span class='ocrx_word' id='word_1_373' title='bbox 4264 4051 4381 4107; x_wconf 88' lang='lat' dir='ltr'><strong>aut</strong></span> 
     </span>
     <span class='ocr_line' id='line_1_60' title="bbox 2427 4127 4377 4214; baseline -0.002 -21"><span class='ocrx_word' id='word_1_374' title='bbox 2427 4149 2651 4193; x_wconf 91' lang='lat' dir='ltr'><strong>rerum</strong></span> <span class='ocrx_word' id='word_1_375' title='bbox 2691 4129 2927 4214; x_wconf 87' lang='lat' dir='ltr'><strong>ignari,</strong></span> <span class='ocrx_word' id='word_1_376' title='bbox 2972 4136 3049 4194; x_wconf 89' lang='lat' dir='ltr'><strong>ut</strong></span> <span class='ocrx_word' id='word_1_377' title='bbox 3083 4149 3215 4193; x_wconf 91' lang='lat' dir='ltr'><strong>non</strong></span> <span class='ocrx_word' id='word_1_378' title='bbox 3260 4129 3419 4194; x_wconf 89' lang='lat' dir='ltr'><strong>satis</strong></span> <span class='ocrx_word' id='word_1_379' title='bbox 3462 4128 3841 4193; x_wconf 84' lang='lat' dir='ltr'><strong>noverimus</strong></span> <span class='ocrx_word' id='word_1_380' title='bbox 3878 4127 4069 4210; x_wconf 84' lang='lat' dir='ltr'><strong>longe</strong></span> <span class='ocrx_word' id='word_1_381' title='bbox 4114 4127 4377 4210; x_wconf 84' lang='lat' dir='ltr'><strong>gravio-</strong></span> 
     </span>
     <span class='ocr_line' id='line_1_61' title="bbox 2428 4210 4378 4299; baseline -0.001 -19"><span class='ocrx_word' id='word_1_382' title='bbox 2428 4212 2609 4280; x_wconf 89' lang='lat' dir='ltr'><strong>ribus</strong></span> <span class='ocrx_word' id='word_1_383' title='bbox 2653 4215 2927 4299; x_wconf 86' lang='lat' dir='ltr'><strong>negotiis</strong></span> <span class='ocrx_word' id='word_1_384' title='bbox 2973 4213 3252 4279; x_wconf 88' lang='lat' dir='ltr'><strong>detineri</strong></span> <span class='ocrx_word' id='word_1_385' title='bbox 3292 4221 3385 4294; x_wconf 86' lang='lat' dir='ltr'><strong>te,</strong></span> <span class='ocrx_word' id='word_1_386' title='bbox 3442 4234 3636 4297; x_wconf 89' lang='lat' dir='ltr'><strong>quam</strong></span> <span class='ocrx_word' id='word_1_387' title='bbox 3692 4222 3770 4278; x_wconf 88' lang='lat' dir='ltr'><strong>ut</strong></span> <span class='ocrx_word' id='word_1_388' title='bbox 3819 4215 3886 4277; x_wconf 90' lang='lat' dir='ltr'><strong>in</strong></span> <span class='ocrx_word' id='word_1_389' title='bbox 3947 4210 4378 4278; x_wconf 86' lang='lat' dir='ltr'><strong>familiaribus</strong></span> 
     </span>
     <span class='ocr_line' id='line_1_62' title="bbox 2428 4297 4374 4386; baseline -0.002 -19"><span class='ocrx_word' id='word_1_390' title='bbox 2428 4300 2719 4383; x_wconf 90' lang='lat' dir='ltr'><strong>epistolis</strong></span> <span class='ocrx_word' id='word_1_391' title='bbox 2744 4300 2791 4386; x_wconf 89' lang='lat'><strong>¹)</strong></span> <span class='ocrx_word' id='word_1_392' title='bbox 2837 4302 3048 4364; x_wconf 89' lang='lat' dir='ltr'><strong>otium</strong></span> <span class='ocrx_word' id='word_1_393' title='bbox 3105 4307 3298 4365; x_wconf 87' lang='lat' dir='ltr'><strong>teras.</strong></span> <span class='ocrx_word' id='word_1_394' title='bbox 3384 4299 3646 4365; x_wconf 85' lang='lat' dir='ltr'><strong>Instant</strong></span> <span class='ocrx_word' id='word_1_395' title='bbox 3698 4300 3815 4365; x_wconf 88' lang='lat' dir='ltr'><strong>tibi</strong></span> <span class='ocrx_word' id='word_1_396' title='bbox 3865 4297 4164 4381; x_wconf 89' lang='lat' dir='ltr'><strong>plurimi,</strong></span> <span class='ocrx_word' id='word_1_397' title='bbox 4223 4297 4374 4377; x_wconf 89' lang='lat' dir='ltr'><strong>scio,</strong></span> 
     </span>
     <span class='ocr_line' id='line_1_63' title="bbox 2429 4383 4379 4471; baseline -0.001 -20"><span class='ocrx_word' id='word_1_398' title='bbox 2429 4387 2488 4451; x_wconf 90' lang='lat' dir='ltr'><strong>si</strong></span> <span class='ocrx_word' id='word_1_399' title='bbox 2531 4407 2662 4451; x_wconf 91' lang='lat' dir='ltr'><strong>non</strong></span> <span class='ocrx_word' id='word_1_400' title='bbox 2709 4386 3066 4464; x_wconf 88' lang='lat' dir='ltr'><strong>amiciores,</strong></span> <span class='ocrx_word' id='word_1_401' title='bbox 3128 4383 3456 4471; x_wconf 89' lang='lat' dir='ltr'><strong>digniores</strong></span> <span class='ocrx_word' id='word_1_402' title='bbox 3500 4393 3693 4464; x_wconf 87' lang='lat' dir='ltr'><strong>certe,</strong></span> <span class='ocrx_word' id='word_1_403' title='bbox 3739 4384 3975 4468; x_wconf 90' lang='lat' dir='ltr'><strong>quibus</strong></span> <span class='ocrx_word' id='word_1_404' title='bbox 4020 4391 4087 4447; x_wconf 90' lang='lat' dir='ltr'><strong>te</strong></span> <span class='ocrx_word' id='word_1_405' title='bbox 4125 4384 4379 4466; x_wconf 92' lang='lat' dir='ltr'><strong>impen-</strong></span> 
     </span>
     <span class='ocr_line' id='line_1_64' title="bbox 2429 4468 4380 4555; baseline -0.002 -18"><span class='ocrx_word' id='word_1_406' title='bbox 2429 4469 2569 4538; x_wconf 89' lang='lat' dir='ltr'><strong>das.</strong></span> <span class='ocrx_word' id='word_1_407' title='bbox 2657 4471 2800 4538; x_wconf 92' lang='lat' dir='ltr'><strong>Illis</strong></span> <span class='ocrx_word' id='word_1_408' title='bbox 2844 4479 2918 4537; x_wconf 94' lang='lat' dir='ltr'><strong>ut</strong></span> <span class='ocrx_word' id='word_1_409' title='bbox 2962 4493 3227 4555; x_wconf 89' lang='lat' dir='ltr'><strong>operam</strong></span> <span class='ocrx_word' id='word_1_410' title='bbox 3273 4479 3458 4536; x_wconf 87' lang='lat' dir='ltr'><strong>tuam</strong></span> <span class='ocrx_word' id='word_1_411' title='bbox 3513 4492 3650 4534; x_wconf 92' lang='lat' dir='ltr'><strong>non</strong></span> <span class='ocrx_word' id='word_1_412' title='bbox 3690 4468 4093 4546; x_wconf 84' lang='lat' dir='ltr'><strong>invidemus,</strong></span> <span class='ocrx_word' id='word_1_413' title='bbox 4149 4469 4243 4535; x_wconf 89' lang='lat' dir='ltr'><strong>ita</strong></span> <span class='ocrx_word' id='word_1_414' title='bbox 4297 4490 4380 4534; x_wconf 83' lang='lat' dir='ltr'><strong>ex</strong></span> 
     </span>
     <span class='ocr_line' id='line_1_65' title="bbox 2429 4554 4380 4641; baseline -0.001 -20"><span class='ocrx_word' id='word_1_415' title='bbox 2429 4576 2507 4621; x_wconf 89' lang='lat' dir='ltr'><strong>ea</strong></span> <span class='ocrx_word' id='word_1_416' title='bbox 2565 4557 2952 4641; x_wconf 87' lang='lat' dir='ltr'><strong>particulam</strong></span> <span class='ocrx_word' id='word_1_417' title='bbox 3006 4558 3288 4641; x_wconf 87' lang='lat' dir='ltr'><strong>aliquam</strong></span> <span class='ocrx_word' id='word_1_418' title='bbox 3351 4556 3697 4622; x_wconf 82' lang='lat' dir='ltr'><strong>vendicare</strong></span> <span class='ocrx_word' id='word_1_419' title='bbox 3757 4555 3948 4620; x_wconf 89' lang='lat' dir='ltr'><strong>nobis</strong></span> <span class='ocrx_word' id='word_1_420' title='bbox 4006 4554 4203 4620; x_wconf 90' lang='lat' dir='ltr'><strong>licere</strong></span> <span class='ocrx_word' id='word_1_421' title='bbox 4260 4577 4380 4638; x_wconf 93' lang='lat' dir='ltr'><strong>pro</strong></span> 
     </span>
     <span class='ocr_line' id='line_1_66' title="bbox 2429 4639 4380 4725; baseline -0.002 -17"><span class='ocrx_word' id='word_1_422' title='bbox 2429 4653 2658 4709; x_wconf 89' lang='lat' dir='ltr'><strong>nostra</strong></span> <span class='ocrx_word' id='word_1_423' title='bbox 2702 4644 2992 4710; x_wconf 82' lang='lat' dir='ltr'><strong>amicitia</strong></span> <span class='ocrx_word' id='word_1_424' title='bbox 3034 4642 3452 4709; x_wconf 88' lang='lat' dir='ltr'><strong>confidimus:</strong></span> <span class='ocrx_word' id='word_1_425' title='bbox 3520 4662 3649 4725; x_wconf 88' lang='lat' dir='ltr'><strong>qua</strong></span> <span class='ocrx_word' id='word_1_426' title='bbox 3706 4639 3777 4706; x_wconf 88' lang='lat' dir='ltr'><strong>in</strong></span> <span class='ocrx_word' id='word_1_427' title='bbox 3835 4662 3908 4705; x_wconf 91' lang='lat' dir='ltr'><strong>re</strong></span> <span class='ocrx_word' id='word_1_428' title='bbox 3949 4639 4221 4706; x_wconf 87' lang='lat' dir='ltr'><strong>infitiari</strong></span> <span class='ocrx_word' id='word_1_429' title='bbox 4265 4661 4380 4705; x_wconf 90' lang='lat' dir='ltr'><strong>no-</strong></span> 
     </span>
    </p>
   </div>
   <div class='ocr_carea' id='block_1_19' title="bbox 2427 4784 2828 4793">
    <p class='ocr_par' dir='ltr' id='par_1_19' title="bbox 2427 4784 2828 4793">
     <span class='ocr_line' id='line_1_67' title="bbox 2427 4784 2828 4793; baseline 0 1374"><span class='ocrx_word' id='word_1_430' title='bbox 2427 4784 2828 4793; x_wconf 95' lang='lat' dir='ltr'><strong> </strong></span> 
     </span>
    </p>
   </div>
   <div class='ocr_carea' id='block_1_20' title="bbox 2429 4861 4386 5420">
    <p class='ocr_par' dir='ltr' id='par_1_20' title="bbox 2429 4861 4386 5420">
     <span class='ocr_line' id='line_1_68' title="bbox 2430 4861 4381 4945; baseline -0.004 -24"><span class='ocrx_word' id='word_1_431' title='bbox 2430 4878 2499 4921; x_wconf 73' lang='lat' dir='ltr'><strong>⁶oe</strong></span> <span class='ocrx_word' id='word_1_432' title='bbox 2531 4865 2665 4934; x_wconf 74' lang='lat' dir='ltr'><strong>ipsa</strong></span> <span class='ocrx_word' id='word_1_433' title='bbox 2697 4865 2935 4933; x_wconf 70' lang='lat' dir='ltr'><strong>epistola</strong></span> <span class='ocrx_word' id='word_1_434' title='bbox 2974 4864 3267 4920; x_wconf 63' lang='lat' dir='ltr'><strong>Calvio-com</strong></span> <span class='ocrx_word' id='word_1_435' title='bbox 3315 4867 3432 4918; x_wconf 73' lang='lat' dir='ltr'><strong>tm</strong></span> <span class='ocrx_word' id='word_1_436' title='bbox 3465 4864 3724 4945; x_wconf 52' lang='lat' dir='ltr'><strong>mpori?</strong></span> <span class='ocrx_word' id='word_1_437' title='bbox 3755 4861 4119 4945; x_wconf 66' lang='lat' dir='ltr'><strong>Arqentprati</strong></span> <span class='ocrx_word' id='word_1_438' title='bbox 4151 4874 4381 4915; x_wconf 71' lang='lat' dir='ltr'><strong>conmo-</strong></span> 
     </span>
     <span class='ocr_line' id='line_1_69' title="bbox 2429 4930 4382 5082; baseline -0.003 -92"><span class='ocrx_word' id='word_1_439' title='bbox 2429 4939 2618 5059; x_wconf 57' lang='lat' dir='ltr'><strong>:em</strong></span> <span class='ocrx_word' id='word_1_440' title='bbox 2662 4949 2794 5015; x_wconf 59' lang='lat' dir='ltr'><strong>esse.</strong></span> <span class='ocrx_word' id='word_1_441' title='bbox 2864 4935 2938 4989; x_wconf 78' lang='lat' dir='ltr'><strong>A.</strong></span> <span class='ocrx_word' id='word_1_442' title='bbox 2976 4932 3456 5082; x_wconf 39' lang='lat' dir='ltr'>154*er</span> <span class='ocrx_word' id='word_1_443' title='bbox 3505 4932 3751 5014; x_wconf 57' lang='lat' dir='ltr'><strong>Paneas</strong></span> <span class='ocrx_word' id='word_1_444' title='bbox 3793 4932 4024 5055; x_wconf 46' lang='lat' dir='ltr'><strong>&#39;Q</strong></span> <span class='ocrx_word' id='word_1_445' title='bbox 4035 4930 4382 5053; x_wconf 53' lang='lat' dir='ltr'><strong>Nemauszcoe:</strong></span> 
     </span>
     <span class='ocr_line' id='line_1_70' title="bbox 2431 5069 4298 5154; baseline -0.004 -24"><span class='ocrx_word' id='word_1_446' title='bbox 2431 5079 2582 5129; x_wconf 66' lang='lat' dir='ltr'><strong>mse</strong></span> <span class='ocrx_word' id='word_1_447' title='bbox 2613 5089 2817 5129; x_wconf 71' lang='lat' dir='ltr'><strong>mma</strong></span> <span class='ocrx_word' id='word_1_448' title='bbox 2847 5078 3048 5154; x_wconf 45' lang='lat' dir='ltr'><strong>postea·</strong></span> <span class='ocrx_word' id='word_1_449' title='bbox 3073 5071 3288 5127; x_wconf 67' lang='lat' dir='ltr'><strong>demvm</strong></span> <span class='ocrx_word' id='word_1_450' title='bbox 3321 5070 3480 5126; x_wconf 70' lang='lat' dir='ltr'><strong>adut.</strong></span> <span class='ocrx_word' id='word_1_451' title='bbox 3555 5071 3637 5138; x_wconf 73' lang='lat' dir='ltr'><strong>Of.</strong></span> <span class='ocrx_word' id='word_1_452' title='bbox 3673 5070 3750 5126; x_wconf 86' lang='lat' dir='ltr'><strong>N.</strong></span> <span class='ocrx_word' id='word_1_453' title='bbox 3792 5069 3913 5150; x_wconf 60' lang='lat'><strong>1253</strong></span> <span class='ocrx_word' id='word_1_454' title='bbox 4065 5135 4078 5148; x_wconf 85' lang='lat'><strong>.</strong></span> <span class='ocrx_word' id='word_1_455' title='bbox 4118 5136 4130 5149; x_wconf 36' lang='lat'>⁸</span> <span class='ocrx_word' id='word_1_456' title='bbox 4287 5137 4298 5148; x_wconf 48' lang='lat'><em>·</em></span> 
     </span>
     <span class='ocr_line' id='line_1_71' title="bbox 2436 5134 4385 5334; baseline -0.003 -42"><span class='ocrx_word' id='word_1_457' title='bbox 2436 5143 2658 5292; x_wconf 49' lang='lat' dir='ltr'><strong>a:</strong></span> <span class='ocrx_word' id='word_1_458' title='bbox 2730 5138 4160 5334; x_wconf 43' lang='lat' dir='ltr'><strong>&amp;amafaewmm</strong></span> <span class='ocrx_word' id='word_1_459' title='bbox 4203 5134 4385 5274; x_wconf 62' lang='lat' dir='ltr'><strong>a:</strong></span> 
     </span>
     <span class='ocr_line' id='line_1_72' title="bbox 2437 5275 4386 5420; baseline -0.003 -14"><span class='ocrx_word' id='word_1_460' title='bbox 2437 5281 2801 5407; x_wconf 41' lang='lat' dir='ltr'><strong>marzo</strong></span> <span class='ocrx_word' id='word_1_461' title='bbox 2816 5356 3149 5420; x_wconf 57' lang='lat' dir='ltr'><strong>usurpatum</strong></span> <span class='ocrx_word' id='word_1_462' title='bbox 3181 5350 3284 5406; x_wconf 74' lang='lat' dir='ltr'><strong>hoc</strong></span> <span class='ocrx_word' id='word_1_463' title='bbox 3314 5294 3545 5404; x_wconf 48' lang='lat' dir='ltr'><strong>maiza&amp;</strong></span> <span class='ocrx_word' id='word_1_464' title='bbox 3601 5346 3684 5413; x_wconf 74' lang='lat' dir='ltr'><strong>Cf.</strong></span> <span class='ocrx_word' id='word_1_465' title='bbox 3720 5291 3958 5415; x_wconf 57' lang='lat' dir='ltr'><strong>N.⁸{&#39;17‚</strong></span> <span class='ocrx_word' id='word_1_466' title='bbox 3994 5359 4173 5416; x_wconf 72' lang='lat' dir='ltr'><strong>supra</strong></span> <span class='ocrx_word' id='word_1_467' title='bbox 4195 5275 4386 5416; x_wconf 46' lang='grc' dir='ltr'><strong>ῗσὲἔ.</strong></span> 
     </span>
    </p>
   </div>
  </div>
 </body>
</html>
