5050 6167
429 417 545 482 718

426 624 616 688 quam
657 603 889 671 ardeas
940 604 1078 670 zelo
1132 603 1366 672 domus
1411 605 1557 671 Dei.
1646 601 1838 686 Quae
1880 612 2026 671 acta
2068 611 2225 670 sunt
2265 602 2373 669 his

427 689 717 769 comitiis,
761 691 895 755 imo
938 711 1104 774 quae
1148 712 1282 758 non
1326 699 1491 770 acta,
1546 710 1896 776 cognosces
1938 689 2263 773 copiosius
2305 697 2374 755 et

427 775 662 841 certius
727 795 811 841 ex
876 776 961 841 D.
1020 775 1261 842 Buceri
1316 776 1543 843 literis.
1647 775 1882 860 Itaque
1946 776 2368 859 supersedeo:

424 881 573 925 nam
617 859 703 925 ad
743 860 874 927 iter
915 863 1245 928 accinctus
1289 863 1452 928 haec
1500 861 1752 945 scripsi.

587 946 873 1030 Insuper
915 948 1082 1012 mihi
1123 948 1196 1012 in
1239 957 1527 1014 mentem
1571 948 1757 1013 venit
1797 946 1971 1031 quod
2016 967 2227 1030 nuper
2268 946 2371 1011 in-

422 1039 523 1099 ter
563 1053 682 1099 nos
726 1033 1080 1117 agebamus
1124 1033 1206 1099 de
1247 1033 1640 1118 quibusdam
1685 1033 1958 1117 hymnis
1975 1032 2033 1115 ⁶)
2088 1053 2163 1098 ac
2221 1052 2371 1097 sen-

422 1118 642 1183 tentiis
712 1120 1121 1204 gravioribus
1186 1140 1409 1186 sacrae
1473 1119 1836 1202 scripturae
1901 1115 2236 1184 vertendis
2300 1118 2373 1182 in

421 1203 757 1289 rythmum
801 1204 1131 1288 gallicum,
1185 1213 1263 1270 ut
1304 1227 1383 1271 ea
1426 1206 1496 1270 in
1535 1213 1762 1271 nostro
1807 1203 2049 1287 templo
2094 1201 2374 1269 subinde

418 1310 818 1356 caneremus.
885 1290 1004 1357 Uti
1046 1290 1128 1355 de
1171 1312 1343 1375 agno
1374 1289 1674 1374 paschali
1717 1311 1793 1356 ac
1834 1288 1914 1355 de
1958 1288 2372 1368 eucharistia,

419 1373 497 1441 de
540 1398 591 1442 s.
638 1377 891 1459 spiritu,
937 1374 1018 1441 de
1059 1378 1492 1460 poenitentia,
1546 1375 1677 1441 fide
1719 1384 1859 1455 etc„
1913 1373 1993 1440 de
2036 1395 2210 1458 pace,
2254 1394 2375 1457 pro

417 1460 607 1540 bello,
666 1470 848 1545 peste
894 1470 1012 1528 etc.
1101 1462 1234 1528 Hic
1278 1463 1334 1528 si
1376 1463 1623 1547 poteris
1669 1460 1913 1544 ahquid
1957 1461 2059 1525 vel
2109 1459 2189 1525 ab
2231 1462 2375 1543 ipso

414 1548 498 1612 D.
527 1546 779 1613 Maroto
820 1547 927 1614 vel
971 1546 1099 1613 alio
1143 1547 1362 1631 aliquo
1404 1548 1778 1631 impetrare,
1822 1546 2015 1612 nobis
2059 1547 2186 1611 eris
2224 1566 2375 1631 gra-

414 1633 728 1699 tissimus.
798 1632 1117 1718 Oupimus
1161 1634 1337 1699 enim
1382 1634 1553 1700 hanc
1597 1632 2023 1710 ecclesiolam,
2066 1651 2230 1715 quae
2272 1632 2375 1696 in·

414 1718 551 1785 dies
597 1726 906 1804 augetur,
967 1719 1212 1785 habere
1267 1720 1491 1784 omnia
1531 1739 1698 1802 quae
1738 1718 1824 1782 ad
1867 1718 2177 1800 pict-atem
2223 1737 2373 1800 per-

414 1805 626 1872 tinere
669 1807 923 1889 possint
956 1806 1417 1870 instrumenta.
1504 1804 1599 1870 Et
1638 1802 1918 1887 optarim
1965 1802 2046 1868 ad
2092 1824 2209 1868 nos
2254 1802 2374 1866 ali·

414 1890 675 1974 quando
711 1891 1050 1976 scriberes,
1089 1891 1577 1973 hortarer-isque
1605 1909 1863 1972 semper
1884 1888 1966 1954 ad
1990 1887 2375 1970 disciplinae

412 1998 562 2043 cum
620 1977 862 2077 pietate
930 1977 1478 2043 observationem.
1575 1974 1725 2058 Ipse
1792 1974 1991 2038 etiam
2053 1972 2373 2057 intelligis

412 2069 645 2144 quanti
688 2063 822 2128 sint
861 2063 1121 2129 futurae
1165 2060 1662 2138 consolationes,
1709 2060 1762 2125 si
1808 2080 1969 2143 quas
2006 2059 2123 2125 abs
2157 2067 2225 2122 te
2268 2078 2374 2123 re·

411 2150 796 2232 ceperimus.
868 2148 1058 2231 Quae
1101 2149 1332 2225 scribo,
1376 2167 1506 2212 non
1545 2155 1623 2211 ut
1663 2145 1880 2225 officii,
1926 2143 2040 2211 sed
2085 2151 2160 2210 ut
2182 2144 2256 2210 T.
2281 2143 2369 2210 H.

408 2241 679 2301 nostrae
722 2235 1131 2302 necessitatis
1173 2232 1765 2300 commonefaciam.

584 2321 798 2387 Uxori
841 2341 993 2387 cum
1037 2320 1348 2385 universa
1406 2317 1659 2385 familia
1701 2324 1768 2382 et
1811 2315 2198 2401 symmystis
2237 2314 2373 2381 tuis

409 2406 718 2472 omnibus
737 2458 752 2482 ,
822 2407 1099 2471 Antonio
1152 2404 1386 2483 frat-re,
1456 2403 1708 2469 Davide
1763 2410 1832 2467 et
1894 2400 2150 2467 Nicolao
2204 2400 2372 2466 bene

408 2508 581 2575 opto.
673 2490 982 2558 Christus
1023 2491 1217 2557 Iesus
1272 2505 1335 2555 te
1377 2489 1565 2556 nobis
1608 2498 1805 2572 atque
1847 2486 2158 2553 ecclesiae
2214 2505 2371 2552 suae

409 2576 523 2643 diu
569 2585 791 2645 servet
831 2577 1243 2643 incolumem.
1333 2576 1625 2660 Raptim.
1706 2573 2115 2658 Argentinae
2160 2576 2195 2631 7
2245 2570 2371 2636 Oa-

408 2663 642 2730 lendas
685 2663 915 2729 Iunias
967 2668 1147 2728 1544.
2283 2712 2287 2717 .

801 2856 810 2866 .
861 2801 1046 2867 Tuus
1085 2799 1710 2865 observantissimus
1750 2796 1927 2862 filius
1970 2796 2040 2860 in
2083 2792 2373 2860 Domino

1221 2884 1641 2950 Valerandus
1680 2880 2008 2948 Poullain.

584 3092 757 3158 Heri
801 3112 888 3158 ex
938 3089 1221 3175 quodam
1263 3089 1550 3156 Metensi
1596 3088 1875 3173 cognovi
1915 3086 2147 3151 urbem
2190 3084 2373 3149 illam

404 3179 597 3246 omni
637 3186 841 3259 metu,
885 3180 996 3262 qui
1032 3176 1254 3261 paucis
1296 3184 1451 3241 ante
1498 3173 1727 3240 diebus
1759 3170 2189 3256 impenderat,
2234 3191 2374 3236 om-

405 3267 567 3332 nino
613 3264 959 3331 liberatam
1020 3263 1233 3347 gratia
1272 3262 1357 3327 D.
1401 3260 1573 3326 Iesu.
1663 3258 1833 3324 Nam
1878 3277 2133 3342 prorex-
2161 3255 2372 3339 Neap.

403 3350 516 3418 ille
562 3351 775 3416 altero
817 3349 1142 3416 adventus
1196 3349 1316 3417 sui
1345 3346 1450 3412 die
1491 3345 1851 3429 improviso
1891 3343 2130 3410 nuncio
2172 3340 2373 3408 advo-

406 3447 600 3504 catus
664 3436 995 3515 discessit,
1075 3455 1270 3517 quem
1344 3432 1542 3519 paulo
1609 3441 1757 3515 post
1818 3431 2208 3513 insequutus
2272 3433 2375 3493 est

405 3543 634 3590 comes
680 3522 1061 3600 Guilelmm,
1106 3519 1219 3604 qui
1262 3540 1439 3585 nunc
1459 3515 2006 3600 Luxcmburgum
2051 3513 2369 3581 obsident.

405 3608 485 3676 Si
532 3628 674 3675 non
739 3609 821 3674 ad
878 3608 1057 3693 ipsos
1113 3606 1334 3673 veniat
1392 3604 1732 3683 ansar,'¹)
1791 3599 2088 3687 gaudebo
2142 3607 2209 3665 et
2266 3597 2374 3664 de-

406 3713 684 3797 sperare
727 3695 1042 3760 desinam.
1118 3691 1443 3793 Quamvis
1478 3711 1519 3756 a
1537 3688 1826 3755 Domino
1860 3684 2133 3769 pendeo,
2178 3705 2375 3767 quem

406 3803 545 3935 :233
595 3802 753 3932 313³
753 3776 1370 3933 ἓὲἕέοοίοαῖἶωὸῗο
1402 3797 1621 3927 Ἧῖᾏ
1643 3769 2375 3939 ᾶὲἑῗζῗξὲἓῖωεᾞῗὲῗ

406 3953 601 4020 cibus
657 3952 1056 4017 memineris.
1166 3948 1247 4014 Id
1313 3947 1475 4013 adeo
1540 3946 1752 4029 magis
1816 3942 2191 4009 faciendum
2242 3943 2376 4005 iam

408 4037 719 4104 intellexi
784 4036 960 4121 apud
1020 4036 1107 4102 D.
1179 4034 1558 4113 Simmiam,
1633 4032 1745 4097 ubi
1811 4028 2079 4113 quidam
2144 4027 2379 4093 nobilis

405 4125 598 4191 illinc
652 4125 786 4189 iam
826 4123 1108 4189 veniens
1152 4120 1481 4198 narravit,
1540 4117 1781 4182 multos
1822 4116 1913 4181 ibi
1957 4134 2099 4180 esse
2140 4113 2381 4196 Hispa-

407 4231 537 4277 nos
600 4219 792 4292 atque
845 4208 1055 4274 indies
1108 4206 1334 4290 plures
1378 4204 1709 4271 advenire.
1799 4201 2033 4266 Nescio
2071 4199 2227 4282 quid
2271 4199 2381 4264 hic

407 4296 747 4363 moliatur.
848 4292 986 4361 Sed
1042 4293 1288 4357 frustra
1347 4299 1547 4356 erunt
1601 4295 1873 4353 conatus
1929 4282 2382 4351 Sennacherib

626 4516 686 4582 6)
730 4515 901 4572 Vides
936 4514 1128 4571 Ganos
1159 4510 1524 4582 Arqmtomti
1555 4510 1827 4591 depositos,
1863 4505 2106 4586 westph
2143 4504 2375 4560 Germa-

409 4602 621 4672 norum
652 4592 855 4667 motos,
899 4585 1101 4640 multos
1141 4582 1318 4650 fuisse
1349 4581 1416 4661 iq·
1449 4579 1749 4662 condendas
1784 4582 1836 4631 et
1870 4575 2189 4644 convenam
2215 4574 2375 4655 psal-

408 4646 2379 4794 ’““’ἒὲἵῖἳέἔῗΞῖξέἓῶΐὲἕῗῖἲέἒἷξὲἲῖἐῗὲξῒᾞέῐἓῖᾛξὲἐ

484 4799 497 4811 ”
522 4813 574 4879 ’ᾳ
614 4793 894 4877 Garum-io
929 4794 1073 4848 edito
1110 4790 1308 4859 (Pron.
1351 4788 1456 4844 VI.
1486 4803 1553 4857 p.
1594 4786 1684 4853 15)
1716 4790 1915 4854 partes
2006 4796 2173 4852 aquas
2205 4795 2379 4882 ey-tsse

630 4933 691 4997 7)
712 4904 901 4988 'Vem‘t
933 4931 1133 4985 Metius
1164 4934 1287 4997 post
1320 4921 1859 4993 comitiaSpim-aia
1893 4920 2147 5001 absolata
2180 4917 2380 4989 (Μ.

411 5005 512 5060 Π.
550 5003 698 5069 351).
780 5000 1012 5056 Caetera
1056 5012 1200 5069 quac
1245 4996 1337 5051 hic
1376 4995 1665 5064 loquum,
1713 4991 1780 5047 de
1826 4990 2165 5046 Mctcnsmm
2210 4992 2377 5056 metu,

411 5073 594 5142 deq-uc
620 5067 1289 5194 mmmmm,
1323 5064 1606 5119 illustrare
1640 5077 1709 5118 ex
1740 5061 1949 5117 nostris
1981 5058 2232 5139 fomffigw
2263 5072 2381 5138 noy

406 5156 736 5212 posumus.
1127 5151 1259 5204 qum
1290 5139 1570 5202 receptum
1602 5137 1684 5187 cst
1716 5131 1818 5186 sub
2024 5128 2190 5209 ‘fissan
2223 5125 2378 5181 dedo-

411 5211 590 5279 nom,
652 5208 883 5265 caesari
933 5207 1240 5274 adficerent
1294 5203 1567 5258 exercitus
1618 5201 1785 5258 duces
1901 5202 2150 5254 maus
2199 5194 2377 5264 Saxo,

415 5280 684 5335 ΔΕΜ-ωε
735 5275 1274 5344 monacharum,
1324 5271 1630 5327 Gnaeum
1662 5267 2131 5338 Firmus
2180 5271 2233 5322 ct
2277 5263 2378 5321 Se-

415 5349 720 5405 baetim
755 5345 1051 5414 Selia-ain,
1085 5357 1271 5400 omo
1297 5345 1689 5412 protomus.

2210 419 2372 480 1544
2417 413 2613 482 MAI.

4302 383 4478 486 ⁷14⁸

2474 611 2707 670 contra
2761 601 3144 669 Dominum.
3245 604 3400 690 Ipse
3464 606 3628 674 velit
3690 606 4032 674 ecclesiam
4096 628 4285 674 suam
4348 606 4433 675 ab

2474 689 2780 755 omnibus
2822 689 3002 756 vitiis
3098 689 3341 756 rimum
3394 700 3818 776 repurgatam
3835 745 3851 772 ,
3899 701 3968 758 et
4011 693 4277 760 tandem
4320 714 4434 777 pa-

2474 796 2618 842 cem
2661 775 2948 859 aliquam
2990 777 3037 841 fi
3083 775 3294 843 elibus
3337 780 3477 845 suis
3518 777 3848 844 concedat.

2647 861 2732 926 D.
2781 859 3102 943 Baptista,
3147 862 3258 946 qui
3302 873 3403 930 est
3444 864 3619 947 apud
3664 864 3747 929 D.
3801 863 4172 941 Sturmium,
4219 873 4284 930 te
4327 885 4432 930 sa-

2475 946 2665 1099 ffit,
2691 946 3053 1097 ‘elapm
3068 947 3128 1035 Β)
3181 956 3407 1015 noster
3462 949 3876 1016 concionator
3928 971 4082 1016 cum
4125 951 4434 1018 universa

2615 1053 2749 1098 esio

3249 1273 3660 1284 m-

3375 1510 3523 1582 551.

2964 1645 3467 1714 FARELLUS
3514 1646 3951 1715 GALVINO.

2656 1816 2867 1884 Plura
2909 1818 3149 1900 raptim
3181 1822 3238 1882 et
3279 1817 3577 1883 succincte
3609 1818 3686 1883 de
3717 1818 3901 1884 rebus
3925 1819 4434 1890 Neocomensium

2476 1908 2534 1969 et
2592 1902 2806 1984 Vireti,
2849 1905 2996 1969 item
3038 1902 3113 1969 de
3155 1904 3411 1985 scriptis
3456 1900 3705 1968 calvini
3745 1910 3957 1971 coma
3977 1906 4435 1990 Anabaptistas

2476 1995 2534 2056 et
2576 1990 2718 2056 suis
2759 1995 2815 2056 et
2856 2009 3117 2056 suorum
3160 1990 3231 2054 in
3271 1988 3495 2054 Gallia
3535 1990 3813 2073 neqotiis.

2478 2160 2593 2227 (Ex
2628 2160 2967 2230 autographo
3001 2160 3146 2214 Bibl.
3195 2158 3982 2297 wfffflofffimemim⁶
4051 2163 4193 2232 Epp.
4230 2162 4435 2219 Fax-elli

2645 2414 3046 2481 Doctissimo
3103 2423 3171 2481 et
3238 2436 3370 2481 non
3422 2415 3647 2483 minus
3700 2417 3808 2502 pio
3864 2416 4100 2483 Ioanni
4154 2416 4436 2485 Oalvino

2473 2501 2723 2585 pastori
2794 2500 3105 2601 ecclesiae
3158 2499 3572 2569 Genevensis
3636 2502 3827 2569 tratri
3895 2510 3964 2569 et
4027 2512 4436 2590 symmystae

2474 2608 2673 2670 quam
2715 2606 3056 2653 carissimo

3846 2673 4176 2741 Genevae.

2650 2808 2721 2877 S.
2790 2808 2861 2873 Is
2904 2807 2989 2874 ad
3043 2830 3237 2893 quem
3291 2811 3555 2893 scripsit
3603 2810 3752 2894 pius
3805 2810 3932 2875 iste
3975 2810 4201 2877 David
4254 2817 4437 2880 totus

2475 2897 2735 2980 flagrat,
2791 2901 2861 2960 et
2901 2895 3156 2960 utinam
3212 2896 3306 2961 ita
3346 2896 3502 2980 igne
3544 2896 3806 2961 coelesti
3850 2903 3917 2961 et
3959 2917 4030 2962 se
4074 2897 4301 2983 digno,
4358 2906 4438 2964 ut

2475 3001 2710 3050 vereor
2751 3000 2838 3046 ne
2881 2988 3143 3046 terreno
3187 2988 3255 3046 et
3295 3002 3366 3047 se
3399 2981 3692 3065 indigno.
3782 2982 4032 3063 Ambit,
4077 2991 4152 3048 ut
4190 2983 4434 3065 ferunt,

2476 3089 2613 3134 non
2657 3066 2819 3132 adeo
2864 3064 3315 3149 expetendam.
3404 3066 3764 3134 Hominem
3798 3087 3938 3132 non
3979 3069 4276 3135 conveni.
4342 3068 4440 3135 Et

2476 3153 2603 3220 hoc
2643 3152 2811 3218 mihi
2864 3150 3102 3218 accidit
3153 3152 3314 3218 mali
3367 3150 3540 3236 quod
3589 3152 3665 3217 in
3719 3161 3909 3218 coetu
3962 3175 4225 3221 eramus
4277 3152 4441 3220 dum

2475 3246 2628 3305 tuas
2672 3259 2825 3305 cum
2883 3238 3109 3303 alteris
3153 3238 3359 3304 frater
3403 3246 3559 3303 tuus
3596 3238 3852 3319 attulit,
3881 3259 4080 3321 quem
4121 3261 4254 3307 non
4299 3237 4441 3307 vidi

2477 3336 2547 3392 et
2590 3344 2724 3389 non
2767 3344 2915 3388 sum
2960 3322 3359 3406 alloquutus.
3445 3323 3650 3390 Forte
3692 3324 3904 3409 magis
3953 3324 4255 3392 fecissem
4295 3327 4441 3391 offi-

2476 3411 2672 3478 cium.
2738 3407 3013 3475 Gaudeo
3052 3409 3128 3474 in
3170 3408 3528 3477 marmio
3566 3430 3704 3475 non
3738 3417 4003 3475 tantum
4043 3412 4246 3478 fiiisse
4279 3409 4443 3476 mali

2477 3502 2801 3581 quantum
2843 3494 3136 3578 plerique
3194 3515 3423 3561 omnes
3460 3494 3853 3562 iudicabant.
3880 3495 3932 3576 ¹)
4018 3497 4289 3581 Augent
4331 3515 4442 3562 eo-

2476 3602 2630 3647 rum
2673 3580 3052 3665 opinionem
3095 3581 3206 3663 qui
3260 3581 3426 3647 mihi
3466 3580 3541 3646 in
3591 3580 3716 3648 hoc
3759 3582 4019 3647 venisse
4059 3582 4442 3663 narrabant,

2478 3667 2805 3752 colloquia
2843 3673 2984 3732 tam
3027 3674 3212 3732 arcta
3263 3687 3430 3751 quae
3486 3665 3571 3733 ad
3613 3666 3838 3734 oscula
3891 3687 4099 3749 usque
4140 3667 4443 3747 veniunt,

2479 3754 2785 3837 quamvis
2838 3751 2947 3819 hic
3002 3753 3356 3833 inusitata,
3434 3773 3588 3819 cum
3645 3753 3727 3816 iis
3784 3752 3896 3834 qui
3950 3771 4057 3816 me
4107 3752 4446 3836 quiescere

2479 3839 2730 3906 vellent
2771 3845 2839 3904 et
2890 3858 3118 3903 omnes
3175 3847 3468 3905 caeteros
3489 3843 3527 3882 ὓ
3578 3838 3693 3920 qui
3745 3857 3881 3902 non
3934 3837 4164 3902 sinunt
4214 3837 4447 3903 vivere

2484 3944 3018 4008 unumquemque
3073 3944 3196 4007 pro
3250 3932 3440 3989 nutu.
3541 3922 3634 3987 Et
3689 3943 3848 3988 sane
3901 3943 4035 3988 non
4080 3923 4252 3988 fiunt
4294 3921 4447 3986 illae

2483 4010 2898 4076 visitationes
2942 4009 3104 4092 quin
3146 4010 3508 4075 sentiamus
3552 4008 3821 4091 aliquid,
3880 4008 4194 4072 nimirum
4239 4006 4446 4073 maio·

2485 4117 2629 4162 rem
2671 4093 3253 4161 contradictionem
3297 4103 3366 4160 et
3404 4096 3477 4159 in
3520 4093 3771 4178 collega
3786 4095 3846 4177 ²)
3892 4093 4183 4160 studium
4225 4093 4446 4158 maius

2485 4180 2780 4248 nocendi.
2868 4180 3122 4245 Verum
3168 4179 3460 4246 Domino
3504 4179 3821 4263 quidquid
3864 4189 3965 4245 est
4007 4187 4224 4243 totum
4267 4199 4444 4245 com-

2485 4267 2831 4345 mittimus,
2891 4264 3080 4331 cuius
3123 4272 3223 4330 est
3265 4287 3386 4350 pro
3433 4285 3554 4332 suo
3599 4265 3868 4330 arbitrio
3913 4264 4119 4328 malos
4160 4263 4336 4328 ferre
4380 4270 4448 4328 et

2486 4352 2732 4418 tollere.
2801 4350 3056 4417 Olfacio
3096 4351 3404 4416 nonnihil
3445 4357 3843 4417 commotum
3886 4349 4204 4433 collegam
4248 4349 4320 4413 in
4358 4354 4444 4429 te,

2484 4439 2643 4503 licet
2683 4437 2901 4520 palam
2945 4435 3114 4501 nihil
3152 4436 3536 4521 intelligam.
3624 4435 3814 4501 Bene
3856 4436 4075 4519 agitur
4116 4457 4268 4501 cum
4308 4456 4447 4500 ser-

2487 4524 2591 4590 vis
2646 4522 2916 4587 Domini
2990 4522 3158 4603 quod
3220 4543 3292 4588 se
3340 4522 3613 4589 student
3666 4521 4027 4604 approbare
4082 4521 4146 4586 ei
4210 4542 4250 4586 a
4316 4539 4448 4603 quo

2483 4609 2671 4674 missi
2716 4615 2890 4685 sunt,
2932 4618 2999 4673 et
3039 4607 3206 4673 bene
3250 4610 3488 4673 mereri
3534 4609 3613 4672 de
3656 4607 3831 4671 male
3872 4607 4295 4683 merentibus,
4341 4626 4446 4671 eo-

2487 4694 2717 4762 clesias
2762 4703 2828 4759 et
2871 4693 3388 4759 aedificat-ionem
3432 4713 3663 4758 earum
3706 4691 3995 4758 studiose
4038 4690 4345 4758 curando.

2674 4779 2956 4844 Vir-etum
2999 4778 3298 4863 intelligo
3341 4778 3663 4863 exagitari
3697 4778 3779 4843 ab
3821 4777 4157 4860 improbis.
4174 4779 4233 4863 ⁸)
4296 4775 4447 4843 Uti-

2488 4885 2645 4932 nam
2701 4867 2812 4948 qui
2868 4865 3281 4949 restinguere
3344 4863 3723 4931 incendium
3778 4862 4093 4928 deberent
4144 4884 4278 4927 non
4339 4861 4452 4928 ad-

2533 5191 2658 5253 551.
2691 5120 2755 5313 {i
2789 5119 3101 5313 Ξῗιέῲω
3135 5188 3215 5246 Ν.
3252 5186 3357 5242 542
3389 5191 3502 5244 not.
3543 5188 3592 5243 2.
3665 5188 3745 5247 Ν.
3780 5187 3884 5243 545
3916 5191 4031 5243 not.
4068 5187 4122 5242 4.

2690 5328 2727 5383 s
2786 5326 2969 5385 Rura
3001 5297 3168 5384 mia
3203 5325 3280 5384 N.
3316 5325 3440 5381 525.
