5050 6167
661 375 788 440 427

662 560 830 627 lium
881 579 966 624 ex
1005 556 1201 623 Italia
1252 554 1620 639 repulsum,
1679 560 1755 617 ut
1807 550 2136 618 indicabit.
2227 549 2362 631 Qui
2416 570 2621 632 quum

667 644 1010 713 nobiscum
1052 642 1407 708 consistere
1441 639 1692 705 utiliter
1734 638 2044 704 ecclesiae
2076 642 2381 719 nequeat,
2427 633 2508 699 ad
2554 643 2622 699 te

665 730 1013 817 pervenire
1054 730 1322 812 cupiens
1365 745 1405 790 a
1445 725 1636 790 nobis
1689 724 1812 790 tibi
1855 723 2062 788 amice
2104 719 2619 799 commendatur,

668 817 727 884 si
769 836 894 901 quo
927 814 1141 892 modo,
1185 822 1262 878 ut
1296 811 1525 896 lingua
1548 809 2101 885 Pedemontanus,
2138 811 2322 891 genti
2360 823 2620 871 vestrae

668 902 948 969 vicinior
987 902 1059 965 in
1102 897 1443 983 evangelio
1485 894 1862 961 nunciando
1897 895 2211 977 proficere
2245 892 2467 975 possit,
2512 891 2619 957 vel

669 989 868 1054 etiam
932 985 1287 1052 consistere
1352 1003 1503 1048 cum
1568 982 1706 1048 suis
1763 979 1843 1045 de
1907 980 2139 1062 quibus
2193 979 2432 1043 referet
2483 997 2617 1041 non

669 1073 909 1140 nuncio
973 1072 1082 1136 hic
1144 1068 1505 1136 scribenda.
1593 1067 1876 1132 Videtur
1933 1084 2200 1148 prorsus
2263 1063 2451 1129 nobis
2517 1064 2621 1127 vir

671 1169 937 1228 sanctus
992 1166 1060 1221 et
1108 1155 1385 1221 idoneus
1438 1151 1781 1237 evangelio
1839 1148 2196 1235 plantando
2251 1149 2508 1232 publice
2554 1158 2621 1213 et

756 1245 998 1310 'vatim
1088 1241 1240 1323 Qua
1292 1240 1492 1305 etiam
1543 1238 1797 1304 ratione
1850 1236 2048 1301 Italia
2097 1235 2329 1318 pulsus
2385 1233 2490 1299 vel
2534 1254 2620 1299 ex

669 1268 947 1397 &asciae
967 1329 1156 1394 Luca
1177 1325 1259 1392 ab
1282 1325 1684 1401 antichristo,
1721 1323 2037 1406 plurimos
2067 1320 2330 1404 reliquit
2351 1319 2619 1386 Christo

669 1416 898 1483 fideles
953 1423 1173 1479 testes.
1259 1410 1620 1494 Sper-amus
1672 1410 1746 1474 in
1801 1417 2022 1473 vestra
2076 1427 2331 1490 quoque
2387 1406 2619 1489 lingua

671 1502 956 1586 plurima
995 1519 1205 1583 posse.
1291 1497 1514 1563 Habet
1565 1496 1835 1562 comites
1879 1493 2043 1558 duos
2067 1492 2125 1578 ⁴)
2170 1512 2308 1556 non
2350 1511 2619 1575 prorsus

673 1584 964 1654 eiusdem
1007 1584 1290 1669 linguae,
1335 1603 1498 1666 quos
1540 1580 1807 1646 interim
1843 1580 1938 1643 uti
1976 1579 2337 1660 poterimus
2370 1577 2617 1641 retine-

672 1673 906 1749 bimus,
965 1670 1142 1735 hunc
1182 1690 1337 1735 vero
1381 1687 1773 1752 magnopere
1815 1665 2111 1729 omnium
2152 1670 2454 1728 nostrum
2498 1683 2616 1726 no-

673 1758 849 1824 mine
885 1756 1002 1822 tibi
1037 1753 1565 1821 commendamus
1598 1759 1667 1817 et
1701 1750 2010 1817 ecclesiae
2052 1759 2330 1815 vestrae.
2398 1745 2616 1827 Quam

672 1842 977 1927 cupimus
1042 1862 1127 1906 ex
1190 1841 1411 1906 animo
1487 1839 1799 1921 proficere
1860 1836 1933 1900 in
1996 1834 2238 1917 pietate
2303 1841 2371 1899 et
2435 1853 2613 1931 pace.

673 1928 861 2005 Vale,
925 1926 1324 1992 amatissime
1367 1925 1586 2002 frater,
1650 1921 1945 1987 omnium
2000 1930 2306 1986 nostrum
2347 1939 2617 1983 nomme

670 2014 744 2079 in
786 2013 1054 2080 Christo
1098 2012 1385 2078 feliciter.
1475 2009 1707 2093 'rigari
1759 2011 1852 2072 15.
1900 2006 2188 2090 Augusti
2237 2008 2418 2069 1542.

1627 2142 1970 2210 Conradus
2015 2141 2386 2208 Pellicanus

1182 2259 1207 2294 ο
1469 2231 1650 2296 Τυιιε
1683 2230 1752 2294 in
1776 2228 2066 2294 Domino
2109 2246 2257 2292 oum
2301 2226 2615 2291 fratribus

1383 2316 1653 2399 reliquis
1669 2367 1684 2394 ,
1788 2313 2188 2396 Bullinyero,
2283 2311 2612 2391 Theodoro,

1385 2401 1747 2486 Meyandro,
1791 2399 2032 2483 quibus
2080 2419 2199 2481 per
2246 2398 2615 2480 occupatio-

1384 2510 1502 2554 nes
1544 2508 1677 2552 non
1719 2486 1908 2552 licuit
1949 2484 2232 2551 scribere
2283 2484 2409 2549 hac
2451 2483 2612 2550 vice.

1429 2788 1802 2798 --—---—-——
1819 2791 1832 2794 -

1581 3030 1729 3101 41⁶.

1197 3166 1668 3238 GALVINUS
1713 3166 2085 3233 VIRE'ro.

854 3345 1060 3411 Virdo
1116 3363 1195 3407 ex
1252 3340 1568 3407 Romen-si
1629 3340 1852 3405 itinere
1913 3339 2132 3405 reduci
2188 3338 2407 3405 sor-ibit
2456 3360 2617 3423 quae

666 3452 865 3513 nuper
895 3431 1152 3513 passim
1193 3431 1511 3492 transacta
1545 3429 1710 3491 sunt.
1800 3423 2164 3490 Οαταωίηα
2191 3426 2454 3509 privata
2499 3423 2617 3490 Ga-

662 3516 973 3586 stellionis
1023 3534 1165 3581 cum
1218 3511 1531 3594 affinibuS,
1570 3508 1835 3591 publica
1893 3510 2187 3577 Vandezii
2228 3531 2371 3577 cum
2410 3512 2613 3594 maqi-

663 3608 870 3670 stratu
927 3599 1223 3682 deplorat.
1315 3596 1532 3663 Novo-9
1583 3595 1847 3679 coaequa
1899 3616 2026 3662 non
2082 3597 2251 3662 omni
2305 3617 2382 3662 av
2425 3601 2616 3677 parte

665 3690 933 3757 laudare
982 3689 1205 3767 potest.
1317 3680 1563 3748 Far-elli
1627 3682 1715 3746 ad
1779 3679 2086 3747 Macen-see
2152 3682 2612 3764 profectionem,

667 3773 1002 3841 Menti
1034 3771 1122 3836 ad
1152 3769 1435 3852 reyinam
1459 3767 1800 3832 Navarrae
1832 3767 2416 3844 itcrcomnaemorat,
2450 3787 2615 3834 nova

663 3880 744 3925 σω
787 3857 1012 3925 Gallia
1056 3855 1259 3936 refert.

667 4026 1091 4099 (Autographon
1126 4041 1232 4079 non
1269 4029 1465 4078 exstat.
1621 4024 1729 4076 ‘tur
1760 4024 1814 4076 in
1848 4023 1980 4079 eod.
2005 4023 2206 4078 Genev.
2247 4022 2361 4089 111,
2398 4023 2488 4078 fol.
2526 4023 2610 4080 29.

667 4098 859 4155 Edidit
892 4096 1035 4150 Bon·
1069 4094 1155 4147 ed.
1194 4093 1395 4147 Genev.
1430 4091 1556 4224 334?
1586 4131 1641 4214 8,
1693 4092 1850 4147 Laus.
1884 4109 1937 4161 p.
1972 4091 2093 4161 673,
2149 4092 2362 4146 Hanov.
2399 4110 2452 4162 p.
2490 4090 2609 4158 757,

667 4168 876 4222 Ghouet
909 4182 960 4234 p.
996 4162 1116 4228 513,
1154 4162 1325 4244 Amet.
1353 4178 1405 4230 p.
1615 4160 1684 4213 ed
1718 4177 1825 4214 non
1859 4161 2147 4282 integram.
2225 4161 2310 4214 Ex
2345 4161 2610 4230 impresso

1169 4235 1338 4284 vertit
1372 4229 1665 4283 Oonstable
1699 4228 1758 4282 Τ.
1799 4230 1844 4283 Ῑ.
1880 4247 1932 4298 p.
2007 4229 2111 4296 16.)

833 4420 978 4487 Iam
1013 4417 1278 4503 pridem
1319 4417 1402 4482 ad
1457 4426 1524 4482 te
1582 4418 1945 4503 scripturus
2000 4439 2197 4498 eram,
2255 4418 2381 4484 nisi
2437 4418 2605 4502 quod

661 4507 944 4574 sciebam
1000 4505 1228 4570 literas
1283 4523 1463 4569 meas
1521 4503 1726 4569 nihilo
1781 4504 1976 4570 citius
2034 4504 2118 4570 ad
2173 4511 2241 4569 te
2301 4511 2608 4570 venturas

660 4614 823 4669 esse,
890 4611 1086 4675 quam
1144 4589 1203 4655 si
1264 4590 1335 4654 in
1395 4587 1673 4655 reditum
1730 4611 1937 4673 usque
1999 4597 2187 4655 tuum
2253 4587 2604 4655 differrem.

659 4678 856 4744 Nunc
916 4676 1068 4759 quia
1131 4696 1212 4739 ex
1291 4676 1604 4758 temporis
1679 4676 2141 4759 supputatione
2205 4675 2475 4741 rediisse
2542 4684 2606 4741 te

659 4764 950 4840 coniiciO,
993 4762 1211 4843 accipe
1253 4782 1420 4844 quae
1463 4762 1533 4825 in
1577 4770 1864 4827 mentem
1908 4782 2087 4827 nunc
2132 4760 2426 4827 veniunt.
2496 4760 2605 4827 Si-

660 4848 801 4914 mul
823 4857 1015 4931 atque
1039 4845 1270 4924 abiisti,
1308 4848 1477 4912 mira
1496 4848 1857 4914 certamina
1885 4847 2061 4912 inter
2085 4846 2520 4913 Sebastianum
2556 4850 2602 4922 ¹)

864 5137 919 5203 4)
957 5137 1201 5260 gnorunt
1237 5139 1373 5219 alter
1402 5137 1816 5219 fuit-‚Camillus
1855 5139 2128 5219 Benacus.
2447 5208 2458 5219 ⁶

660 5205 2597 5332 atumem-mmmmm·

2220 361 2746 429 EPIS'POLAE
2791 364 3133 427 415—417

4556 365 4684 426 428

2726 557 2794 615 et
2849 551 2989 614 eius
3045 550 3330 615 sororios
3382 550 3796 626 exstiterunt,
3862 572 4029 634 quae
4083 573 4189 617 me
4243 556 4683 616 exercuerunt

2726 635 2838 700 diu
2883 643 2950 699 et
2992 655 3204 717 saepe,
3247 633 3401 698 dum
3425 635 3576 700 volo
3611 636 3819 701 amico
3844 636 4116 702 arbitrio
4153 657 4231 703 ea
4266 656 4677 720 componere.

2726 721 2870 786 Has
2912 729 3132 786 autem
3180 727 3401 804 partes
3444 719 3591 785 ideo
3646 721 4095 804 suscipiebam,
4150 744 4237 788 ne
4281 722 4364 788 ad
4407 729 4678 787 conten-

2726 808 2970 871 tionem
3015 805 3230 871 adhuc
3283 805 3781 885 descenderent,
3841 808 4028 873 cuius
4087 829 4311 873 rumor
4366 829 4516 873 cum
4575 807 4677 872 in·

2723 892 2924 956 famia
2967 890 3228 956 scholae
3255 889 3312 974 2)
3359 892 3618 975 longius
3666 902 3982 958 manaret.
4076 893 4299 976 Neque
4340 900 4566 958 tamen
4609 891 4677 957 id

2723 978 3031 1060 consequi
3097 976 3280 1059 potui
3343 997 3583 1060 magno
3647 977 3864 1043 studio
3929 998 4005 1043 ac
4069 978 4445 1062 diligentia,
4513 979 4677 1062 quin

2724 1062 2891 1128 alius
2956 1062 3156 1127 alium
3236 1061 3633 1128 traduceret:
3715 1074 3909 1146 atque
3973 1066 4067 1129 ita
4131 1065 4375 1148 passim
4439 1066 4676 1130 fierent

2722 1147 3081 1213 multorum
3138 1146 3376 1212 fabula.
3464 1148 3595 1214 Ubi
3664 1150 4031 1216 communis
4095 1151 4538 1218 controversia
4595 1150 4674 1218 de

2721 1234 3041 1299 solutione
3102 1232 3337 1298 dotalis
3392 1236 3704 1316 pecuniae
3761 1235 3985 1299 sedata
4038 1235 4195 1315 fuit,
4260 1257 4409 1302 ecce
4465 1257 4674 1302 novae

2723 1319 2871 1383 lites
2914 1320 3088 1384 inter
3136 1318 3574 1384 Sebastianum
3617 1329 3686 1384 et
3732 1319 4005 1399 Petrum,
4032 1324 4091 1396 ⁸)
4146 1321 4385 1404 partim
4432 1320 4513 1388 de
4558 1322 4672 1387 ad-

2722 1404 3203 1469 ministratione
3259 1405 3352 1469 rei
3409 1405 3781 1485 familiaris,
3839 1408 4077 1490 partim
4124 1406 4207 1472 de
4249 1407 4671 1473 habitatione.

2723 1489 2912 1555 Nihil
2989 1510 3284 1572 unquam
3363 1490 3496 1555 vidi
3576 1500 3711 1557 tam
3789 1492 4201 1575 implicitum.
4311 1493 4673 1577 Postquam

2722 1575 3008 1640 multum
3065 1577 3242 1639 inter
3297 1596 3368 1641 se
3423 1577 3667 1660 iurgati
3712 1586 3883 1655 sunt,
3941 1579 4113 1643 facta
4155 1586 4251 1645 est
4299 1578 4669 1661 qualiscun-

2721 1683 2847 1745 que
2890 1662 3271 1726 transactio:
3318 1661 3433 1726 sed
3475 1682 3640 1744 quae
3683 1683 3842 1727 mox
3876 1684 4119 1729 novam
4153 1665 4670 1731 controversiam

2718 1749 2989 1831 peperit.
3090 1746 3323 1829 Itaque
3386 1747 3480 1813 sic
3544 1748 3900 1815 exulcerati
3967 1750 4235 1814 fuerunt
4295 1750 4452 1816 hinc
4516 1749 4671 1816 inde

2721 1833 2944 1909 animi,
3002 1840 3077 1897 ut
3116 1832 3235 1897 vix
3290 1832 3565 1898 solidam
3607 1835 3964 1899 amicitiam
4005 1856 4294 1917 unquam
4338 1837 4517 1901 inter
4559 1857 4670 1902 eos

2718 1918 2858 1984 fore
2900 1937 3174 2000 sperem,
3229 1918 3441 2000 qualis
3494 1918 3672 1984 inter
3713 1921 3949 1985 fratres
3992 1941 4134 1985 esse
4176 1919 4384 1989 debet.
4473 1923 4672 1990 Nunc

2719 2003 2983 2086 quidem
3023 2005 3417 2085 quieverunt
3467 2004 3697 2071 turbae
3751 2005 3923 2085 illae,
3979 2004 4094 2070 sed
4138 2028 4367 2073 vereor
4409 2029 4494 2073 ne
4537 2008 4670 2073 levi

2719 2089 3052 2154 occasione
3106 2089 3320 2168 subito
3377 2110 3640 2154 rursum
3698 2091 4082 2157 excitentur.
4172 2094 4272 2159 Ac
4322 2093 4455 2158 iam
4513 2114 4670 2160 con-

2719 2185 2988 2257 questus
3031 2182 3134 2239 est
3175 2174 3347 2257 apud
3390 2196 3498 2241 me
3546 2174 3971 2256 Sebastianus,
4028 2178 4154 2243 sibi
4189 2200 4320 2243 non
4365 2179 4670 2246 sufficere

2719 2282 2838 2325 sua
2880 2259 3228 2341 stipendia:
3289 2280 3455 2343 quae
3509 2271 3731 2326 tamen
3775 2269 3849 2327 ut
3892 2271 4260 2347 augeantur
4303 2265 4418 2330 vix
4460 2265 4669 2349 impe—

2718 2347 2878 2411 trari
2924 2366 2964 2409 a
3006 2345 3249 2411 nostris
3292 2346 3550 2429 poterit.
3636 2347 3782 2430 Ego
3835 2356 4014 2413 certe
4066 2350 4330 2432 penitus
4375 2350 4667 2434 despero,

2716 2440 2794 2497 ut
2835 2439 3089 2497 tentare
3132 2429 3314 2496 nullo
3358 2431 3550 2497 modo
3594 2433 3823 2497 ausim.
3854 2438 3914 2509 ⁴)
4000 2434 4174 2500 Ecce
4232 2433 4348 2500 tibi
4404 2437 4668 2504 scholae

2718 2525 2982 2583 nostrae
3021 2525 3285 2594 statum,
3332 2537 3417 2582 ne
3460 2516 3646 2582 nobis
3688 2518 4007 2585 invideas.

2887 2603 3179 2669 Rursum
3219 2602 3524 2670 Nicotaus
3558 2603 3886 2670 lussiacus
3911 2604 3969 2688 ⁶)
4012 2626 4253 2670 novam
4296 2606 4671 2673 molestiam

2716 2688 2906 2754 nobis
2941 2700 3093 2753 ante
3132 2709 3369 2773 paucos
3404 2687 3543 2754 dies
3578 2689 3852 2773 peperit,
3897 2711 4018 2756 sua
4049 2691 4374 2773 superbia.
4440 2691 4669 2774 Quum

2718 2775 2893 2839 enim
2939 2775 3155 2841 nescio
3197 2794 3394 2857 quem
3436 2774 3971 2853 commendasset,
4028 2775 4133 2841 cui
4178 2778 4453 2860 putabat
4494 2779 4670 2844 iniu-

2718 2860 2886 2925 riam
2943 2862 3083 2925 fieri
3099 2911 3115 2938 ,
3173 2880 3379 2943 quum
3434 2862 3678 2943 optimo
3724 2861 3867 2926 iure
3907 2862 3977 2925 in
4021 2881 4348 2927 carcerem
4390 2865 4669 2931 coniice-

2716 2959 2930 3011 retur:
2987 2946 3143 3029 quia
3184 2965 3317 3010 non
3359 2947 3859 3028 acquiescebant
3899 2948 4040 3012 eius
4082 2949 4414 3030 postulato
4458 2970 4669 3017 asses-

2719 3051 2919 3108 sores,
2960 3031 3033 3096 in
3076 3052 3185 3097 eos
3228 3030 3461 3097 acerba
3503 3032 3799 3108 oratione
3840 3034 4144 3098 invectus
4188 3039 4306 3099 est.
4373 3034 4511 3102 Res
4554 3033 4669 3101 de-

2717 3115 2854 3182 lata
2894 3115 2979 3180 ad
3035 3129 3369 3194 senatum,
3429 3118 3543 3200 qui
3601 3117 3813 3183 laetus
3870 3117 4041 3182 hanc
4082 3120 4481 3186 occasionem
4527 3122 4669 3188 eius

2717 3202 3089 3284 expellendi
3132 3201 3427 3284 arripuit.
3515 3202 3656 3267 Nos
3696 3202 4214 3270 intercessimus:
4259 3227 4395 3271 non
4436 3207 4506 3271 in
4549 3206 4669 3273 ho-

2716 3288 2917 3353 minis
2961 3289 3273 3372 gratiam,
3333 3289 3445 3370 qui
3486 3306 3621 3351 non
3664 3287 3888 3354 multis
3945 3288 4185 3357 abhinc
4228 3290 4458 3358 diebus
4500 3292 4669 3357 mihi

2716 3374 2991 3438 nimium
3058 3373 3295 3439 deferri
3353 3374 3897 3456 conquerebatur:
3958 3373 4075 3440 sed
4129 3396 4216 3440 ne
4280 3397 4667 3460 perversum

2717 3459 3091 3542 exemplum
3134 3459 3206 3523 in
3249 3459 3521 3524 ecclesia
3562 3458 3866 3523 ederetur
3918 3467 4053 3525 tam
4111 3461 4286 3527 facili
4325 3463 4431 3529 vel
4474 3483 4667 3547 prae-

2715 3546 2896 3628 cipiti
2949 3546 3167 3628 potius
3208 3544 3489 3609 ministri
3546 3543 3875 3611 eiectione.
3964 3547 4161 3614 Nunc
4224 3548 4504 3632 amplius
4564 3550 4666 3616 in·

2715 3632 3016 3713 quirunt:
3063 3629 3315 3707 deinde,
3351 3630 3540 3695 nobis
3578 3629 3908 3709 adhibitis,
3952 3634 4497 3714 pronunciabunt.
4586 3633 4666 3703 Si

2720 3716 2910 3781 video
2954 3736 3100 3781 esse
3143 3716 3301 3780 satis
3341 3716 3579 3781 iustam
3626 3736 3908 3794 causam,
3966 3738 4083 3782 cur
4122 3717 4475 3798 abdicetur,
4530 3742 4665 3787 non

2717 3802 2994 3867 ulterius
3034 3802 3355 3885 pugnabo.
3387 3802 3445 3884 ⁶)
3531 3801 3777 3865 Mirum
3823 3823 4019 3885 quam
4076 3803 4335 3870 fortiter
4376 3804 4663 3888 philoso-

2715 3887 2956 3971 phetur
3001 3886 3318 3953 Hem-icus
3371 3894 3595 3951 noster
3637 3885 3719 3951 de
3762 3888 4114 3953 asserendo
4153 3890 4502 3957 ministerii
4545 3892 4663 3959 ho-

2716 3995 2900 4038 nore:
2947 3973 3102 4055 quia
3135 3972 3381 4036 scilicet
3413 3981 3549 4036 tam
3586 3973 3994 4056 praeclarum
4026 3974 4220 4041 huius
4253 3978 4662 4043 constantiae

2715 4058 3088 4141 exemplum
3154 4056 3339 4123 nobis
3403 4055 3626 4122 edidit.
3713 4056 3905 4138 Quod
3962 4081 4083 4143 ego
4137 4061 4411 4127 minime
4464 4065 4655 4129 tacui.

2712 4145 2806 4209 Et
2848 4153 3067 4209 tamen
3106 4144 3384 4209 satisfeci
3420 4164 3566 4207 meo
3601 4144 3831 4221 officio,
3877 4154 4153 4212 testatus
4189 4148 4406 4230 palam
4439 4169 4658 4215 coram

2713 4230 3031 4305 omnibus,
3090 4250 3194 4293 me
3248 4250 3379 4294 non
3438 4229 3761 4312 respicere
3818 4228 3977 4313 quid
4027 4231 4191 4296 mihi
4250 4234 4495 4300 factum
4551 4236 4655 4312 sit,

2715 4314 2829 4380 sed
2873 4313 3026 4397 quid
3070 4316 3213 4379 fieri
3258 4313 3507 4378 debeat.

2712 4490 2761 4497 —
2862 4490 3003 4497 0—-
3024 4490 3061 4496 ,-

2915 4588 2976 4653 2)
3009 4588 3138 4642 Iam
3171 4587 3262 4642 bic
3294 4592 3534 4668 apparet
3549 4588 3750 4644 Nostri
3780 4589 3846 4643 in
3867 4589 4137 4655 maliem
4158 4590 4370 4659 conopia·
4387 4589 4652 4659 Ripa-oa

2702 4655 3855 4738 profesqormmakdoepoetmam‘m,
3892 4659 4652 4727 menedon-torm

2709 4741 2833 4780 Μ’
2915 4730 3217 4875 314Ρᾶνὲ
3242 4741 3523 4849 ’ἷιῗῖωηαε
3555 4767 3767 4852 eoe'ma
3798 4796 4031 4851 sororiis
4060 4795 4237 4863 sucu
4269 4796 4490 4852 nsaw
4553 4797 4647 4852 Vs·-

2707 4870 2823 4919 reto
2869 4863 3218 4946 scateat-non
3250 4868 3579 4945 meoynttus.
3658 4865 3881 4919 Bonnet
3912 4870 4095 4919 tamen
4126 4865 4336 4921 mavult
4381 4865 4448 4920 de
4485 4837 4648 4922 &etro

2706 4932 2980 5066 Blanfig
3011 4938 3266 5056 m
3301 4937 3632 5070 fflffiaureatuse‘
3688 5042 3907 5056 .....
3962 5003 4149 5056 ausim.
4236 5002 4398 5058 Haec
4446 5004 4645 5060 abunt

2704 5072 2778 5125 ὠ
2810 5070 2971 5202 aab)
3010 5139 3139 5195 Nic.
3186 5138 3401 5194 Vanaez
3441 5139 3506 5193 V.
3544 5138 3622 5193 D.
3659 5139 3745 5193 M.
3779 5139 3845 5194 a„
3877 5140 3998 5196 vieo
4032 5141 4224 5211 Jasay.

2909 5209 2969 5264 6)
3014 5205 3319 5262 Vandelm
3349 5226 3404 5261 a.
3439 5207 3655 5262 denum
3688 5207 3820 5262 1543
3852 5209 3968 5264 loco
4003 5214 4164 5264 cem
4195 5213 4247 5264 ct
4285 5223 4644 5266 successorem

2703 5275 4353 5347 habuitlzdelanm,quiproaeanomm1mdmr.
