5050 6167
391 401 505 463 113

387 585 741 670 respicietis
758 639 775 666 ,
832 594 903 653 et
954 586 1270 671 quidquid
1324 586 1530 653 ullam
1573 588 1778 671 possit
1819 588 2089 656 iniicere
2132 589 2340 656 offen-

386 672 651 752 sionem,
704 672 777 738 id
819 692 1079 740 summo
1124 670 1343 740 studio
1386 674 1805 741 removebitis
1820 726 1839 754 ,
1897 674 2071 759 quod
2111 675 2340 760 procul

387 757 577 825 dubio
633 759 805 825 sicut
856 758 929 823 in
986 759 1264 843 gloriam
1307 758 1564 826 Christi
1628 769 1695 826 et
1748 760 2106 827 utilitatem
2149 762 2340 846 regni

385 844 541 921 eius,
584 844 678 909 ita
720 853 789 910 et
829 845 1120 910 maximo
1161 853 1387 912 vestro
1430 867 1632 929 quum
1677 846 1927 924 decore,
1972 855 2117 913 tum
2159 868 2339 913 com-

383 928 572 997 modo
607 930 881 997 iacietis.
971 929 1301 997 Dominus
1344 930 1563 1011 Iesus,
1622 933 1894 999 unicum
1940 941 2141 1018 caput
2183 954 2338 998 nos-

385 1023 587 1094 trum,
646 1017 832 1083 cuius
875 1038 1103 1084 omnes
1144 1017 1444 1083 membra
1501 1039 1763 1095 sumus,
1821 1040 2145 1102 quemque
2189 1041 2340 1086 cum

387 1122 547 1168 vero
590 1102 787 1169 corde
822 1115 1225 1169 servatorem
1260 1102 1665 1181 invocamus,
1711 1103 1914 1169 donet
1951 1105 2139 1172 vobis
2178 1105 2342 1171 haec

383 1209 547 1273 quae
591 1209 935 1254 monemus
970 1189 1191 1254 omnia
1223 1188 1335 1273 pio
1372 1190 1590 1254 animo
1626 1189 2015 1273 expendere,
2057 1191 2341 1275 bonique

386 1294 459 1339 ea
498 1274 746 1354 facere,
808 1284 876 1340 et
934 1284 1259 1357 quatenus
1315 1275 1521 1360 ipsius
1580 1284 1737 1340 sunt
1793 1276 2012 1360 sequi,
2074 1284 2146 1342 ut
2189 1298 2341 1344 cum

382 1359 697 1445 religione
741 1359 994 1426 Christi
1051 1359 1320 1427 libertas
1372 1360 1562 1427 vobis
1606 1369 1675 1425 et
1716 1361 2096 1428 omnimoda
2137 1363 2342 1430 felici-

382 1453 481 1511 tas
527 1447 956 1512 confirmetur
998 1453 1066 1512 et
1106 1446 1397 1530 quotidie
1440 1455 1780 1531 augeatur.
1845 1450 2076 1514 Amen.
2145 1446 2341 1515 00111-

381 1531 770 1598 mendamus
808 1554 930 1600 nos
973 1533 1214 1599 vestris
1246 1533 1631 1599 caritatibus
1669 1534 1741 1599 in
1784 1533 2013 1600 eodem
2055 1535 2341 1600 Domino

385 1626 449 1683 et
491 1627 830 1684 servatore
883 1626 1111 1684 nostro
1152 1618 1312 1685 Iesu
1356 1618 1646 1685 Christo.
1733 1620 1989 1686 Datum
2030 1619 2341 1687 Worma·

384 1703 517 1770 tiae
567 1707 663 1769 13.
707 1703 1102 1771 Novembris
1144 1725 1320 1770 anno
1372 1710 1554 1771 1540.

383 1840 962 1908 Dominationibus
1007 1850 1077 1907 et
1117 1842 1505 1910 caritatibus
1549 1843 1862 1925 vestris⁸)
1912 1843 2343 1911 addictissimi

1418 1961 1808 2048 Wolffgang
1852 1963 2106 2047 Capito,

1420 2047 1656 2115 Simon
1700 2049 1804 2115 Gr
1850 2070 2071 2116 naeus.

1422 2136 1757 2201 Martinus
1863 2156 2116 2202 ucerus.

1422 2220 1755 2286 Iohannes
1798 2220 2157 2288 Sturmius.

1216 2307 1509 2372 Ministri
1564 2306 1986 2373 ecclesiarum
2034 2307 2345 2392 Argenti-

1211 2394 1436 2460 nensis
1493 2404 1560 2457 et
1602 2392 1990 2459 Basiliensis
2034 2394 2217 2459 missi
2261 2392 2344 2458 ad

1216 2479 1605 2563 colloquium
1652 2478 1733 2543 de
1790 2479 2100 2564 religione
2144 2479 2343 2544 Wor-

1636 2585 1931 2632 macram.

1297 2940 1445 3010 254.

870 3077 1346 3146 OALVINUS
1391 3077 1857 3147 PARELLO.

571 3252 741 3335 Quid
789 3251 1255 3318 Genevensibus
1297 3251 1642 3332 promittat,
1700 3253 1854 3334 quid
1895 3252 2022 3318 sibi
2067 3253 2198 3335 ipsi
2240 3274 2345 3320 ou-

378 3337 633 3507 2ξίαέ
675 3337 876 3422 eliqat,
920 3337 1124 3403 adhuc
1166 3337 1397 3402 dubius
1433 3337 1658 3403 haeret.
1728 3337 1973 3404 Farelli
2014 3339 2343 3406 consilium

386 3597 564 3720 ἔξω).
600 3602 659 3649 et
691 3596 857 3667 Resp.
894 3596 977 3650 ed.
1020 3595 1169 3665 1576,
1206 3615 1258 3668 p.
1295 3595 1417 3666 414,
1453 3596 1661 3677 Chouet
1696 3613 1747 3665 p.
1773 3594 1892 3663 577,
1931 3598 2114 3652 Amet.
2150 3614 2203 3666 p.
2225 3594 2344 3650 259.

486 3666 724 3720 caeteris
760 3681 867 3719 non
905 3671 1099 3719 exstat.
1121 3666 1444 3805 fficVeIrsir?
1487 3666 1682 3801 1832388
1718 3665 1832 3718 001.
1868 3683 1921 3735 p.
1958 3664 2042 3718 33.
2114 3667 2345 3736 Anglica

564 3921 633 3990 S.
661 3921 737 3989 Si
760 3943 907 3987 meo
929 3922 1068 3988 loco
1091 3944 1285 4002 esses,
1310 3924 1553 4007 optime
1581 3922 1843 4000 Farelle,
1869 3922 2167 3989 fortassis
2191 3944 2344 4007 pars

384 4008 609 4094 aliqua
654 4008 1080 4073 dubitationis
1115 4010 1323 4086 istius,
1369 4029 1537 4092 quae
1581 4031 1686 4074 me
1730 4009 2158 4074 vehementer
2192 4029 2342 4075 cru-

383 4095 533 4170 ciat,
584 4105 650 4158 te
694 4116 948 4178 quoque
1016 4095 1321 4160 nonnihil
1380 4094 1729 4160 sollicitum
1791 4096 2076 4160 haberet.
2167 4096 2341 4161 Nam

381 4201 603 4264 neque
648 4201 769 4264 ego
816 4180 993 4246 solus
1039 4181 1418 4245 conturbor:
1474 4189 1541 4245 et
1591 4182 1698 4263 qui
1744 4201 1998 4246 mecum
2043 4181 2344 4246 laborant

382 4287 519 4331 11011
569 4273 797 4330 carent
861 4266 1090 4331 multis
1157 4276 1222 4330 et
1284 4267 1475 4331 iustis
1538 4267 1783 4333 causis:
1852 4287 2053 4349 quum
2118 4276 2343 4333 tamon

382 4372 522 4417 non
582 4351 834 4417 soleant
891 4351 1053 4418 alias
1112 4352 1193 4417 de
1248 4352 1454 4416 nihilo
1510 4353 1926 4418 commoveri.
2030 4352 2169 4418 Vos
2223 4353 2342 4419 soli

384 4437 534 4503 sine
580 4439 1028 4503 controversia
1083 4439 1532 4522 pronunciatis
1587 4437 1744 4520 quid
1798 4439 2008 4504 facere
2053 4437 2341 4504 debeam.

386 4521 530 4589 Sed
588 4544 791 4607 quum
851 4545 973 4608 ego
1030 4523 1333 4590 nonnihil
1391 4523 1727 4602 vacillem,
1797 4537 1864 4589 et
1907 4524 2070 4589 alios
2114 4546 2343 4590 omnes

385 4608 656 4676 videam
700 4611 1020 4689 fluctuari,
1094 4609 1422 4675 nihildum
1485 4630 1753 4693 possum
1819 4617 2106 4675 statuere
2120 4627 2137 4675 ε’
2215 4612 2343 4677 nisi

386 4694 567 4778 quod
608 4703 878 4779 paratus
912 4716 1062 4761 sum
1098 4697 1364 4760 omnino
1410 4696 1593 4779 sequi
1619 4696 1889 4760 Domini
1934 4697 2346 4763 vocationem

387 4780 594 4848 simul
639 4802 715 4847 ac
757 4782 921 4845 mihi
966 4781 1164 4846 fuerit
1207 4782 1549 4865 patefacta.
1613 4780 1836 4862 Quum
1882 4782 2085 4867 legati
2119 4783 2346 4849 literas

604 4972 665 5030 8)
707 4971 945 5026 sumam
978 4971 1202 5039 proprie
1235 4968 1369 5023 haec
1400 4969 1629 5035 epistola
1663 4969 1943 5023 destinata
1976 4970 2067 5037 sit,
2104 4987 2220 5025 non
2253 4987 2344 5026 sa-

388 5040 469 5097 tie
504 5040 765 5095 distincte
800 5046 1055 5110 apparet.
1133 5041 1287 5108 Quae
1332 5039 1596 5093 dicemtur
1634 5040 2042 5092 Dominationes
2080 5039 2347 5095 Senatum

480 5111 493 5122 ‘
650 5129 688 5164 a
942 5150 958 5178 ,
1009 5111 1275 5164 caritates
1309 5109 1494 5174 potius
1542 5107 1701 5162 alios.
1784 5108 1873 5162 De
1908 5108 2123 5163 Senatu
2166 5125 2347 5179 supra

494 5186 549 5233 st
579 5186 692 5235 not.
729 5180 788 5246 2)
832 5185 896 5234 ut
943 5179 1010 5234 de
1053 5179 1214 5233 tertio
1258 5178 1494 5244 dmm,
1666 5194 1718 5230 m
1752 5192 1913 5230 etnam
1945 5179 2229 5246 epistolam
2264 5180 2344 5236 N.

467 5247 500 5302 7
536 5254 916 5304 motarent.
987 5248 1055 5304 Si
1090 5248 1226 5317 quid
1269 5248 1517 5302 videmus
1549 5194 1696 5327 mc
1738 5246 1967 5326 epistola
2006 5249 2214 5327 publici
2246 5250 2343 5303 do-

393 5320 643 5373 cumenti
673 5319 859 5374 iomar
890 5333 1005 5373 esse
1040 5317 1280 5384 debebat,
1328 5322 1379 5371 et
1419 5316 1653 5371 Senatm
1689 5320 1740 5370 et
1771 5317 2045 5371 mmmm
2077 5318 2344 5373 mittendi.

543 5404 762 5460 Caluini
789 5420 975 5473 opera.
1060 5404 1175 5457 Vol.
1216 5403 1323 5457 XI.

2086 404 2248 464 1540
2294 396 2710 465 NOVEMB.

4287 409 4412 473 114

2444 583 2729 654 Senatui
2772 586 3183 666 obtulissent,
3227 608 3615 671 responsum
3657 594 3759 655 est
3799 608 3909 654 me
3952 589 4210 657 abesse:
4267 592 4418 660 sine

2443 675 2631 739 cuius
2693 694 3016 739 consensu
3072 672 3244 738 nihil
3309 672 3604 756 polliceri
3662 674 3877 740 vellet.
3981 676 4414 761 Exceperunt

2443 780 2514 825 se
2558 759 2844 826 libenter
2885 759 3016 825 huc
3054 768 3378 824 venturos
3397 810 3412 838 ,
3470 767 3548 824 ut
3599 760 3681 825 de
3729 782 3877 826 meo
3921 762 4145 827 animo
4188 763 4411 830 scisci-

2441 852 2767 911 tarentur.
2869 845 3285 911 Praemissus
3338 851 3445 910 est
3501 866 3699 928 eques
3754 845 3950 912 celeri
4009 867 4235 927 cursu,
4293 850 4410 933 qui

2444 931 2631 998 nobis
2674 931 3016 996 indicaret.
3104 930 3323 996 Biduo
3366 951 3478 996 eos
3522 933 3897 998 antevertit,
3972 932 4252 999 Iubebat
4286 956 4407 1000 au-

2444 1025 2581 1083 tem
2606 1015 2898 1083 Senatus
2931 1017 3185 1101 legatos
3223 1037 3378 1082 suos
3414 1015 3570 1082 dare
3613 1037 3899 1101 operam,
3943 1041 4029 1085 ne
4072 1018 4233 1104 quid
4267 1020 4408 1103 pol-

2442 1104 2696 1170 licerer.
2785 1103 3144 1186 Nunquam
3187 1100 3611 1170 credidissem
3665 1124 3774 1168 me
3816 1105 3990 1170 tanti
4045 1126 4188 1170 esse
4232 1105 4408 1189 apud

2445 1187 2770 1255 Senatum
2838 1200 3159 1254 nostrum.
3267 1189 3331 1253 N
3334 1208 3408 1254 ec
3471 1188 3702 1254 literae
3768 1190 3908 1255 siue
3973 1189 4407 1258 admiratione

2446 1296 2678 1341 eorum
2720 1275 2832 1358 qui
2891 1273 3169 1340 aderant
3223 1275 3435 1339 lectae
3488 1282 3681 1354 sunt,
3738 1275 3910 1359 quod
3971 1274 4052 1340 de
4095 1298 4202 1342 me
4245 1276 4405 1341 reti-

2446 1360 2666 1427 nendo
2710 1370 2930 1426 essent
2988 1359 3149 1425 adeo
3193 1359 3489 1439 solliciti,
3546 1362 3783 1443 quibus
3842 1360 4111 1428 videbar
4166 1383 4405 1445 parum

2444 1468 2592 1513 esse
2634 1454 2848 1512 notus.
2939 1444 3075 1512 Sed
3121 1446 3419 1513 fortassis
3477 1446 3624 1511 ideo
3679 1447 4001 1526 fecerant,
4059 1448 4212 1531 quia
4266 1468 4407 1513 non

2444 1553 2553 1598 me
2597 1533 2756 1598 satis
2796 1537 3138 1597 noverant.
3230 1530 3409 1614 Quid
3469 1533 3651 1597 enim
3702 1532 3913 1598 habeo
3968 1534 4038 1598 in
4082 1555 4187 1598 me
4229 1553 4405 1598 com-

2446 1617 2868 1683 mendatione
2921 1616 3239 1702 dignum?
3341 1618 3695 1702 Utcunque
3750 1627 3973 1684 tamen
4030 1619 4143 1697 sit,
4202 1619 4406 1703 legati

2445 1704 2613 1770 mihi
2653 1704 2883 1769 literas
2921 1705 3340 1788 interpretati
3381 1704 3583 1789 prius,
3632 1704 3870 1769 hortati
3917 1713 4080 1770 sunt
4113 1712 4190 1770 ut
4232 1702 4408 1788 apud

2447 1812 2557 1857 me
2613 1788 3051 1873 expenderem
3108 1789 3265 1873 quid
3322 1790 3609 1854 maxime
3661 1797 3968 1874 putarem
4021 1790 4091 1854 in
4150 1790 4408 1857 Christi

2494 1875 2726 1941 loriam
2781 1876 2947 1941 sore:
3006 1876 3274 1941 interim
3316 1884 3542 1941 tamen
3582 1877 3744 1941 satis
3785 1875 4206 1942 declararunt
4248 1874 4408 1960 quid

2446 1897 2768 2027 {aberent
2810 1961 3031 2026 animi.
3122 1962 3287 2027 Dies
3342 1959 3426 2026 ad
3482 1960 3994 2027 consultandum
4051 1960 4241 2028 datus
4286 1969 4405 2026 est.
4469 1953 4484 1972 ⁸

2448 2047 2747 2113 Adhibui
2790 2046 3015 2111 statim
3059 2047 3297 2113 fratres
3350 2047 3422 2111 in
3477 2047 3844 2113 consilium.
3936 2047 4207 2131 Aliquid
4264 2046 4406 2131 agi-

2448 2142 2659 2198 tatum
2705 2141 2821 2198 est.
2909 2132 3156 2199 Melius
3201 2140 3426 2197 tamen
3470 2134 3867 2216 putavimus.
3924 2134 3981 2198 si
4025 2135 4246 2199 omnia
4289 2154 4407 2198 no-

2448 2218 2552 2284 bis
2594 2221 2855 2304 integra
2888 2227 3235 2284 manerent
3272 2240 3480 2302 usquo
3515 2218 3598 2283 ad
3634 2240 3858 2283 eorum
3896 2218 4286 2284 adventum:
4332 2230 4410 2284 ut

2447 2304 2780 2371 intellecto
2824 2304 3007 2370 urbis
3051 2312 3255 2383 statu,
3316 2306 3559 2369 certius
3615 2303 3695 2369 de
3746 2313 3879 2369 toto
3925 2305 4190 2388 negotio
4235 2303 4408 2370 iudi-

2449 2412 2765 2458 caremus.
2854 2390 2987 2456 Ubi
3040 2389 3205 2455 haec
3259 2399 3404 2456 acta
3466 2401 3652 2467 sunt,
3720 2390 4070 2473 propositis
4138 2392 4271 2456 tuis
4338 2400 4406 2455 et

2465 2476 2667 2541 Viretz·
2708 2476 2920 2542 literis
2962 2497 3225 2542 rursum
3269 2476 3432 2559 petii
3475 2475 3837 2542 consilium.
3912 2474 4064 2557 Qua
4106 2477 4402 2544 oratione

2447 2584 2607 2627 usus
2649 2561 2920 2642 fuerim,
2974 2561 3142 2626 nihil
3198 2583 3362 2645 opus
3406 2569 3508 2628 est
3549 2560 3782 2627 dicere.
3871 2561 4256 2629 Obtestatus
4300 2573 4402 2630 ta-

2449 2669 2602 2712 men
2654 2669 2800 2713 sum
2858 2645 3096 2731 quibus
3150 2648 3334 2730 potui
3388 2648 3631 2726 modis,
3687 2669 3773 2712 ne
3828 2668 3935 2712 me
3976 2669 4084 2713 res
4131 2650 4401 2716 icerent.

2449 2731 2668 2815 Quam
2713 2733 2882 2799 serio
2926 2742 3148 2798 autem
3191 2732 3259 2798 id
3303 2755 3343 2798 a
3384 2755 3490 2798 me
3533 2732 3882 2812 diceretur,
3938 2733 4079 2798 inte
4133 2735 4403 2818 igobant

2449 2840 2535 2883 ex
2578 2841 2649 2884 re
2692 2821 2859 2903 ipsa:
2916 2840 3117 2903 quum
3171 2819 3322 2901 plus
3376 2819 3822 2904 lacrymarum
3866 2821 4162 2885 efflueret
4204 2840 4405 2902 quam

2448 2905 2820 2971 verborum.
2911 2905 3090 2984 Quin
3135 2905 3336 2969 etiam
3392 2905 3491 2971 bis
3550 2907 3642 2969 ita
3697 2926 4067 2971 sermonem
4111 2907 4402 2971 interru-

2446 2998 2706 3074 perunt,
2752 3000 2826 3055 ut
2864 3010 3193 3056 secessum
3281 3010 3545 3056 uaerere
3602 3001 3862 3056 coactus
3905 2991 4160 3057 fuerim.
4249 2992 4406 3058 Non

2447 3075 2833 3160 progrediar
2876 3075 3156 3159 long-ius.
3322 3097 3396 3142 08
3441 3083 3704 3140 tantum
3749 3077 3872 3141 tibi
3916 3079 4250 3156 confirmO,
4295 3100 4404 3145 me

2448 3162 2697 3246 optime
2763 3162 3093 3227 conscium
3168 3160 3336 3225 mihi
3400 3181 3543 3226 esse
3613 3183 3907 3227 summae
3985 3163 4403 3231 sinceritatis.

2448 3248 2603 3314 Huc
2647 3247 2912 3313 tandem
2956 3257 3231 3312 ventum
3274 3252 3407 3325 est,
3465 3255 3545 3311 ut
3595 3267 3731 3312 non
3773 3268 3879 3313 me
3924 3246 4404 3334 adstringerem

2448 3334 2521 3397 in
2565 3333 2957 3417 praesentia,
3018 3331 3133 3397 scd
3179 3341 3439 3396 tantum
3485 3332 3723 3398 bonam
3768 3355 3952 3417 spem
3997 3334 4407 3400 Genevensi-

2447 3420 2574 3485 bus
2612 3420 2912 3484 facerem.
3003 3416 3281 3484 Obtinui
3335 3426 3562 3483 tamen
3619 3426 3695 3483 ut
3749 3421 4115 3503 reciperent
4166 3421 4401 3501 nostri,

2446 3526 2521 3571 se
2562 3504 3037 3590 impedimento
3090 3523 3225 3569 non
3280 3504 3419 3568 fore
3463 3504 3808 3588 quominus
3861 3525 3939 3570 eo
3983 3507 4406 3572 concederem

2448 3589 2743 3656 absoluto
2789 3590 2915 3656 hoc
2949 3598 3303 3669 conventu,
3349 3590 3404 3654 si
3448 3588 3640 3653 modo
3684 3590 4007 3656 Bernates
4050 3591 4405 3675 responde-

2448 3683 2617 3755 rent,
2664 3696 2736 3741 se
2780 3677 2861 3741 ab
2903 3697 2979 3740 eo
3023 3676 3292 3740 consilio
3335 3695 3469 3740 non
3501 3675 3870 3740 abhorrere.
3941 3674 4225 3743 Senatus
4261 3677 4406 3759 qui-

2450 3761 2619 3840 dem,
2665 3771 2741 3826 ut
2782 3760 2993 3839 video,
3052 3782 3158 3825 me
3202 3762 3564 3845 aegerrime
3608 3760 3912 3825 dimittet.
4003 3763 4245 3847 Legati
4288 3763 4406 3846 qui

2449 3847 2559 3913 hic
2603 3855 2765 3912 sunt
2803 3847 2922 3911 vix
2965 3847 3397 3913 consentient.
3485 3846 3626 3912 Nec
3668 3846 3743 3911 in
3783 3846 3909 3911 alia
3952 3849 4260 3931 opinione
4303 3856 4409 3914 est

2453 3931 2694 4013 Capito.
2781 3931 2919 3999 Sed
2961 3931 3254 3998 Bucam
3297 3932 3552 4010 efficiet,
3599 3954 3683 3997 ne
3728 3933 4039 3998 retinear:
4085 3934 4277 3999 modo
4317 3955 4405 4000 ne

2448 4018 2597 4100 quis
2653 4027 2896 4084 ventus
2962 4018 3280 4083 adversus
3336 4018 3532 4082 istinc
3595 4019 3878 4084 flaverit.
3989 4020 4092 4085 'ru
4157 4041 4267 4086 eos
4331 4018 4408 4085 in

2449 4125 2565 4187 spe
2600 4111 2916 4186 concepta
2948 4103 3395 4170 confirmabis:
3435 4125 3511 4169 ac
3544 4104 3812 4170 interim
3849 4104 4202 4189 diligenter
4235 4103 4406 4170 mihi

2449 4210 2757 4272 expones,
2817 4187 3134 4273 quidquid
3178 4190 3441 4271 putabis
3486 4198 3709 4254 nostra
3751 4190 4088 4256 interesse.
4178 4189 4406 4273 Quum

2448 4275 2872 4354 redierimus,
2933 4276 2990 4340 si
3034 4274 3336 4358 expediet
3394 4296 3500 4341 me
3539 4276 3786 4350 venire,
3832 4284 3990 4341 tunc
4033 4277 4244 4361 magis
4288 4297 4403 4341 ur-

2449 4362 2741 4446 gendum
2795 4361 2942 4426 erit.
3038 4362 3203 4426 Plus
3270 4368 3492 4426 tamen
3540 4361 3922 4444 impetrabis
3977 4362 4109 4427 tuis
4174 4363 4403 4442 literis,

2449 4468 2647 4530 quam
2704 4447 2881 4512 ullus
2934 4446 3120 4512 alius.
3212 4445 3346 4513 Sed
3403 4445 3484 4511 de
3541 4446 3672 4510 illis
3726 4446 3838 4511 ubi
3891 4456 4155 4532 tempus
4201 4469 4404 4513 vene-

2448 4534 2556 4598 rit.
2647 4531 2830 4615 Quid
2872 4532 3271 4616 sperandum
3315 4533 3402 4596 sit
3437 4530 3517 4596 de
3562 4533 3685 4596 hoc
3719 4543 4069 4612 conventu,
4113 4534 4408 4601 breviter

2448 4619 2833 4704 complexus
2877 4641 3023 4684 sum
3074 4620 3149 4683 in
3192 4616 3420 4683 charta
3474 4639 3672 4700 quam
3728 4619 3848 4683 tibi
3901 4620 4142 4686 fratres
4183 4629 4405 4687 osten-

2451 4704 2628 4770 dent.
2716 4705 2809 4770 Et
2851 4703 3044 4787 paulo
3087 4711 3239 4767 ante
3276 4702 3395 4767 tibi
3439 4724 3886 4786 exposueram.
3955 4706 4163 4772 Plura
4197 4724 4406 4790 quum

2452 4792 2567 4856 otii
2613 4790 2762 4873 plus
2805 4790 3017 4855 fuerit.
3124 4789 3404 4854 Vir-etum
3460 4790 3775 4855 salutabis
3833 4796 4277 4858 amantissime
4336 4799 4404 4854 et

2450 4876 2803 4960 diligenter
2846 4873 3185 4940 excusabis
3228 4872 3404 4956 quod
3445 4875 3615 4939 nihil
3672 4877 4055 4957 rescribam,
4112 4877 4405 4962 rogabis·

2450 4983 2578 5045 que
2620 4972 2693 5026 ut
2739 4961 2841 5026 his
2873 4960 3084 5026 literis
3129 4960 3433 5026 satisfieri
3469 4961 3592 5026 sibi
3637 4964 3943 5045 patiatur.
4041 4964 4225 5042 Vale,
4272 4964 4403 5028 fra-

2449 5055 2551 5113 ter
2593 5047 2838 5131 optime
2883 5060 2950 5112 et
2992 5047 3341 5113 carissime.
3430 5048 3755 5113 Dominus
3799 5069 3922 5113 vos
3973 5069 4197 5114 omnes
4250 5072 4406 5117 con-

2464 5141 2702 5200 servet.
2793 5133 3222 5214 Wormatiae,
3277 5137 3371 5199 13.
3409 5133 3474 5198 N
3476 5132 3727 5200 ovemb.
3780 5138 3962 5200 1540.

3962 5407 3996 5460 8
