5050 6167
384 419 494 481 109

380 627 540 689 quae
583 604 870 670 excitare
914 601 1179 687 aliquod
1234 601 1668 668 seminarium
1710 600 2053 665 hominum
2098 600 2183 666 ad
2227 619 2331 666 sa-

380 710 556 758 crum
601 691 1042 756 ministerium
1089 687 1476 753 idoneorum
1518 697 1632 753 aut
1674 687 2146 752 instructorum
2192 708 2331 751 mo-

379 777 625 855 liretur,
671 785 789 841 aut
830 776 1025 841 etiam
1072 795 1243 857 quae
1286 772 1578 840 eeclesiis
1620 773 1689 837 in
1737 773 2067 837 communi
2109 792 2333 838 neces-

380 864 547 928 saria
610 871 769 928 sunt
832 871 897 926 et
965 861 1158 925 utilia
1220 859 1345 926 sibi
1407 857 1704 925 curanda
1760 858 2043 924 duceret.
2132 856 2337 923 Dedit

377 968 630 1032 quoque
669 948 1002 1014 Dominus
1047 954 1121 1011 ut
1162 945 1285 1012 hoc
1326 944 1774 1027 qualecunque
1818 944 2130 1009 ecclesiae
2184 964 2335 1009 nos-

378 1041 514 1100 trae
570 1033 864 1099 studium
909 1040 977 1098 et
1017 1032 1398 1098 institutum
1442 1031 1769 1113 plerisque
1821 1028 2111 1094 ecclesiis
2156 1027 2334 1093 haud

375 1140 612 1205 parum
653 1118 1084 1186 commodarit
1118 1126 1187 1183 et
1218 1115 1789 1182 commodaturum
1823 1116 1910 1181 sit
1943 1115 2160 1181 adhuc
2194 1135 2334 1179 am-

374 1207 566 1291 plius,
602 1214 672 1270 et
705 1217 882 1272 certe
924 1215 1002 1269 ut
1048 1203 1350 1270 Calvinus
1370 1203 1510 1285 ipse
1533 1199 1742 1279 donis,
1788 1222 1954 1286 quae
1976 1199 2174 1265 habet
2194 1220 2335 1264 am-

374 1292 687 1377 plissima,
732 1299 997 1356 tantum
1040 1289 1350 1366 ecclesiia,
1396 1299 1746 1371 postquam
1780 1308 1821 1352 a
1863 1286 2049 1353 vobis
2091 1286 2335 1352 disces-

377 1378 554 1456 serit,
600 1377 1048 1454 commodarit,
1095 1373 1177 1440 ad
1211 1373 1280 1439 id
1314 1373 1437 1439 hoc
1471 1374 1689 1458 ipsum
1726 1372 2037 1439 ecclesiae
2070 1381 2336 1439 nostrae

374 1464 754 1532 institutum
799 1472 1023 1529 tamen
1066 1460 1314 1544 aliquid
1355 1459 1645 1526 contulit.
1736 1457 1886 1541 Quo
1927 1459 2135 1543 igitur
2178 1456 2336 1523 alibi

374 1551 599 1616 minus
643 1561 744 1614 est
786 1549 983 1615 huius
1028 1555 1294 1613 sanetae
1330 1555 1400 1612 et
1434 1546 1840 1612 necessariae
1882 1566 2001 1628 pro
2045 1542 2337 1609 ecclesiis

376 1634 855 1714 sollicitudinis,
901 1634 1024 1699 hoc
1066 1633 1280 1717 magis
1324 1632 1708 1698 enitendum
1752 1630 2076 1708 omnibus,
2122 1636 2202 1694 ut
2242 1627 2336 1708 id,

376 1720 548 1807 quod
592 1720 767 1806 apud
800 1741 923 1786 nos
957 1719 1288 1785 Dominus
1332 1718 1984 1802 quantulumeunque
2026 1716 2114 1780 sit
2155 1715 2335 1781 exci-

374 1809 565 1883 tavit,
609 1827 1074 1874 conservemus
1132 1814 1200 1870 et
1256 1802 1715 1887 provehamus.
1804 1802 1913 1868 Ad
1958 1802 2130 1867 hanc
2176 1821 2335 1867 vero

374 1916 514 1961 rem
575 1893 756 1959 dedit
811 1893 1141 1958 Dominus
1200 1889 1458 1956 Calvino
1516 1909 1713 1972 quam
1765 1888 2123 1970 plurimum
2180 1908 2334 1952 con-

373 1982 582 2060 ferre,
640 1977 802 2045 adeo
848 1987 926 2042 ut
972 1979 1305 2044 neminem
1362 1977 1617 2059 uspiam
1661 1975 1975 2042 sciamus.
2034 1993 2229 2056 quem
2272 1971 2336 2038 ei

377 2067 475 2133 vel
537 2066 755 2150 aliqua
810 2085 958 2147 spe,
1019 2085 1152 2130 non
1216 2062 1358 2127 dico
1416 2062 1626 2146 paris,
1687 2057 1801 2125 sed
1856 2058 2336 2142 aliquantulum

376 2151 748 2221 accedentis
813 2150 896 2216 ad
961 2170 1106 2216 eam
1172 2168 1371 2230 quam
1427 2148 1568 2229 ipse
1624 2147 1957 2229 praestitit
2012 2144 2334 2222 utilitatis,

376 2240 800 2306 sufficiamus.
865 2236 1149 2301 Interim
1194 2255 1354 2300 vero
1398 2254 1536 2310 nos,
1584 2233 1696 2316 qui
1740 2232 1812 2296 in
1852 2231 1977 2298 hac
2020 2230 2336 2313 relinqui-

373 2347 530 2394 mur
573 2324 865 2401 eeclesia,
908 2321 1093 2390 senio
1137 2318 1385 2386 morbis
1425 2341 1501 2385 ac
1542 2318 1875 2384 laboribus
1917 2317 2137 2394 fracti,
2200 2337 2336 2381 non

375 2411 591 2478 solum
637 2407 811 2493 quod
855 2405 1274 2475 ecclesiarum
1336 2405 1758 2472 necessitates
1813 2413 1949 2468 tam
2002 2401 2213 2468 multa
2270 2409 2335 2467 et

374 2498 566 2564 varia
608 2494 988 2580 requirunt,
1033 2492 1147 2559 sed
1193 2513 1313 2557 nee
1360 2490 1458 2568 id,
1517 2488 1690 2573 quod
1734 2489 2052 2555 hactenus
2096 2495 2335 2554 utcun-

374 2604 499 2667 que
560 2581 1041 2667 praestitimus,
1113 2578 1435 2643 sustinere
1490 2576 1867 2659 poterimus.
1970 2572 2051 2639 Id
2109 2581 2338 2638 autem

376 2665 777 2744 verendum,
834 2674 908 2732 ut
962 2663 1252 2731 ecclesiis
1307 2662 1516 2728 multo
1570 2662 1786 2727 maius
1844 2658 2157 2726 damnum
2204 2658 2332 2736 det,

375 2775 579 2839 quam
635 2774 813 2820 nuno
874 2771 1105 2817 omnes
1177 2747 1665 2833 perpendimus.
1766 2746 1853 2812 In
1912 2753 2051 2810 tam
2108 2754 2336 2812 sancta

374 2841 585 2926 igitur
642 2845 711 2905 et
768 2837 1134 2904 necessaria
1191 2835 1528 2902 vocatione
1586 2832 1892 2899 Calvinus
1957 2852 2162 2914 quum
2228 2833 2334 2911 sit,

375 2935 554 2994 certe
598 2945 736 2991 non
780 2931 880 2990 est
923 2921 1276 2988 reiicienda
1317 2922 1397 2998 ei,
1441 2919 1574 2986 nisi
1618 2916 1970 2985 admodum
2014 2917 2188 2982 clare
2232 2917 2334 2981 vi-

375 3012 550 3090 deat,
596 3010 774 3094 quod
807 3010 1126 3075 maiorem
1247 3008 1370 3073 ssit
1404 3006 1580 3090 apud
1615 3026 1736 3070 vos
1771 3003 2059 3070 ecclesiis
2084 3002 2336 3068 Christi

374 3100 739 3164 utilitatem
782 3095 1057 3161 adferre.
1216 3115 1252 3158 e
1295 3093 1418 3160 hoc
1470 3092 1696 3175 itaque
1755 3089 1854 3154 illi
1896 3096 1962 3154 et
2002 3089 2193 3156 nobis
2237 3086 2335 3153 di-

375 3185 668 3271 ligenter
723 3180 1190 3267 inquirendum
1260 3187 1387 3257 est,
1452 3200 1537 3244 ne
1595 3177 1903 3243 abiiciens
1956 3183 2207 3242 eertum
2269 3183 2336 3238 et

374 3270 784 3355 amplectens
858 3270 1183 3334 incertum
1247 3265 1615 3331 Dominum
1677 3271 1936 3328 tentare
2011 3259 2334 3326 videatur.

374 3355 519 3424 Iam
570 3356 725 3422 licet
768 3354 850 3420 de
885 3354 1224 3421 vocatione
1259 3359 1483 3417 vestra
1518 3351 1611 3416 sic
1647 3355 2032 3425 statuamus,
2080 3356 2156 3411 ut
2190 3367 2336 3411 eam

375 3444 566 3509 vobis
610 3440 1053 3526 gratulemur,
1105 3450 1418 3519 tanquam
1475 3456 1620 3502 eam
1679 3455 1841 3518 qua,
1895 3442 1974 3499 ut
2027 3433 2332 3512 diximus,

376 3551 506 3595 non
533 3537 794 3612 partem
817 3523 1167 3592 ministerii
1190 3522 1444 3589 Christi
1478 3521 1593 3587 sed
1628 3528 1843 3586 totum
1876 3519 2333 3596 ministerium,

373 3615 576 3699 idque
618 3635 749 3678 non
799 3611 1092 3696 tepidum
1150 3631 1311 3676 sane
1367 3609 1474 3674 vel
1529 3609 1877 3693 ignavum,
1937 3605 2053 3671 sed
2098 3604 2336 3670 ardens

377 3710 442 3766 et
485 3707 801 3784 satagens
844 3698 1103 3763 restitui
1149 3694 1331 3763 vobis
1366 3694 1717 3777 quaeratis,
1763 3701 1984 3758 tamen
2020 3697 2124 3758 est
2155 3698 2337 3758 certa

376 3786 629 3852 tradita
672 3785 743 3850 in
788 3784 1127 3867 scripturis
1170 3782 1359 3858 ratio,
1404 3800 1535 3864 qua
1555 3778 1815 3844 Calvino
1857 3775 2334 3862 explorandum

378 3874 481 3952 sit,
528 3876 591 3937 si
635 3872 775 3953 ipse
819 3871 875 3934 is
918 3870 1023 3949 sit,
1067 3888 1188 3953 per
1228 3888 1421 3951 quem
1467 3865 1631 3929 velit
1652 3863 1974 3929 Dominus
2009 3861 2183 3947 apud
2216 3883 2336 3928 vos

379 3977 669 4044 regnum
712 3977 910 4020 suum
967 3955 1135 4026 tueri
1183 3962 1249 4018 et
1293 3951 1713 4036 amplificare.
1803 3945 2116 4015 Dubitari
2159 3948 2335 4012 enim

379 4066 514 4112 non
565 4049 809 4127 potest,
877 4043 933 4106 si
990 4038 1221 4105 debeat
1276 4038 1341 4103 id
1385 4036 1695 4121 prodesse
1738 4034 1909 4119 apud
1954 4055 2105 4114 vos,
2162 4032 2337 4117 quod

376 4152 498 4215 per
540 4129 735 4208 dona,
793 4147 960 4211 quae
1003 4147 1042 4190 a
1087 4124 1372 4190 Domino
1420 4123 1651 4201 habet,
1702 4129 1918 4206 potest
1972 4120 2337 4188 necessario

496 4215 649 4293 uiri,
694 4222 769 4279 ut
809 4234 941 4277 non
987 4211 1197 4278 solum
1243 4232 1283 4275 a
1323 4210 1541 4288 vobis,
1597 4206 1713 4274 sed
1768 4208 1963 4273 etiam
2020 4227 2060 4271 a
2102 4205 2337 4271 vicinis

380 4325 463 4368 vo
510 4303 594 4381 is,
638 4310 705 4365 et
746 4300 1034 4364 maxime
1078 4295 1478 4362 Ber-natibus
1524 4294 1848 4360 ministris
1893 4292 2338 4370 ecclesiarum,

382 4395 753 4472 expetatur.
824 4385 1004 4450 Hinc
1038 4385 1107 4447 in
1144 4382 1476 4447 veteribus
1512 4380 1870 4446 canonibus
1907 4379 2339 4444 constitutum

382 4474 670 4560 legimus
729 4478 803 4537 ut
857 4471 1198 4553 episcopus
1254 4469 1449 4532 etiam
1506 4467 1749 4548 iniuria
1802 4485 1841 4527 a
1892 4465 2030 4530 suis
2089 4460 2337 4547 pulsus,

381 4581 524 4628 non
571 4559 963 4624 restituatur
1005 4564 1256 4632 tamen,
1312 4552 1437 4617 nisi
1483 4552 1843 4618 vicinorum
1891 4550 2339 4633 episcoporum

383 4645 648 4724 iudicio,
692 4665 809 4728 per
855 4662 1017 4726 quos
1070 4640 1135 4706 id
1196 4639 1445 4706 scilicet
1485 4647 1783 4714 curetur,
1841 4643 1919 4702 ut
1962 4635 2054 4700 sic
2096 4655 2341 4699 munus

386 4751 581 4798 suum
628 4737 910 4813 repetat,
970 4726 1484 4794 assentientibus
1539 4733 1606 4789 et
1659 4744 1801 4790 sese
1844 4721 2098 4788 Christi
2149 4719 2339 4785 disei-

382 4819 614 4902 plinae
656 4813 1072 4882 tradentibus
1107 4812 1412 4877 omnibus
1457 4830 1734 4894 quorum
1779 4807 1848 4873 id
1890 4808 2195 4886 interest,
2255 4827 2340 4870 ne

384 4905 581 4971 facile
627 4921 834 4968 novae
886 4900 1280 4965 offensiones
1335 4896 1645 4963 incidant.
1735 4894 1939 4978 Atqui
1982 4895 2181 4958 istam
2226 4913 2341 4957 ex-

384 4990 823 5074 plorationem
867 5008 1045 5052 nunc
1087 4985 1382 5050 obtinere
1425 5003 1558 5048 non
1596 4989 1842 5064 potest:
1889 4981 2193 5064 quocirca
2233 4998 2341 5042 ro-

388 5097 629 5162 gamus
672 5082 743 5140 et
781 5073 1187 5139 obtestamur
1228 5091 1347 5135 vos
1389 5069 1459 5134 in
1504 5067 1810 5140 Domino,
1869 5077 1947 5131 ut
1986 5065 2158 5148 quod
2203 5084 2342 5129 cer-

388 5172 537 5228 tum
595 5181 775 5228 nunc
826 5179 950 5224 nec
1000 5157 1125 5241 ipsi
1182 5156 1523 5224 consulere
1579 5175 1701 5220 nec
1754 5153 1866 5217 ille
1919 5161 2207 5218 statuere
2263 5149 2345 5215 de

388 5257 623 5316 vestra
664 5245 1005 5311 vocatione
1049 5244 1382 5328 potuimus
1397 5269 1423 5320 ,
1466 5239 1620 5307 boni
1661 5238 2050 5317 consulatis,
2110 5255 2345 5321 agnos

390 5341 640 5412 centes,
685 5333 754 5398 id
798 5330 981 5396 nullo
1023 5338 1201 5397 certe
1248 5327 1604 5394 vocationis
1643 5337 1906 5390 vestrae
1948 5328 2345 5405 contemptu,

2080 416 2242 477 1540
2286 410 2702 478 NOVEMB.

4265 418 4388 482 110

2437 597 2554 665 sed
2617 598 2936 683 religione
2990 599 3263 665 Domini
3320 599 3685 666 necessaria
3747 599 3909 665 fieri.
3998 600 4101 666 Ne
4166 609 4386 668 autem

2434 684 2599 750 haec
2638 704 2826 750 mora
2868 683 3055 750 vobis
3114 683 3329 749 fraudi
3385 685 3501 762 sit,
3558 685 3903 750 hortamur
3956 706 4078 752 vos
4131 686 4205 752 in
4248 689 4384 754 Do-

2435 770 2634 849 mino,
2678 780 2754 835 ut
2786 769 2951 835 nihil
2986 771 3544 854 praetermittatis,
3590 793 3718 853 quo
3757 770 3973 848 Vireti,
4016 773 4141 838 viri
4186 781 4263 838 ut
4300 774 4385 839 ad

2438 855 2690 921 Christi
2732 856 3173 922 ministerium
3213 856 3390 921 utilis
3423 857 3519 921 ita
3562 877 3721 922 sane
3764 863 3832 921 et
3874 858 4116 923 vestris
4159 879 4385 926 neces-

2438 942 2741 1008 sitatibus
2784 942 3455 1019 accommodatissimi,
3497 962 3696 1024 opera
3727 943 4012 1021 interim,
4059 943 4214 1009 dum
4242 944 4386 1012 Caz-

2436 1029 2623 1092 vinus
2677 1036 2930 1093 certum
2988 1025 3231 1111 aliquid
3297 1028 3689 1093 constituere
3742 1037 3970 1110 queat,
4027 1031 4307 1113 possitis,
4327 1031 4383 1113 )

2439 1134 2568 1195 qua
2611 1112 2691 1177 de
2735 1134 2808 1177 re
2849 1121 2916 1178 et
2958 1134 3078 1177 nos
3135 1112 3215 1177 ad
3275 1114 3657 1196 magnificos
3700 1114 4021 1181 Dominos
4065 1123 4133 1180 et
4175 1115 4385 1183 Sena

2439 1211 2584 1262 tum
2629 1220 2705 1264 ac
2748 1201 2949 1263 etiam
3003 1199 3241 1264 fratres
3299 1209 3556 1265 nostros
3611 1200 3752 1265 eius
3805 1201 4114 1265 ecclesiae
4157 1204 4386 1270 minis

2439 1293 2575 1349 tros
2621 1284 2847 1350 literas
2890 1284 3181 1363 fecimus,
3225 1304 3303 1349 ea
3337 1293 3515 1351 certe
3559 1306 3690 1367 spe,
3737 1293 3813 1350 ut
3848 1286 3901 1350 si
3937 1306 4075 1351 una
4106 1288 4384 1370 instetis,

2435 1370 2576 1435 fore
2620 1391 2741 1436 vos
2782 1371 2918 1435 voti
2961 1379 3290 1453 compotes
3329 1371 3516 1436 nobis
3558 1370 3996 1453 polliceamur.
4020 1373 4078 1456 )

2592 1457 2950 1522 Praeterea
2973 1463 3040 1521 et
3058 1457 3231 1521 istuc
3253 1477 3515 1522 oramus
3538 1454 3920 1536 Dominum,
3945 1466 4022 1522 ut
4042 1467 4384 1543 postquam

2439 1541 2624 1608 vobis
2667 1549 2930 1608 tantum
2973 1543 3160 1625 regni
3220 1543 3320 1607 sui
3365 1540 3761 1608 desiderium
3803 1544 4123 1623 restituit,
4184 1545 4388 1611 etiam

2438 1628 2793 1713 largiatur,
2850 1650 2928 1694 ea
2972 1628 3192 1692 omnia
3233 1628 3408 1711 apud
3450 1649 3566 1694 vos
3611 1628 3986 1695 submoveri
4026 1638 4094 1696 et
4136 1633 4386 1696 exstin-

2439 1715 2574 1798 gui,
2622 1735 2787 1797 quae
2830 1713 3289 1781 instaurationi
3329 1715 3515 1797 regni
3559 1715 3664 1780 sui
3722 1735 3979 1797 quoquo
4039 1714 4229 1783 modo
4272 1716 4387 1782 ob-

2439 1807 2613 1865 stare
2660 1807 2917 1883 queant.
3006 1800 3148 1864 Vos
3201 1821 3457 1883 quoque
3510 1821 3629 1882 per
3671 1797 3943 1865 Domini
3987 1801 4262 1885 gloriam
4321 1811 4389 1869 et

2439 1885 2719 1951 salutem
2773 1893 3064 1952 vestram
3107 1905 3446 1970 rogamus,
3501 1885 3625 1951 hac
3679 1886 3749 1950 in
3807 1906 3878 1952 re
3924 1887 4210 1953 Domino
4266 1911 4388 1957 vos

2439 1971 2694 2036 cunctis
2738 1971 3048 2038 humanis
3103 1970 3444 2037 affectibus
3499 1972 3813 2054 repressis
3871 1972 4387 2041 accommodetis.

2439 2057 2535 2123 Ut
2578 2057 2781 2142 igitur
2820 2078 2942 2123 nec
2976 2056 3107 2140 ipsi
3142 2055 3439 2122 dubitare
3473 2058 3762 2140 potestis,
3806 2059 3922 2123 vix
3966 2058 4144 2124 aliud
4187 2081 4392 2144 aeque

2440 2142 2847 2208 restituendo
2891 2142 3066 2225 apud
3112 2163 3227 2208 vos
3269 2163 3473 2226 regno
3513 2142 3767 2209 Christi
3811 2144 4146 2225 obsistere,
4192 2153 4391 2229 atque

2439 2227 2832 2294 intestinum
2885 2228 3133 2295 civium
3186 2238 3561 2294 vestrorum
3623 2236 3692 2294 et
3743 2229 3978 2294 sociale
4032 2252 4180 2295 cum
4221 2232 4392 2297 Ber-

2440 2314 2708 2380 natibus
2752 2312 3121 2391 dissidium,
3177 2315 3272 2378 ita
3326 2334 3446 2380 vos
3501 2335 3620 2396 per
3676 2313 3799 2381 hoc
3852 2315 4073 2398 ipsum
4119 2317 4392 2383 Domini

2440 2419 2743 2484 regnum,
2787 2421 2872 2465 ex
2914 2421 3039 2483 quo
3073 2410 3309 2466 cuncta
3343 2399 3712 2484 expetenda
3752 2401 3936 2468 vobis
3981 2403 4390 2483 constabunt,

2440 2484 2854 2552 obsecramus
2895 2494 2965 2551 et
3007 2484 3448 2564 obtestamur,
3504 2493 3584 2551 ut
3635 2486 3790 2553 totis
3844 2487 3917 2551 in
3973 2485 4096 2554 hoc
4139 2487 4394 2556 viribus

2439 2570 2830 2637 incumbatis
2906 2592 3035 2653 quo
3099 2580 3448 2657 utrumque
3522 2569 3864 2639 dissidium
3928 2573 4393 2658 exstinguatur

2438 2658 2701 2741 penitus
2743 2664 2813 2722 et
2866 2656 3221 2724 aboleatur.
3307 2657 3637 2723 Audimus
3679 2656 4031 2723 admodum
4072 2679 4392 2744 magnum

2439 2764 2790 2809 numerum
2836 2763 2980 2809 esse
3021 2743 3326 2810 exsulum
3345 2793 3361 2820 ,
3422 2744 3535 2827 qui
3592 2742 3701 2810 vel
3745 2742 3921 2827 pulsi
3963 2744 4127 2809 urbe
4169 2751 4390 2811 vestra

2440 2837 2626 2907 sunt,
2693 2829 2803 2895 vel
2854 2827 3031 2895 ultro
3087 2849 3231 2894 eam
3288 2828 3727 2911 reliquerunt:
3792 2827 3862 2892 hi
3917 2836 4123 2908 certe,
4183 2851 4389 2912 quum

2440 2914 2780 2980 Christum
2823 2935 2957 2980 non
3000 2915 3191 2997 plene
3207 2916 3264 2995 )
3309 2914 3597 2980 habeant
3628 2915 3699 2980 in
3742 2936 3813 2979 se
3855 2915 4209 2994 viventem,
4252 2935 4389 2981 non

2437 3009 2745 3084 poterunt
2779 3021 2914 3065 non
2949 2997 3089 3065 dies
3123 3008 3472 3082 noctesque
3514 3000 3818 3084 cogitare,
3862 3007 3932 3064 et
3972 3000 4209 3079 moliri,
4253 3023 4390 3066 non

2439 3087 2654 3153 solum
2711 3094 2786 3152 ut
2843 3083 3065 3152 sedem
3124 3093 3192 3151 et
3251 3106 3357 3152 res
3410 3108 3565 3153 suas
3620 3092 3954 3169 repetant,
4013 3085 4129 3152 sed
4186 3101 4261 3152 ut
4315 3109 4388 3154 se

2439 3173 2639 3238 etiam
2683 3170 2764 3237 de
2806 3171 2891 3237 iis
2935 3171 3339 3237 ulciscantur
3392 3192 3555 3253 quos
3611 3192 3768 3238 suae
3823 3171 4180 3238 calamitati
4233 3192 4386 3238 cau

2438 3280 2581 3325 sam
2626 3255 2885 3324 dedisse
2927 3258 3346 3324 arbitrantur.
3413 3258 3505 3322 Et
3545 3258 3873 3323 Dominus
3916 3256 4150 3323 talium
4192 3279 4387 3325 cona-

2439 3354 2549 3410 tus
2590 3355 2739 3410 tum
2779 3341 3047 3409 demum
3086 3364 3158 3408 re
3205 3344 3419 3421 rimit,
3474 3364 3679 3426 quum
3732 3363 3853 3408 nos
3906 3344 4076 3410 bono
4119 3344 4387 3411 vincere

2440 3430 2709 3496 illorum
2750 3429 2999 3495 malum
3044 3364 3412 3507 studemus,
3470 3428 3626 3494 dum
3682 3428 3764 3494 de
3817 3429 3948 3494 illis
4003 3450 4088 3494 ex
4129 3430 4386 3496 miseri-

2440 3517 2676 3594 cordia,
2723 3516 2917 3599 quale
2959 3515 3205 3583 scilicet
3246 3535 3287 3578 a
3320 3515 3604 3580 Domino
3646 3514 3834 3580 nobis
3878 3516 4177 3598 petimus,
4214 3515 4386 3581 iudi-

2440 3604 2614 3669 cium
2660 3603 2951 3679 facimus,
2998 3599 3156 3666 dum
3200 3599 3450 3666 Christi
3495 3597 3777 3682 denique
3820 3600 4129 3684 spiritum
4170 3603 4385 3684 sequi-

2440 3710 2625 3766 mur,
2683 3687 2795 3770 qui
2853 3707 2989 3752 non
3042 3683 3317 3769 perdere
3371 3684 3483 3751 sed
3539 3706 3805 3751 servare
3844 3684 4140 3752 homines
4185 3689 4386 3753 etiam

2437 3781 2807 3858 peccatores
2865 3773 3119 3856 satagit.
3206 3771 3525 3837 Fatemur
3539 3823 3554 3849 ,
3611 3769 4049 3853 periculosum
4100 3779 4202 3836 est
4247 3771 4385 3839 fac-

2437 3860 2635 3925 tiosos
2689 3859 2868 3924 cives
2913 3859 2982 3922 in
3036 3855 3367 3940 republica
3417 3855 3778 3922 admittere.
3877 3858 3972 3921 At
4025 3878 4225 3941 quum
4284 3857 4382 3922 illi

2439 3955 2661 4011 tamen
2705 3943 2883 4010 cives
2926 3943 3086 4020 sint,
3143 3951 3212 4008 et
3247 3941 3459 4007 nostri
3504 3939 4025 4025 adeoque-multi
4081 3953 4267 4018 (nam
4318 3950 4389 4009 et

2441 4028 2791 4097 multitudo
2857 4029 3375 4112 delinquentium
3455 4047 3714 4112 semper
3788 4047 4054 4094 causam
4117 4029 4387 4111 praebet

2440 4117 2766 4182 humanas
2788 4137 3030 4199 poenas
3072 4114 3468 4198 mitigandi),
3514 4110 3731 4178 danda
3764 4133 3962 4196 opera
4004 4121 4105 4179 est
4147 4121 4222 4177 ut
4254 4113 4385 4180 cle-

2442 4204 2690 4267 mentia
2733 4209 2798 4266 et
2839 4199 3282 4268 misericordia
3316 4199 3572 4265 animos
3606 4218 3782 4265 nunc
3814 4199 4116 4265 factionis
4157 4200 4385 4265 morbo

2441 4289 2717 4353 infectos
2773 4294 3068 4352 amantes
3129 4285 3521 4372 reipublicae
3564 4286 3897 4351 faciamus.
3998 4282 4386 4365 Quamlibet

2443 4376 2687 4440 feroces
2730 4372 2866 4438 sint
2910 4381 2979 4436 et
3012 4370 3283 4449 factiosi,
3329 4370 3575 4436 malent
3606 4379 3849 4448 tamen,
3897 4369 4001 4435 vel
4046 4369 4167 4435 hoo
4210 4371 4385 4436 exsi-

2443 4460 2532 4524 lio
2576 4458 2926 4536 humiliati,
2972 4458 3028 4523 si
3071 4455 3515 4522 tolerabilibus
3553 4453 4035 4522 conditionibus
4077 4456 4388 4539 recipian-

2444 4555 2588 4623 tur,
2646 4543 3016 4610 moderatos
3072 4550 3140 4607 et
3194 4542 3447 4625 legibus
3505 4541 3932 4624 obsequentes
3975 4541 4152 4607 cives
4194 4560 4385 4625 prae-

2445 4638 2637 4709 stare,
2683 4630 2880 4696 rebus
2925 4630 3060 4696 suis
3103 4635 3171 4693 et
3214 4626 3480 4692 familiis
3525 4627 3836 4702 fruentes,
3884 4647 4081 4709 quam
4124 4625 4230 4692 his
4273 4625 4386 4691 de

2444 4718 2661 4782 stituti
2704 4726 2773 4781 et
2814 4716 3030 4781 exsilii
3072 4711 3553 4782 calamitatibus
3617 4711 3828 4794 pressi
3869 4720 4129 4777 tantum
4168 4710 4386 4777 moliri

2444 4815 2521 4868 ut
2559 4804 2750 4869 vobis
2796 4812 3088 4867 noceant.
3177 4799 3270 4864 Et
3311 4798 3437 4864 nisi
3493 4797 3738 4863 malum
3781 4797 4188 4863 inimicorum
4230 4816 4385 4862 nos-

2444 4902 2699 4953 trorum
2745 4887 2924 4954 vinci
2966 4893 3192 4952 nostro
3235 4883 3405 4949 bono
3448 4891 3696 4966 posset,
3756 4882 3838 4948 ad
3882 4881 3952 4946 id
3991 4902 4111 4947 nos
4151 4879 4382 4946 Domi-

2651 5126 2711 5187 2)
2751 5126 2848 5182 Sic
2881 5125 2943 5179 in
2962 5130 3196 5192 utroque
3211 5122 3525 5192 mmmm-i.
3581 5120 3878 5177 Excidisse
3908 5117 4255 5173 videtur-voc.
4287 5122 4383 5178 uti.

2651 5195 2708 5259 8)
2749 5195 2905 5264 Quae
2945 5197 3254 5262 nequ-muu-
3295 5192 3362 5248 02
3406 5191 3709 5261 masfla&
3751 5187 4065 5246 Paridon-i
4106 5187 4384 5248 lineas*

2561 5267 2573 5277 '
2653 5333 2716 5400 4)
2753 5263 3121 5387 bedleektsszmut
3153 5259 3314 5316 nobis
3345 5260 3583 5330 vidam,
3617 5275 3688 5314 ne
3719 5259 3868 5330 typis
3900 5257 4236 5327 ceulam.
