5050 6167
415 432 535 495 785

411 621 545 694 tus,
590 615 664 680 in
704 621 1029 697 quantum
1064 611 1281 692 Deus,
1320 620 1425 680 est
1463 634 1504 679 a
1538 635 1612 680 se
1644 614 1807 697 ipso,
1852 634 2008 698 ergo
2043 612 2354 690 Christus

410 712 512 768 est
551 721 592 766 a
634 722 705 767 se
746 700 908 784 ipso.
996 700 1183 766 Haec
1225 699 1400 765 enim
1454 701 1923 783 exponentium
1978 701 2192 782 prima
2233 709 2355 766 est.

408 786 698 854 Deinde:
745 787 1069 864 Christus,
1113 785 1182 849 in
1228 795 1545 868 quantum
1589 784 1790 861 Deus,
1849 795 1950 851 est
1993 805 2033 849 a
2076 808 2146 852 se
2188 786 2352 869 ipso,

409 894 565 959 ergo
608 871 916 939 Christus
958 882 1059 937 est
1102 870 1301 936 Deus.
1390 871 1577 936 Haec
1614 873 2083 954 exponentium
2129 873 2216 947 (si
2248 892 2356 936 me

407 958 853 1043 receptissima
906 957 1390 1022 dialecticorum
1455 956 1686 1040 regula
1745 978 1878 1022 non
1932 957 2191 1038 fefellit)
2252 978 2353 1022 se-

408 1044 625 1112 cunda
666 1055 785 1118 est,
843 1063 1039 1125 quam
1089 1042 1309 1106 neseio
1364 1062 1493 1124 quo
1536 1044 1796 1107 afflatus
1839 1043 2073 1125 spiritu
2116 1042 2355 1108 asseris

406 1151 542 1195 non
586 1129 986 1213 simpliciter,
1031 1128 1147 1194 sed
1190 1126 1545 1194 seeundum
1583 1128 1739 1210 quid
1772 1127 2008 1193 debere
2049 1127 2351 1211 intelligi.

406 1216 662 1295 Profer,
722 1216 1006 1292 obsecre,
1064 1214 1472 1280 intellectum
1529 1214 1716 1279 illum
1771 1213 2133 1279 seeundum
2176 1213 2351 1296 quid,

407 1311 477 1366 ct
508 1302 640 1367 eris
673 1301 864 1366 nobis
897 1321 1180 1382 magnus
1214 1299 1479 1383 Apollo:
1518 1320 1929 1382 summopere
1951 1299 2128 1363 enim
2161 1299 2353 1364 illum

407 1387 762 1471 expenduli
804 1386 1247 1451 desideramus
1302 1385 1549 1450 audire.
1638 1384 1978 1450 Atticulae
2021 1384 2174 1450 fidei
2217 1394 2347 1450 est:

405 1472 716 1539 Christus
758 1481 863 1537 est
902 1470 1107 1550 Deus,
1153 1492 1347 1554 quem
1390 1469 1577 1537 nobis
1617 1471 1924 1536 boeotieis
1966 1472 2353 1555 aenigmat-i-

401 1560 528 1626 bus
550 1559 675 1625 hoc
708 1578 881 1624 novo
914 1566 1279 1624 commento
1314 1557 1534 1641 pergis
1566 1555 1841 1622 reddere
1894 1556 2350 1634 obscuriorem,

401 1666 600 1730 quem
636 1645 1119 1728 apertissimum
1154 1664 1297 1708 esse
1330 1641 1774 1708 conveniebat.
1861 1642 1979 1708 Uti
2017 1643 2191 1707 enim
2227 1641 2355 1707 sei·

399 1732 737 1797 entiarum
776 1729 992 1814 prima
1035 1728 1355 1812 principia
1392 1728 1804 1794 obscuritatis
1859 1727 2028 1792 nihil
2081 1727 2357 1793 eircum-

398 1818 622 1883 ferant
651 1824 927 1899 oportet,
969 1815 1211 1895 alioqui
1250 1814 1463 1896 prima
1496 1815 1819 1897 principia
1852 1834 1996 1879 esse
2029 1834 2163 1877 non
2203 1833 2353 1895 pos-

399 1913 592 1981 sunt,
659 1903 755 1969 sic
808 1909 876 1966 et
928 1901 1081 1966 fidei
1137 1900 1444 1968 articulos
1501 1900 1582 1965 ab
1635 1900 1812 1965 omni
1869 1897 2355 1982 amphibologia

398 1997 665 2073 oportet
706 2009 849 2053 esse
892 1987 1155 2052 alienos.

574 2075 831 2140 Verum
874 2074 1095 2138 forsan
1137 2072 1243 2138 hic
1276 2073 1345 2136 in
1388 2071 1858 2153 exponentium
1892 2067 2121 2133 ordine
2156 2068 2355 2134 falsus

398 2182 572 2227 sum.
671 2160 844 2226 Nam
903 2179 1099 2241 quam
1153 2156 1505 2223 secundam
1565 2178 1742 2234 voco,
1798 2163 1871 2219 tu
1928 2155 2203 2236 primam
2250 2155 2355 2218 vis

399 2267 552 2312 esse
594 2246 665 2310 in
709 2245 955 2309 ordine.
1043 2243 1285 2308 Feram
1330 2264 1520 2325 quem
1566 2242 1747 2306 voles
1788 2239 2106 2316 ordinem,
2164 2238 2356 2304 modo

397 2352 513 2398 me
534 2332 721 2397 iuxta
754 2330 1240 2395 dialecticorum
1275 2329 1677 2411 praescripta
1709 2326 1980 2410 patiaris
2015 2325 2349 2408 colligere:

398 2438 489 2482 ex
534 2416 1007 2500 reduplicativa
1062 2415 1463 2480 affirmativa
1513 2422 1913 2494 exponentes
1971 2431 2355 2477 coacervare

398 2516 469 2568 et
515 2503 986 2584 exponentium
1031 2501 1386 2584 quemlibet
1425 2499 1687 2563 inferre.
1778 2495 1972 2577 Quod
2021 2497 2076 2562 si
2125 2496 2355 2560 tuleris

397 2589 733 2670 sequitur:
778 2586 1103 2661 Christus,
1145 2587 1216 2650 in
1250 2594 1571 2668 quantum
1605 2584 1805 2650 Deus.
1851 2589 1955 2648 est
1995 2603 2036 2647 a
2078 2604 2148 2647 se
2190 2581 2357 2664 ipse,

398 2694 565 2758 ergo
622 2672 928 2739 Christus
981 2679 1083 2735 est
1134 2693 1175 2735 a
1229 2691 1300 2735 se
1351 2670 1512 2752 ipso.
1601 2669 2029 2751 Consequens
2083 2676 2185 2733 est
2234 2667 2354 2731 fal-

399 2780 576 2835 sum,
634 2759 867 2823 falsum
923 2758 1127 2839 igitur
1180 2756 1307 2821 erit
1364 2754 1772 2832 antecedens,
1822 2753 1990 2836 quod
2034 2752 2355 2818 hactenus

398 2864 642 2910 verum
675 2863 820 2909 esse
854 2841 1221 2907 defendisti.
1284 2840 1391 2906 De
1435 2841 1888 2922 consequentis
1922 2839 2205 2903 falsitate
2239 2858 2355 2902 ne·

399 2931 657 2996 minem
704 2937 861 3011 puto
902 2927 1380 2992 haesitaturum
1423 2934 1682 3008 praeter
1724 2934 1809 3001 te,
1859 2925 1989 3007 qui,
2049 2922 2205 2988 dum
2263 2924 2354 2987 ri-

399 3036 552 3082 mas
597 3015 832 3097 quibus
874 3013 1222 3078 elabereris
1266 3033 1627 3094 quaereres,
1671 3032 1901 3076 verum
1938 3030 2080 3074 esse
2123 3029 2354 3074 secun·

402 3101 569 3167 dum
626 3100 782 3183 quid
834 3120 967 3164 non
1011 3107 1231 3163 autem
1274 3097 1655 3179 simpliciter
1698 3096 1937 3161 videris
1983 3093 2355 3172 asseruisse,

401 3186 584 3270 quod
618 3208 848 3251 rursus
880 3184 981 3250 tui
1014 3183 1257 3249 oblitus
1287 3181 1669 3265 simpliciter
1699 3182 1918 3263 ipsum
1957 3202 2185 3246 verum
2216 3200 2358 3244 esse

400 3274 602 3339 fateri
645 3294 781 3336 non
823 3270 1212 3335 dissimulas.
1300 3267 1532 3352 Cyrilli
1569 3266 1889 3350 siquidem
1926 3266 2140 3342 (cuius
2174 3286 2359 3329 men·

402 3367 544 3425 tem
589 3378 737 3423 meo
781 3357 1015 3422 iudicio
1057 3356 1409 3420 oscitanter
1450 3353 1609 3418 satis
1647 3352 2007 3428 advertisti,
2053 3360 2130 3415 ut
2163 3350 2359 3434 paulo

401 3452 562 3529 post
615 3465 655 3507 a
708 3464 815 3508 me
857 3440 1107 3509 audies)
1162 3440 1513 3505 autoritate
1564 3438 1819 3521 prolata
1856 3439 1948 3503 sic
1990 3436 2358 3501 attexuisti:

405 3533 939 3614 Argumentatur
999 3528 1081 3591 ab
1137 3523 1417 3591 absurdo
1478 3531 1552 3588 ut
1606 3523 1947 3589 Christum
2002 3542 2046 3584 a
2086 3543 2158 3587 se
2214 3522 2356 3604 ipso

401 3637 555 3684 esse
579 3622 981 3698 extorqueat,
1016 3611 1361 3693 locumque
1382 3608 1617 3695 cyrilli
1654 3617 1953 3692 apertum
1990 3607 2104 3671 ais.
2161 3608 2357 3674 Unde

400 3703 534 3769 hoc
576 3701 765 3766 facile
806 3700 1147 3764 collectum
1190 3694 1439 3764 iactas?
1503 3695 1633 3761 Hic
1677 3695 1792 3760 tibi
1830 3713 2057 3768 unum,
2103 3714 2229 3775 quo
2274 3693 2357 3758 ad

400 3788 475 3855 id
520 3786 691 3870 quod
736 3788 869 3851 iam
911 3803 1247 3866 coeperam
1296 3802 1448 3845 mox
1492 3790 1804 3857 revertar,
1850 3777 2089 3842 dicam:
2151 3777 2227 3842 Si
2271 3800 2356 3842 ex

402 3896 483 3940 eo
529 3870 765 3957 Cyrilli
810 3868 987 3953 quod
1027 3867 1359 3949 protulisti
1402 3865 1776 3930 testimonio
1817 3863 2159 3930 Christum
2202 3883 2244 3926 a
2287 3886 2356 3929 sc

400 3959 551 4044 ipso
593 3978 737 4024 esse
778 3955 1102 4030 intuleris,
1147 3974 1269 4036 ego
1310 3952 1505 4034 longe
1552 3952 1789 4015 rectius
1833 3971 1915 4013 ex
1962 3949 2112 4013 hae:
2161 3947 2355 4013 Obri-

401 4057 567 4120 stus,
612 4042 682 4107 in
727 4051 1047 4125 quantum
1091 4039 1297 4111 Deus,
1354 4046 1456 4101 est
1498 4057 1536 4099 a
1594 4057 1663 4102 se
1720 4035 1882 4118 ipso,
1931 4034 2271 4100 Christum
2317 4058 2356 4100 a

402 4153 479 4198 se
522 4132 665 4212 ipso
707 4149 850 4193 esse
890 4126 1191 4191 intulero.
1280 4121 1463 4190 Nihil
1500 4123 1671 4185 enim
1720 4119 1917 4184 habet
1953 4119 2357 4186 habitudinis

403 4238 559 4282 cum
600 4216 723 4280 hoc
766 4212 1193 4296 pronunciato
1237 4208 1473 4291 Cyrilli
1518 4207 1851 4273 autoritas.
1890 4210 1970 4282 ¹²)

579 4299 833 4365 Verum
891 4307 1084 4362 extra
1149 4296 1323 4360 oleas
1380 4292 1581 4378 (quod
1644 4291 1860 4372 aiunt)
1920 4309 2195 4354 currens
2249 4290 2356 4357 hic

403 4386 735 4452 fallaciam
760 4382 1115 4449 accidentis
1154 4381 1320 4446 citra
1353 4381 1671 4443 rationem
1697 4380 1913 4442 inesse
1939 4377 2354 4459 pronuncias.

406 4470 844 4537 Tolerabilius
887 4470 1108 4534 forsan
1151 4467 1366 4532 fuerat
1408 4465 1650 4531 dicere:
1698 4484 1738 4527 a
1781 4462 1953 4527 dicto
1996 4461 2357 4527 seeundum

404 4557 567 4641 quid
636 4557 716 4621 ad
785 4553 1171 4637 simpliciter
1237 4551 1558 4616 rationem
1613 4549 1813 4614 fuisse
1878 4546 2353 4623 concinnatam,

404 4644 674 4708 tametsi
730 4652 1033 4705 neutram
1090 4639 1199 4704 hie
1250 4638 1467 4701 inesse
1524 4656 1668 4700 sum
1715 4633 2139 4712 admissurus,
2183 4633 2355 4714 quod

404 4728 916 4814 propositionem
958 4745 1080 4808 pro
1123 4745 1252 4806 qua
1293 4731 1861 4787 controversamur
1903 4740 2021 4801 pro
2057 4739 2211 4783 vere
2254 4740 2357 4784 re-

410 4814 814 4898 duplicativa
854 4811 1191 4893 receperis.
1280 4805 1574 4872 Tandem
1621 4826 1794 4880 vere,
1849 4825 1976 4887 quo
2033 4804 2209 4870 hune
2251 4826 2357 4869 ra-

408 4897 1057 4967 tiocinandimodum
1078 4894 1277 4975 probe
1317 4914 1356 4957 a
1398 4908 1466 4958 te
1499 4912 1764 4976 prorsus
1794 4890 2049 4955 elusum
2089 4910 2356 4972 persua-

410 4983 619 5063 deres,
665 4984 984 5049 adiecisti:
1075 4979 1335 5045 Protuli
1389 4979 1597 5044 multa
1650 4975 1955 5060 exempla
2012 4997 2177 5057 quae
2235 4975 2357 5040 tol-

620 5209 712 5265 12)
751 5201 1486 5277 Gyrtvmv'nlumcssnem
1530 5199 2101 5256 laudamaNostor
2141 5200 2207 5253 in
2249 5215 2357 5254 sua

411 5276 775 5356 Confessione·
797 5275 876 5356 de-
898 5274 1116 5329 Christo
1150 5271 1376 5338 Iehova,
1423 5270 1500 5324 ad
1539 5285 1703 5338 mnam
1739 5268 2100 5337 Capuae-ulus
2138 5269 2356 5336 passion

408 5348 640 5417 respicit
672 5344 820 5413 (mdo
849 5343 1049 5410 αἷς-α).
1086 5365 1089 5368 ·

623 5429 843 5486 Caluini
870 5445 1061 5500 opera.
1134 5428 1254 5484 Vol.
1289 5426 1402 5482 xl.

2101 429 2264 492 1544
2307 426 2714 496 DEOEMB.

4284 439 4405 510 ‘186

2454 614 2690 682 lendae
2723 620 3207 683 controversiae
3239 618 3634 688 sufficerent.
3708 619 3916 686 Cuius
3950 622 4212 706 generis
4245 631 4412 691 sunt

2454 700 2646 768 haec:
2695 702 2896 775 Deus,
2947 711 3269 785 quatenus
3310 704 3380 769 in
3425 704 3691 771 Christo
3733 728 3853 772 nos
3895 708 4224 788 iustificat,
4269 732 4408 777 non

2456 796 2719 852 exercet
2769 787 3087 853 iudicium
3152 788 3467 856 adversus
3529 792 3766 875 impios
3819 802 3941 860 etc.
4046 792 4108 860 Ο
4163 816 4400 861 novam

2455 873 2953 955 consequentias
3016 873 3321 940 eludendi
3398 878 3747 942 rationem!
3837 879 3943 944 De
4007 878 4407 945 affirmativa

2456 967 3028 1024 controversamur
3082 969 3150 1025 et
3203 961 3466 1026 interim
3523 964 3712 1028 nobis
3770 965 4118 1047 negativas
4160 966 4408 1049 aliquot

2457 1043 2771 1109 obtrudis.
2859 1045 3154 1111 Putasne
3196 1067 3316 1112 668
3359 1056 3498 1111 tam
3538 1048 3888 1113 infeliciter
3932 1051 4002 1113 in
4051 1049 4404 1118 dialecticis

2456 1139 2767 1202 versatos,
2812 1139 2889 1194 ut
2933 1152 2973 1196 a
3016 1141 3081 1193 te
3125 1141 3260 1194 tam
3304 1132 3491 1197 facile
3535 1134 3719 1199 nobis
3761 1134 4054 1201 sinamus
4106 1137 4400 1219 imponi?

2627 1214 2885 1279 Nedum
2926 1216 2995 1278 16
3032 1216 3434 1298 proferendis
3470 1219 3788 1301 exemplis
3810 1219 4252 1300 hallucinaris,
4287 1225 4406 1288 secl

2455 1308 2523 1364 et
2556 1300 3092 1383 exponendorum
3116 1303 3561 1384 exemplorum
3598 1325 3834 1387 aequas
3858 1305 4033 1389 leges
4058 1327 4192 1372 non
4227 1329 4401 1374 asse—

2456 1386 2694 1469 queris.
2794 1386 2934 1452 Nec
2989 1388 3164 1451 enim
3223 1407 3300 1451 ea
3355 1387 3498 1471 lege
3556 1410 3686 1471 qua
3727 1412 3869 1456 eam
3914 1413 4034 1474 pro
4075 1414 4205 1474 qua
4246 1414 4401 1460 con-

2456 1481 2899 1536 troversamur
2928 1474 3031 1549 13),
3076 1472 3363 1553 prolatas
3405 1494 3439 1536 a
3486 1483 3550 1539 te
3585 1483 3758 1540 recte
3801 1480 4200 1559 exposueris.
4264 1479 4401 1544 De—

2454 1554 2611 1621 inde
2653 1558 2887 1641 eogita,
2928 1557 3304 1624 huiusmodi
3340 1560 3685 1640 perplexas
3718 1563 4191 1644 propositiones
4233 1585 4405 1629 non·

2453 1663 2792 1725 nunquam
2870 1644 3083 1727 gratia
3147 1644 3580 1721 causalitatis,
3658 1667 4125 1729 nonnunquam
4190 1650 4404 1733 gratia

2453 1728 2993 1794 concomitantiae
3024 1730 3288 1812 exponi,
3333 1728 3413 1794 de
3433 1751 3714 1813 quarum
3758 1734 4180 1814 expositione,
4219 1735 4277 1800 si
4319 1735 4399 1799 li-

2454 1822 2633 1879 ceret
2666 1834 3139 1895 repuerascere,
3176 1815 3385 1879 multa
3419 1837 3459 1880 a
3495 1837 3599 1881 me
3634 1817 3749 1882 tibi
3788 1817 4130 1883 scribenda
4163 1820 4402 1900 forent,

2455 1920 2588 1964 non
2632 1920 2759 1981 quo
2804 1899 3134 1978 hominem
3179 1901 3559 1966 melioribus
3602 1900 3834 1967 studiis
3867 1913 4255 1987 occupatum
4298 1927 4404 1972 re-

2456 2005 2777 2061 morarer,
2835 1984 2951 2050 sed
3007 1994 3085 2050 ut
3137 1987 3479 2051 veritatem
3538 1987 3924 2069 plerumque
3980 1991 4124 2054 sine
4179 1990 4403 2057 huius-

2456 2068 2632 2133 modi
2668 2069 2915 2135 levium
2951 2091 3174 2136 rerum
3206 2072 3575 2155 cognitione
3600 2073 3954 2154 periclitari
3977 2075 4399 2160 intelligeres.

2453 2154 2686 2236 Itaque
2735 2165 2884 2237 post
2935 2156 3192 2239 prolata
3239 2157 3557 2239 exempla,
3615 2158 3847 2240 quibus
3889 2158 4008 2223 tibi
4059 2162 4404 2227 victoriam

2457 2239 2801 2323 polliceris,
2848 2240 3170 2307 adiecisti:
3215 2241 3296 2307 In
3346 2243 3449 2306 bis
3492 2244 3612 2307 etsi
3648 2244 3828 2308 nuda
3863 2246 4126 2322 veritas,
4171 2246 4242 2312 in
4288 2269 4402 2312 ex-

2456 2327 2851 2409 ponentibus
2909 2328 3035 2390 erit
3090 2329 3568 2405 controversia,
3623 2329 3676 2393 si
3740 2330 3887 2412 quis
3946 2331 4151 2395 rixari
4208 2332 4398 2398 velit:

2457 2433 2688 2478 verum
2745 2434 3002 2493 semper
3057 2413 3293 2480 solutio
3347 2414 3545 2496 plana
3600 2421 3716 2478 est.
3807 2413 3883 2479 Si
3925 2435 4073 2480 cum
4115 2414 4401 2497 homine,

2457 2519 2608 2562 eum
2653 2519 2782 2580 quo
2823 2498 2989 2563 nibil
3030 2499 3194 2563 mihi
3243 2520 3534 2580 unquam
3578 2499 3810 2564 fuisset
3851 2502 4239 2579 commercii,
4284 2522 4402 2568 ne-

2457 2585 2710 2665 gotium
2765 2592 2940 2648 68861
2996 2606 3071 2650 ac
3126 2585 3543 2656 concertatio,
3587 2582 4124 2652 excandescerem
4167 2606 4242 2652 ae
4286 2587 4404 2653 ho·

2457 2669 2703 2732 minem
2740 2678 2874 2733 tam
2909 2669 3382 2751 intempestive,
3404 2668 3905 2752 respondentem
3938 2672 4011 2735 in
4046 2674 4405 2758 Anticyras

2459 2753 2835 2836 relegerem.
2925 2753 3060 2835 Qui
3109 2758 3235 2832 fiet,
3282 2755 3563 2833 obsecro,
3610 2757 3722 2832 vir¹
3753 2755 4022 2832 erudite,
4071 2767 4145 2821 ut
4177 2759 4247 2822 in
4286 2780 4404 2823 ex-

2460 2838 2693 2920 emplis
2757 2837 2957 2921 plana
3018 2841 3106 2905 sit
3171 2842 3416 2906 veritas
3479 2850 3545 2905 et
3600 2842 3669 2906 in
3734 2843 4208 2925 exponentibus
4255 2864 4406 2926 per·

2458 2924 2791 3006 plexitas‘?
2861 2925 3241 3008 Pergemus‚
3306 2936 3381 2989 ut
3424 2926 3612 2991 video
3657 2935 3720 2991 te
3764 2938 3990 2992 autore
4034 2939 4266 3010 aperta
4308 2936 4406 2993 te-

2459 3010 2682 3075 nebris
2738 3010 3075 3075 involvere
3130 3023 3198 3075 et·
3252 3011 3468 3076 lucem
3517 3011 3798 3078 nubibus
3848 3013 4167 3079 obducere
4212 3023 4410 3096 atque

2459 3095 2758 3177 ignotum
2802 3117 2919 3179 per
2961 3096 3251 3179 ignotius
3294 3117 3637 3180 exponere.
3726 3096 4064 3180 Addisque
4107 3099 4406 3165 tandem:

2460 3179 2724 3246 Sufficit
2765 3203 2876 3245 eas
2920 3182 3133 3265 aliquo
3175 3181 3367 3245 modo
3421 3181 3524 3246 vel
3579 3182 3934 3248 seeundum
3979 3183 4263 3267 aliquem
4304 3186 4409 3249 in-

2460 3267 2793 3334 tellectum
2838 3287 3028 3333 veras
3070 3288 3228 3332 esse.
3311 3265 3599 3350 Indigna
3630 3266 3893 3347 quidem
3934 3276 3999 3334 te
4035 3269 4412 3336 huiusmodi

2462 3354 2831 3434 responsi0,
2887 3373 3015 3434 qua
3070 3351 3226 3416 dum
3277 3351 3442 3416 mihi
3495 3354 3589 3416 uti
3648 3352 3869 3417 licebit
3923 3353 4028 3418 vel
4083 3354 4410 3420 Gordium

2463 3435 2664 3519 (quod
2707 3436 2920 3521 aiunt)
2963 3438 3206 3502 nodum
3240 3437 3424 3520 quasi
3459 3437 3750 3502 Tenedia
3788 3437 4055 3520 bipenni
4111 3462 4257 3505 sum
4309 3439 4409 3505 di·

2461 3524 2802 3592 scissurus.
2902 3524 3153 3588 Audivi
3208 3524 3363 3587 olim
3407 3521 3824 3589 Serbonistas
3881 3522 3987 3608 (ut
4028 3535 4288 3601 vocant)
4335 3527 4410 3591 in

2462 3607 2764 3674 Serbona
2815 3608 3138 3674 rixantes:
3193 3629 3428 3673 verum
3483 3629 3711 3672 eorum
3757 3629 3948 3673 nemo
3993 3619 4124 3674 tam
4168 3612 4408 3677 intem·

2460 3694 2786 3776 pestivam
2824 3693 3046 3757 attulit
3066 3695 3572 3775 responsionem.
3609 3694 3721 3775 qui
3759 3692 3841 3757 ab
3876 3715 4075 3759 arena
4106 3699 4409 3777 protinus

2459 3801 2593 3844 non
2640 3777 3009 3844 discesserit
3041 3779 3439 3843 exsibilatus.
3529 3780 3635 3843 Da
3671 3787 3890 3843 utram
3927 3780 4107 3844 voles
4146 3790 4405 3846 eontra·

2461 3864 2763 3930 dictionis
2799 3872 3072 3945 partem,
3111 3863 3301 3929 facile
3333 3863 3537 3938 illam,
3582 3865 3636 3928 si
3671 3885 3778 3927 me
3815 3861 3938 3929 hoe
3973 3865 4409 3946 responsionis

2461 3969 2700 4032 genere
2740 3950 2832 4014 uti
2879 3949 3125 4025 tuleris,
3172 3970 3440 4032 pergam
3487 3948 3849 4013 defendere.

2634 4032 2769 4099 Sed
2807 4034 2962 4116 quid
2997 4033 3104 4100 1116
3147 4055 3185 4098 a
3229 4044 3292 4098 te
3328 4035 3450 4098 sim
3488 4033 3849 4110 auditurus,
3896 4035 4056 4099 satis
4090 4034 4403 4119 intelligo.

2460 4118 2717 4199 Nempe
2782 4121 3038 4185 rixosus
3104 4119 3211 4183 hic
3274 4121 3484 4202 garrit
3546 4118 3855 4202 sophista,
3920 4117 4089 4183 nihil
4149 4132 4409 4201 praeter

2461 4203 2738 4285 puerilia
2792 4204 3093 4270 afferens.
3182 4204 3332 4269 Non
3384 4214 3487 4269 est
3539 4204 3658 4270 tibi
3715 4204 3890 4288 apud
3943 4226 4050 4269 me
4115 4205 4408 4288 praefata

2462 4288 2677 4366 venia,
2744 4289 2998 4353 etiamsi
3055 4310 3160 4354 me
3217 4288 3400 4354 mille
3453 4290 3709 4373 probris
3764 4300 3879 4354 aut
3941 4291 4407 4357 scommatibus

2461 4372 2966 4451 insimulaveris,
3021 4374 3215 4439 modo
3270 4375 3603 4458 integrum
3665 4374 4060 4439 christianae
4114 4376 4408 4443 caritatis

2461 4458 2801 4525 vinculum
2856 4466 3248 4542 perseveret,
3303 4461 3475 4542 quod
3530 4481 3737 4544 spero.
3837 4459 4115 4525 Interim
4166 4473 4407 4543 autem,

2461 4565 2588 4626 666
2633 4544 2795 4609 illud
2840 4555 3024 4608 tuum
3052 4544 3457 4627 paradoxum
3492 4566 3831 4624 assereres,
3869 4543 3954 4609 ad
3989 4547 4408 4630 antiquorum

2458 4630 2803 4712 praesidia,
2848 4639 3108 4713 praeter
3150 4651 3362 4694 meam
3407 4632 3979 4713 exspectationem,
4037 4633 4406 4716 confugisti.

2459 4715 2630 4782 Nam
2690 4726 2805 4781 aut
2857 4715 3011 4782 fidei
3067 4716 3383 4783 articulus
3440 4727 3557 4791 est,
3616 4727 3731 4780 aut
3772 4716 4064 4781 articulis
4107 4716 4407 4785 haerens.

2461 4800 2656 4881 Quod
2713 4803 2769 4865 81
2823 4822 2938 4883 pro
2997 4801 3270 4867 articulo
3328 4800 3612 4874 duxeris,
3671 4802 3970 4882 inprimis
4030 4802 4409 4871 divinarum

2460 4888 2936 4970 seripturarum
2981 4884 3327 4952 ambienda
3371 4896 3562 4950 erant
3613 4886 3944 4971 suffragia,
4001 4887 4408 4972 quandoqui-

2461 4973 2610 5038 dem
2666 4974 2852 5037 iuxta
2893 4971 3199 5056 Dionysii
3256 4973 3654 5036 sententiam
3697 4993 3832 5036 non
3877 4978 3978 5036 cst
4033 4973 4409 5040 audendum

2461 5058 2675 5123 dicere
2719 5059 2799 5123 dc
2841 5056 3257 5124 substantiali
3302 5057 3642 5121 divinitate
3678 5067 3938 5139 praeter
3980 5078 4057 5122 ea
4098 5080 4263 5139 quac
4306 5059 4408 5125 di·

2463 5145 2707 5209 vinitus
2764 5144 2951 5209 nobis
3003 5165 3089 5208 ex
3142 5143 3344 5208 saeris
3402 5142 3672 5226 eloquiis
3715 5163 4026 5225 expressa
4066 5154 4240 5208 sunt.
4328 5143 4408 5212 Si

2672 5331 2967 5388 131Dmt
3000 5330 3217 5399 aliquid
3249 5336 3301 5384 et
3333 5335 3515 5386 mus
3549 5335 3848 5399 corruptus
3878 5325 4113 5385 videam
