5050 6167
428 441 542 503 617

422 624 898 692 Ber-»sardonum
940 622 1306 692 senensem
1320 676 1337 706 ,
1382 646 1697 711 magnum
1740 636 1809 694 et
1850 629 2256 712 praeclarum
2279 630 2378 695 vi-

422 732 587 785 rum.
630 713 746 795 qui
786 731 904 777 suo
950 711 1235 779 discessu
1273 733 1408 779 non
1441 734 1676 796 pamm
1710 713 1971 780 Italiam
2006 716 2373 782 commovit.

422 797 490 864 Is
532 804 610 862 ut
650 797 835 864 vobis
877 818 997 864 suo
1041 799 1307 864 nomine
1349 799 1629 866 salutem
1670 799 2106 867 adscriberem
2168 801 2373 885 petiit.

422 882 586 949 Vale
641 883 882 949 iterum
935 906 1085 950 cum
1130 892 1247 951 tua
1288 885 1571 966 familia,
1636 908 1832 970 quam
1877 886 2062 952 Deus
2117 908 2377 971 semper

422 968 753 1036 custodiat.
847 970 1161 1037 Genevae
1212 977 1288 1036 14
1333 971 1657 1039 calendas
1701 973 1979 1039 Martias
2030 978 2212 1039 1543.

1323 1555 1476 1627 455.

863 1693 1456 1762 PELLICANUS
1501 1693 1929 1762 OALVINO.

597 1865 856 1946 Quaerit
889 1886 977 1931 an
1000 1886 1215 1931 verum
1240 1867 1326 1932 sit
1351 1867 1514 1948 quod
1540 1867 1616 1932 de
1639 1866 1895 1934 Farello
1922 1868 2371 1949 circumfertur,

414 1970 558 2016 eom
599 1951 675 2016 de
723 1951 1172 2018 Turicensibus
1211 1953 1530 2018 ministris
1569 1953 1732 2019 male
1772 1954 2014 2020 dixisse
2027 1953 2064 2019 ‚9
2151 1953 2377 2021 Partes

413 2038 729 2119 quasdam
769 2036 1065 2103 editionis
1111 2038 1507 2104 Parisiensis
1554 2039 1885 2105 bibliorum
1947 2040 2377 2107 hebraicorum

413 2142 573 2206 quos
606 2123 880 2189 nondum
901 2124 1182 2205 possidet
1221 2125 1502 2191 Genevae
1539 2146 1737 2191 eume
1779 2126 1963 2207 cupit.

743 2295 848 2361 (Ex
884 2296 1221 2366 autographo
1257 2294 1386 2350 eod.
1423 2296 1626 2351 Genev.
1666 2296 1783 2363 110,
1820 2297 1912 2351 fol.
1942 2297 2045 2360 15.)

408 2465 726 2531 Piissimo
805 2465 1303 2551 doctissimoque
1382 2468 1688 2553 theologo
1774 2468 2008 2534 Ioanni
2096 2468 2376 2536 Calvino

411 2551 727 2618 ecclesiae
787 2552 1202 2619 Genevensis
1267 2555 1512 2637 pastori
1580 2562 1803 2620 sancto
1870 2563 1939 2620 et
1992 2554 2374 2622 fidelissimo

1035 2640 1244 2706 amico
1286 2639 1759 2707 colendissimo.

591 2772 662 2840 S.
697 2774 884 2856 Quae
908 2773 988 2841 de
1009 2776 1468 2843 communibus
1513 2779 1912 2844 christianae
1956 2779 2219 2861 pietatis
2262 2800 2376 2845 ne·

407 2860 610 3011 &tiis
655 2860 1001 2926 scribenda
1034 2872 1209 2941 sunt,
1255 2864 1543 2946 piissime
1576 2864 2074 2949 doctissimeque
2098 2863 2376 2940 Calvino,

475 2947 836 3030 ullinqerus
891 2956 1114 3013 noster
1178 2951 1556 3032 exsequitur
1614 2961 1864 3029 tecum,
1923 2958 1999 3016 ut
2055 2951 2376 3017 eiusmodi

406 3032 606 3113 nihil,
650 3033 804 3111 scio,
851 3053 1020 3098 ame
1055 3042 1257 3116 petas.
1304 3035 1448 3119 Ego
1493 3035 1660 3100 nihil
1704 3035 1880 3101 aliud
1926 3037 2135 3103 habeo
2180 3058 2375 3120 qnam

408 3118 812 3185 desiderium
855 3119 1182 3203 profectus
1226 3122 1557 3203 magnifici
1601 3142 1719 3205 per
1743 3130 1808 3187 te
1848 3131 1915 3188 et
1959 3130 2105 3189 tuos
2129 3124 2374 3206 passim

410 3205 656 3271 fratres
719 3205 1078 3289 ampliandi
1136 3205 1207 3269 in
1253 3205 1507 3271 Gallias
1551 3215 1618 3271 et
1660 3207 1890 3274 salutis
1949 3209 2371 3277 incolumita-

406 3290 626 3374 tisque
684 3298 870 3371 tuae,
931 3299 1008 3357 ut
1047 3291 1118 3355 in
1165 3312 1325 3376 agro
1370 3289 1693 3358 dominico
1735 3315 2029 3376 operose,
2094 3296 2377 3361 fideliter

406 3385 474 3442 et
516 3376 802 3443 feliciter
845 3398 1249 3460 promoveas,
1295 3377 1375 3443 ad
1423 3378 1700 3462 gloriam
1721 3378 1852 3444 Dei
1894 3389 1961 3445 et
2004 3383 2376 3447 animarum

408 3461 714 3528 salutem.
806 3464 1179 3530 Accusatus
1245 3472 1346 3530 est
1403 3484 1562 3529 vero
1617 3465 1952 3531 nobiscum
2017 3468 2234 3533 nescio
2295 3467 2375 3532 de

406 3548 652 3631 quibus
696 3549 912 3615 verbis
955 3549 1295 3615 iniuriosis
1353 3548 1854 3616 candidissimus
1898 3554 2147 3619 amicus
2191 3574 2376 3619 mens

409 3642 480 3699 et
549 3633 656 3701 vir
720 3642 985 3701 sanctus
1052 3635 1454 3702 Guillelmus
1501 3635 1817 3715 Farellus,
1884 3640 2070 3720 quasi
2136 3638 2379 3704 dixerit

406 3740 554 3799 nos,
602 3720 958 3805 Tigurinae
996 3722 1307 3788 ecclesiae
1350 3722 1634 3806 perfidos
1678 3722 1970 3788 doctores
2006 3742 2072 3789 et
2105 3725 2376 3791 minime

409 3806 723 3885 sinceros,
771 3827 845 3872 ac
890 3807 1283 3892 deceptores.
1375 3806 1454 3874 Id
1511 3829 1632 3894 ego
1678 3830 1807 3874 non
1862 3808 2053 3874 credo
2108 3810 2374 3892 dixisse,

407 3891 841 3975 miratorque,
887 3894 942 3957 si
986 3892 1280 3973 dixisset,
1327 3916 1459 3978 qua
1502 3896 1758 3960 ratione
1794 3902 1860 3959 et
1881 3896 2113 3978 quibus
2137 3897 2377 3963 nostris

410 3974 757 4043 demeritis
821 3990 1213 4062 provocatus
1279 3980 1570 4046 dixisset.
1661 3980 1739 4047 Si
1795 3990 1866 4046 tu
1922 3981 2251 4064 quidpiam
2305 3984 2376 4047 in

408 4083 615 4129 causa
667 4063 930 4147 pietatis
984 4074 1051 4129 et
1115 4065 1451 4133 doctrinae
1506 4067 1676 4132 nosti
1723 4088 1763 4132 a
1805 4068 1991 4133 nobis
2034 4087 2378 4149 perperam

409 4168 488 4215 ac
531 4150 862 4216 insincere
897 4150 1004 4217 vel
1046 4160 1276 4217 contra
1309 4174 1540 4219 sanum
1577 4152 1985 4219 intellectum
2021 4153 2378 4235 scripturae

412 4236 739 4319 scriptum
785 4235 895 4301 vel
937 4236 1218 4317 dictum,
1264 4238 1527 4305 obsecro
1567 4239 1670 4305 vel
1718 4258 1825 4304 me
1869 4260 2000 4304 non
2045 4239 2235 4318 celes,
2282 4246 2379 4304 et-

411 4321 471 4388 si
497 4321 669 4389 velis
712 4329 964 4388 secreto
987 4322 1402 4403 servandum,
1449 4324 1533 4390 ad
1568 4324 2094 4391 emendationem
2121 4346 2380 4391 morum

410 4408 524 4474 vel
567 4408 922 4475 doctrinae.
967 4410 1281 4476 Dolerem
1324 4410 1516 4477 valde
1558 4409 1758 4476 talem
1789 4419 1855 4476 et
1875 4418 2138 4476 tantum
2159 4411 2378 4477 virum

410 4501 652 4561 contra
694 4516 816 4560 nos
860 4495 1149 4579 qualibet
1192 4498 1445 4562 ratione
1501 4496 1671 4561 iuste
1727 4504 2094 4580 permotum
2154 4504 2381 4563 nostra

411 4580 640 4664 culpa,
700 4579 806 4646 vel
849 4602 971 4647 sua
1012 4582 1286 4662 iniuste,
1343 4582 1516 4666 quod
1558 4604 1752 4667 aegre
1797 4581 2199 4649 crediderim.
2287 4584 2382 4663 Et

411 4665 583 4734 haec
636 4667 758 4732 tibi
822 4668 894 4733 in
949 4690 1176 4734 aurem
1242 4667 1539 4734 dixerim.
1567 4671 1616 4752 ¹)
1703 4668 1909 4735 Ulcus
1967 4669 2144 4733 enim
2207 4667 2382 4752 apud

409 4751 732 4835 quosdam
777 4761 1152 4821 nostrorum
1181 4756 1611 4838 suppurascit,
1656 4755 1766 4837 qui
1791 4763 2053 4837 praeter
2072 4755 2381 4820 meritum

412 4846 485 4989 315
545 4840 709 4906 falso
774 4841 869 4907 sic
933 4862 1051 4908 nos
1115 4841 1368 4908 traduci
1423 4862 1463 4906 a
1517 4846 1703 4905 tanto
1765 4841 1909 4907 viro
1974 4839 2252 4907 credunt
2315 4848 2383 4906 et

456 4926 659 4992 olent.

591 5013 719 5080 Est
761 5033 920 5079 vero
942 5013 1113 5096 quod
1134 5015 1250 5081 abs
1274 5020 1339 5079 te
1376 5011 1854 5080 velaDomino
1877 5019 1945 5077 et
1985 5011 2190 5077 fratre
2231 5033 2378 5078 meo

428 5096 642 5165 Vireto
685 5099 974 5166 officium
1015 5120 1312 5184 exposco.
1403 5098 1618 5184 Cupio
1661 5098 1840 5164 enim
1875 5098 2215 5165 Francisci
2253 5099 2378 5165 Va·

415 5290 654 5301 ——.‚-—-
667 5294 732 5301 --μ
763 5294 820 5300 ,—

453 5391 588 5452 455.
623 5392 681 5458 1)
722 5391 946 5447 Caluini
977 5407 1303 5463 responsum
1336 5390 1559 5448 habebi·
1591 5392 1750 5460 infra
1785 5392 1855 5446 N.
1891 5390 2010 5446 462.

2103 442 2265 506 1543
2307 439 2772 508 FEBRUAR.

4321 450 4448 514 518

2481 629 2634 694 tabli
2690 629 3088 696 Parisiensis
3143 628 3463 697 editiones
3523 631 3863 698 hebraicas
3921 638 4145 699 textus
4200 637 4367 702 sacri
4386 636 4445 721 ²)

2481 716 2790 799 consequi
2835 716 2889 781 si
2934 715 3051 798 qui
3092 721 3249 781 sunt
3291 716 3559 783 venales
3602 717 3955 798 vobiscum,
4000 719 4075 784 in
4101 719 4215 785 illa
4235 721 4446 787 forma

2480 822 2610 884 qua
2650 801 2786 866 iam
2829 821 3005 868 nunc
3049 800 3258 868 habeo
3300 803 3568 867 Esaiam
3587 854 3602 878 ‚
3648 802 4027 883 Ieremiam,
4072 805 4441 885 Danielem,

2479 886 2621 952 XII
2674 886 3044 969 Prophetas
3104 888 3416 954 minores:
3485 887 3605 955 hos
3669 891 3880 970 enim,
3945 890 4242 975 inquam,
4308 892 4444 958 iam

2481 971 2687 1039 dictos
2730 972 2993 1073 quidem
3038 971 3260 1039 habeo.
3323 972 3384 1039 Ο
3431 981 3642 1041 tarem
3685 985 3903 1075 autem
3946 977 4243 1043 residuos
4285 999 4441 1062 quo·

2479 1066 3133 1224 &xszzfffflfflt
3150 1066 3334 1224 ‚⁶33¹ss
3374 1060 3752 1222 0t²¹123²ai1¹1¹0¹⁸11
3794 1061 4443 1214 1.ῒῖἕὲὲέἱῶ

2480 1230 2692 1295 forma
2733 1230 2816 1296 ob
2858 1229 3120 1295 literam
3172 1231 3603 1297 maiusculam
3657 1253 3823 1315 quae
3879 1233 4046 1299 mihi
4091 1235 4233 1299 seni
4276 1234 4445 1300 foret

2480 1316 2746 1399 gratior.
2837 1313 2916 1382 Si
2959 1316 3073 1399 qui
3123 1335 3303 1381 nunc
3345 1317 3512 1383 tales
3556 1318 3821 1384 venales
3880 1326 4040 1385 sunt
4082 1319 4439 1398 vobiscum,

2481 1401 2719 1467 harum
2753 1402 2926 1468 lator
2966 1401 3131 1477 mihi
3177 1401 3427 1469 adferet
3465 1411 3534 1469 et
3576 1404 3859 1486 pretium
3901 1424 3942 1469 a
3985 1427 4091 1471 me
4133 1406 4443 1489 suscipiet

2480 1484 2769 1640 digmmd
2859 1489 3006 1573 Age
3048 1509 3167 1572 per
3209 1499 3276 1554 te
3321 1489 3426 1555 vel
3470 1490 3672 1555 alium
3715 1498 3792 1555 ut
3833 1490 4037 1556 sciam
4080 1490 4238 1575 quid
4278 1491 4444 1557 mihi

2480 1595 2512 1638 s
2598 1595 2721 1639 ran
2769 1596 2900 1639 um.

2514 1594 2597 1657 pe
2653 1661 3015 1725 Dominum
3059 1665 3127 1725 et
3168 1660 3440 1726 fratrem
3489 1660 3775 1727 Viretum
3817 1663 4007 1745 cupio
4030 1663 4120 1727 .in
4157 1663 4443 1729 Domino

2479 1766 2738 1828 semper
2759 1766 2910 1813 cum
2930 1745 3201 1812 ecclesia
3225 1754 3568 1830 tecumque
3612 1747 4023 1831 gaudentem.
4089 1747 4444 1815 Commen-

2478 1830 2664 1897 datos
2720 1831 2914 1898 credo
2969 1831 3173 1898 habes
3228 1832 3348 1898 fibi
3394 1833 3574 1898 viros
3643 1834 3905 1901 exsules
3959 1833 4162 1899 Italos
4215 1835 4439 1901 bonos.

2476 1918 2571 1982 Et
2612 1917 2727 2001 qui
2768 1918 3107 1985 nobiscum
3149 1926 3307 1984 sunt
3348 1917 3495 1998 duo,
3540 1919 3707 1985 bene
3751 1926 3821 1985 et
3856 1920 4102 1987 habent
4139 1925 4206 1985 et
4237 1929 4444 2005 agunt

2477 2003 2608 2068 Dei
2653 2004 2868 2087 gratia
2910 2012 2979 2069 et
3022 2003 3364 2069 hominum
3430 2004 3720 2070 caritate.
3816 2006 3984 2072 Vale
4048 2007 4117 2071 in
4175 2006 4442 2073 Christo

2477 2087 2769 2154 Domino
2811 2096 3054 2156 nostro.
3113 2088 3515 2171 Quid,Metis
3555 2101 3794 2176 agatur
3833 2112 4103 2175 prorsus
4123 2092 4373 2177 ignoro.
4383 2095 4441 2171 ⁸)

2477 2174 2691 2259 Cupio
2745 2183 2964 2241 autem
3018 2184 3097 2242 ut
3152 2176 3370 2241 omnia
3414 2173 3499 2242 ad
3541 2176 3821 2260 gloriam
3865 2177 3994 2244 Dei
4042 2186 4110 2243 et
4151 2178 4441 2245 consola-

2479 2262 2727 2327 tionem
2770 2261 3083 2327 fidelium.
3166 2262 3399 2346 Tiguri
3443 2266 3481 2326 3
3526 2263 3755 2328 Martii
3810 2268 3986 2329 1543.

3097 2382 3279 2448 'l'uus
3322 2388 3497 2448 totus
3539 2381 3887 2449 Oonradus
3930 2383 4325 2451 Pellicanus.

3252 2661 3363 2668 Μ
3380 2660 3591 2667 -·—---——-—
3616 2662 3649 2668 -

3381 2859 3535 2932 456.

2980 2997 3467 3067 OONZENUS
3514 2998 3951 3065 OALVINO.

2652 3169 2935 3237 Blandis
2968 3170 3173 3237 verbis
3214 3191 3358 3237 eum
3398 3169 3712 3245 demulcet,
3755 3169 3997 3254 sibiwe
4040 3172 4174 3238 iam
4201 3172 4444 3241 dissen-

2479 3277 2597 3323 sus
2630 3258 2794 3322 inter
2826 3258 3000 3339 ipsos
3040 3257 3321 3323 alicuius
3361 3277 3557 3338 neque
3591 3276 3850 3323 causam
3883 3278 4080 3340 neque
4111 3260 4444 3345 vcstiyium

2478 3363 2801 3425 superesse
2837 3343 3217 3427 yratulatur,
3262 3343 3494 3411 scilicet
3515 3342 3770 3408 Bernae
3810 3342 3939 3409 sibi
3982 3345 4222 3413 attritis
4260 3346 4443 3413 rebus

2479 3430 2615 3495 iam
2663 3428 2947 3495 chevae
2983 3429 3294 3512 fautorem
3334 3430 3751 3512 quaesiturus.

2823 3600 2930 3668 (nx
2965 3599 3303 3670 autographo
3338 3599 3468 3655 eod.
3505 3599 3711 3654 eenev.
3752 3598 3993 3672 109,f01.
4029 3574 4107 3669 91>

2482 3754 2869 3822 Clarissimo
2956 3755 3099 3821 viro
3175 3753 3263 3818 D.
3330 3753 3566 3820 Ioanni
3652 3753 3931 3821 Calvino
4020 3755 4440 3823 Genevatum

2482 3842 2784 3924 episcopo
2828 3839 3334 3926 vigilantissimo
3376 3841 3567 3990 fratiri
3607 3839 3732 3906 sibi
3775 3842 3846 3905 in
3891 3843 4179 3908 Domino
4222 3841 4441 3910 obser·

3350 3947 3482 3991 van
3528 3946 3584 3991 o.

2655 4060 2724 4128 S.
2771 4063 3016 4129 Rarius
3030 4114 3045 4142 ,
3110 4063 3338 4142 fateor,
3399 4083 3595 4146 quam
3651 4064 4021 4129 animorum
4064 4072 4441 4132 nostrorum

2483 4148 2877 4231 exposcebat
2896 4150 3154 4228 caritas,
3194 4148 3277 4214 ad
3301 4157 3367 4213 te
3392 4149 3625 4228 scrib0,
3665 4148 3923 4215 Calvine
3956 4148 4207 4230 dilecte,
4246 4173 4439 4235 quem

2482 4234 2648 4299 mihi
2703 4236 2974 4300 fratrem
3038 4236 3111 4300 in
3165 4233 3452 4300 Domino
3522 4235 3862 4318 amplexor
3916 4233 4439 4302 desiderantissi-

2481 4340 2682 4385 mum.
2702 4320 2750 4405 ¹)
2835 4321 3065 4399 Porro,
3124 4321 3248 4386 etsi
3293 4320 3467 4400 olim,
3514 4319 3672 4386 dum
3715 4342 3792 4393 ea
3834 4320 4130 4387 fortassis
4172 4322 4443 4389 duraret
4516 4396 4521 4401 ,

2483 4413 2551 4470 et
2590 4427 2811 4471 rerum
2849 4407 3094 4473 iniuria
3137 4415 3204 4472 et
3245 4406 3442 4473 simul
3485 4407 3768 4472 fatorum
3807 4407 4050 4490 passim
4085 4407 4440 4475 inclemen-

2483 4491 2595 4569 tia,
2639 4492 2946 4557 nonnihil
2989 4493 3328 4559 dissiliisse
3373 4493 3585 4560 videri
3628 4500 3934 4575 poterant
3975 4493 4198 4572 animi,
4231 4494 4303 4559 in
4327 4496 4438 4562 bo-

2483 4598 2647 4642 num
2689 4584 2914 4643 tamen
2955 4588 3304 4663 cooperata
3343 4588 3498 4646 sunt
3541 4578 3832 4661 utrisque
3875 4578 4113 4659 omnia,
4159 4578 4321 4647 adeo
4365 4589 4441 4648 ut

2487 4756 2817 4764 0————--.—
2878 4755 2891 4761 η

2689 4835 2876 4899 2)Lo
2955 4833 3427 4889 itursiuedubic
3474 4833 3541 4887 de
3586 4830 3726 4886 Rob.
3773 4833 4049 4902 Stephani
4096 4835 4335 4890 editions
4380 4854 4433 4892 a.

2484 4904 2624 4959 1539
2675 4920 2818 4973 seqq.
2908 4904 3155 4985 wodecim
3203 4903 3505 4984 particulis
3552 4917 3666 4956 com
3741 4901 3960 4971 elaeusa,
4008 4919 4150 4971 quae
4195 4922 4249 4958 a.
4301 4904 4436 4959 1543

2482 4992 2552 5030 ne
2587 4975 2839 5029 absoluta
2873 4974 3090 5042 quadem
3123 4979 3258 5027 erat.
3322 4972 3461 5028 Vade
3496 4972 3632 5026 Mas
3685 5011 3715 5051 .·
3758 4972 3819 5025 T.
3855 4973 3909 5027 Ι.
3939 4988 4004 5041 p.
4040 4972 4128 5025 24.
4235 5042 4245 5052 υ

2689 5044 2750 5105 3)
2789 5043 3118 5111 Ευαπρεῑίοί
3149 5043 3354 5123 legatos
3389 5041 3475 5122 ad·
3499 5042 3793 5110 principes
3829 5040 4135 5096 Germanos
4167 5049 4438 5098 miserm

2481 5129 2543 5168 co
2578 5117 2836 5193 tempore,
2871 5129 3123 5194 quorum·
3140 5112 3418 5193 auxilium
3450 5111 3804 5179 invocabant,
3852 5110 4212 5234 ⁸⁶}fmffa‘
4286 5111 4436 5236 qucss

2479 5183 2722 5307 cvm
2754 5181 2937 5304 eds:
2971 5182 3551 5320 swas...
3451 5186 3504 5235 ά
3543 5186 3883 5329 &meets
3896 5196 4075 5304 ..πε
4108 5196 4203 5303 ¹22·
4231 5196 4437 5321 a...

2482 5321 2559 5375 ad
2639 5320 2853 5374 omitem
3026 5360 3040 5374 .
3076 5319 3144 5375 de
3178 5320 3568 5390 F'ursteubery.
3640 5318 3900 5389 (erchli.
3929 5333 3993 5387 p.
4030 5318 4142 5380 43.)

2432 5344 2438 5446 Γ
2513 5389 2648 5452 45⁰.
2688 5391 2743 5455 ι)
2779 5389 2877 5444 ⁸10.

3909 5473 4020 5528 33.
