5050 6167
679 478 798 540 183
2192 470 2719 539 EPIS'POLAE
2766 475 3120 578 292—294.
4529 470 4649 531 184

670 661 898 728 dentes
940 682 1163 727 omnes
1206 682 1332 744 quo
1376 660 1684 726 ecclesiae
1728 658 2149 726 Gebennensi
2205 682 2363 725 suus
2421 660 2608 725 resti-

668 755 894 813 tuatur
971 756 1203 829 pastor.
1330 748 1545 811 'Duum
1624 748 2032 828 fratrumque
2108 746 2400 810 omnium
2483 746 2611 809 erit

667 833 929 898 interim
997 833 1293 915 precibus
1358 853 1550 915 agere
1614 830 1785 915 apud
1849 830 2088 910 Deum,
2157 841 2229 895 ut
2294 830 2465 914 quod
2526 830 2608 895 ad

668 940 855 985 suam
894 917 1167 1002 gloriam
1215 918 1756 1000 ecclesiarumque
1792 917 2069 982 salutem
2102 914 2609 998 promovendam

666 1005 878 1071 facere
923 1001 1177 1081 viderit,
1223 1004 1595 1068 institutum
1640 1014 1706 1067 et
1748 1010 2042 1067 curatum
2086 1002 2260 1068 velit.

836 1090 1174 1173 Rogamus
1217 1097 1282 1153 te
1324 1088 1700 1172 plurimum,
1757 1087 2049 1153 omnium
2096 1088 2427 1152 carissime
2476 1086 2608 1153 Fa-

670 1175 835 1255 relle,
878 1182 952 1239 ut
995 1172 1538 1256 quemadmodum
1583 1173 1898 1237 hactenus
1940 1173 2141 1254 probe
2196 1175 2301 1257 pie
2355 1180 2422 1238 et
2473 1174 2607 1237 sin-

666 1261 917 1335 ceriter,
981 1260 1074 1323 ita
1140 1280 1394 1342 semper
1451 1280 1643 1342 agere
1710 1258 1875 1323 velis
1939 1259 2186 1338 omnia,
2246 1257 2609 1342 repudiatis

663 1346 885 1430 Papae
929 1344 1336 1428 dogmatibus
1380 1356 1445 1408 et
1488 1344 1832 1409 neotericis
1875 1344 2163 1410 inventis
2206 1365 2337 1408 non
2380 1364 2607 1410 aurem

666 1430 946 1515 quidem,
990 1451 1075 1494 ne
1118 1432 1412 1494 animum
1453 1428 1762 1513 praebere
1806 1429 2117 1495 dicamus.
2206 1430 2459 1494 Rumor
2506 1437 2608 1494 est

664 1538 936 1601 vagans,
996 1515 1109 1580 sed
1144 1524 1394 1599 potens,
1450 1515 1676 1579 literas
1720 1515 1789 1578 in
1827 1535 2058 1598 agrum
2093 1514 2157 1579 Ν
2161 1535 2602 1580 eocomensem

664 1601 992 1686 quendam
1036 1601 1351 1679 attulisse,
1373 1601 1431 1683 ⁸)
1487 1601 1857 1683 flagitantes
1903 1608 1970 1663 et
2012 1601 2477 1665 contendentes
2519 1622 2603 1665 ne

662 1687 935 1770 posthac
979 1686 1060 1751 ad
1105 1706 1357 1753 sacram
1414 1688 1718 1769 synaxim
1777 1707 2168 1769 quemquam
2221 1686 2600 1764 admittatis,

664 1773 793 1838 nisi
843 1773 1023 1855 prius
1077 1772 1158 1836 do
1212 1771 1339 1836 fide
1396 1773 1594 1855 probe
1648 1772 2110 1844 examinatum.
2209 1771 2349 1836 Ista
2403 1771 2482 1836 de
2536 1779 2602 1835 te

666 1858 1074 1941 ambigentes
1110 1879 1239 1921 non
1278 1856 1649 1922 scribimus:
1696 1857 1958 1921 maioris
2001 1858 2175 1921 enim
2211 1857 2601 1935 autoritatis,

666 1944 1046 2008 eruditionis
1090 1952 1155 2007 ct
1197 1944 1586 2008 sinceritatis
1628 1942 1815 2007 nobis
1860 1964 1948 2021 ee,
1996 1963 2191 2024 quam
2233 1951 2309 2007 ut
2350 1943 2478 2008 ist-a
2520 1943 2603 2008 de

664 2037 731 2093 te
775 2030 1196 2111 suspicemur,
1243 2050 1326 2091 ne
1372 2028 1579 2092 dicam
1625 2028 1983 2092 credamus.
2072 2025 2208 2093 Sed
2265 2028 2419 2110 quid
2480 2028 2602 2094 hoc

662 2114 861 2192 aliud,
905 2113 1333 2190 obsecramus,
1381 2115 1469 2177 mi
1504 2112 1771 2193 Ferreae,
1814 2112 1870 2178 si
1906 2133 1982 2177 eo
2019 2111 2382 2179 dementiae
2418 2114 2601 2179 veni-

661 2221 882 2264 remus
939 2220 1180 2277 omnes‚
1239 2209 1312 2262 ut
1371 2198 1452 2263 ad
1506 2219 1758 2264 sacram
1816 2218 2052 2263 coenae
2109 2198 2431 2264 actionem
2476 2200 2599 2264 nisi

660 2284 789 2350 fide
833 2286 1241 2349 examinatus
1287 2304 1325 2348 a
1381 2285 1567 2348 nobis
1624 2304 1819 2347 nemo
1877 2282 2348 2359 admitteretur,
2405 2305 2600 2367 quam

661 2370 1044 2436 confessioni
1087 2371 1436 2435 auriculari
1474 2369 1649 2434 viam
1686 2379 1978 2434 sternere
2011 2376 2077 2433 et
2098 2369 2601 2434 fundamentum

658 2477 897 2540 ponere
931 2454 1327 2539 papisticae?
1396 2453 1614 2536 Quam
1648 2461 1719 2518 tu
1766 2475 1897 2518 una
1939 2475 2086 2519 cum
2130 2456 2255 2537 piis
2298 2454 2601 2520 omnibus

660 2562 786 2606 non
833 2542 1021 2606 modo
1065 2541 1211 2606 odio
1257 2541 1565 2623 flagrasti,
1628 2539 1742 2605 sed
1786 2540 1940 2604 totis
1984 2540 2233 2605 viribus
2291 2548 2600 2623 tanquam

658 2627 1090 2710 perniciosum
1179 2626 1274 2690 rei
1361 2624 1754 2690 christianae
1839 2625 2085 2688 malum
2175 2626 2595 2710 impugnasti,

661 2712 1042 2794 Christique
1077 2712 1343 2776 ecclesia
1379 2710 1657 2775 reiecisti
1694 2718 1760 2774 et
1781 2710 2098 2792 repulisti.
2150 2709 2595 2794 Spectandum

657 2798 863 2875 nobis,
909 2797 1313 2863 observande
1358 2796 1624 2875 Farelle,
1677 2816 1760 2859 ne
1814 2796 2132 2878 papistice
2190 2817 2381 2879 agere
2434 2798 2596 2863 inci-

653 2884 931 2965 piamus,
976 2884 1085 2966 qui
1132 2883 1446 2947 hactenus
1482 2881 1588 2965 pie
1630 2888 1852 2944 sancte
1890 2889 1956 2945 et
1999 2883 2345 2963 apostolice
2386 2891 2600 2949 trans-

658 2969 910 3052 egimus
939 2970 1174 3033 omnia.
1245 2965 1607 3033 Scribimus
1641 2967 1784 3045 ista,
1816 2966 2362 3048 quemadmodum
2396 2990 2595 3053 supra

656 3053 922 3134 dictum,
968 3075 1100 3118 non
1144 3060 1558 3118 autumantes
1602 3059 1717 3116 aut
1757 3051 2160 3134 suspicantes
2217 3053 2297 3119 de
2341 3064 2424 3135 te,
2481 3056 2597 3121 sed

654 3139 827 3224 quod
874 3132 1077 3205 officii
1111 3159 1254 3204 esse
1295 3136 1748 3214 iudicavimus,
1796 3144 1873 3201 ut
1915 3138 2147 3203 fratres
2191 3142 2597 3208 sussurronis

654 3233 722 3291 et
785 3226 1069 3290 rumoris
1124 3223 1302 3288 illius
1359 3223 1881 3288 admoneremus:
1952 3231 2255 3307 rogantes
2312 3238 2386 3290 ut
2438 3227 2592 3292 boni

653 3311 873 3376 omnia
916 3308 1232 3387 consulas,
1276 3329 1526 3391 nosque
1566 3307 2052 3374 commendatos
2110 3309 2368 3389 habeas,
2428 3320 2496 3377 et
2539 3314 2596 3378 si

652 3394 809 3481 quid
860 3397 932 3460 in
986 3394 1173 3460 nobis
1229 3392 1585 3471 desideras,
1650 3391 1853 3458 libere
1917 3416 2174 3478 semper
2227 3398 2593 3465 admoneas.

652 3482 811 3547 Non
875 3480 1081 3545 solum
1152 3480 1451 3546 lubentes
1516 3479 1894 3563 parebimus
1910 3531 1926 3557 ‚
2007 3480 2121 3545 sed
2199 3480 2594 3549 admonitori

650 3567 772 3633 tibi
808 3567 1051 3651 gratias
1084 3587 1352 3649 agemus
1385 3563 1578 3630 fideli.
1650 3565 1836 3630 Bene
1878 3566 2022 3632 vale
2058 3565 2260 3634 salvis
2296 3570 2595 3636 omnibus

651 3652 1203 3719 Neocomensibus
1226 3650 1554 3715 fratribus.
1618 3650 1869 3734 Tiguri,
1907 3651 2153 3735 Aprilis
2187 3660 2244 3718 4.
2273 3655 2466 3721 Anno
2490 3660 2592 3722 41.

1161 3789 1469 3854 Pastores
1512 3800 1580 3851 et
1623 3786 1917 3853 doctores
1962 3789 2242 3855 ministri
2286 3792 2595 3859 ecclesiae

1409 3872 1783 3956 Tigurinae‚
1829 3875 1928 3938 tui
1972 3896 2055 3940 ex
2097 3877 2334 3942 animo.

1551 4313 1700 4384 293.

649 4452 1078 4520 MINIS'PRI
1155 4451 1744 4606 'PURICfffileglIBJSS
1804 4456 1992 4522 ΑΒΘ
2001 4457 2123 4523 EN
2127 4456 2563 4525 TORATEN
2563 4496 2594 4510 ·

824 4709 923 4776 Ne
962 4710 1411 4776 Gmevensibus
1443 4707 1771 4776 Calvinum
1792 4710 1916 4775 sibi
1935 4712 2116 4777 reddi
2125 4714 2590 4793 postulantibus

650 4796 1060 4861 adversentur
1101 4801 1331 4879 royant.

856 4965 916 5031 3)
958 4965 1113 5020 Citra
1147 4966 1369 5021 dubium
1404 4966 1698 5037 loquuntur
1731 4966 1798 5020 de
1834 4966 1943 5036 Ep.
1986 4967 2424 5023 Melanchthom‘s
2458 4970 2510 5023 d.
2533 4970 2586 5025 d.

645 5032 731 5087 26.
769 5033 900 5089 Dec.
940 5033 1077 5088 1540
1120 5033 1462 5099 Wormatiae,
1498 5052 1609 5104 qua
1641 5035 1785 5089 disci
1819 5037 1992 5090 linum
2024 5038 2412 5092 instituendam
2446 5053 2587 5094 seve·

646 5106 847 5156 riorem
892 5103 1237 5164 commendat,
1342 5120 1553 5173 iamque
1606 5103 1758 5157 Fare
1798 5121 1863 5159 us
1916 5107 2031 5173 ipse
2081 5122 2258 5161 secum
2310 5107 2584 5162 attulerat.

648 5170 892 5240 (Comus
930 5170 1052 5235 Res.
1094 5171 1213 5226 111.
1253 5173 1279 5224 1
1320 5172 1386 5225 49
1420 5180 1469 5226 et
1504 5189 1673 5241 supra
1712 5172 1785 5226 N.
1823 5172 1970 5240 267.)
2048 5172 2192 5229 Sane
2238 5177 2451 5229 mireris
2497 5190 2588 5230 eos

652 5239 925 5294 Farellum
972 5258 1118 5295 nunc
1162 5242 1228 5294 de
1273 5241 1567 5309 disciplina
1620 5242 1990 5297 restauranda
2042 5249 2368 5310 satagentem
2421 5246 2586 5298 inter·

636 5307 860 5375 palare,
896 5325 1059 5379 quum
1096 5311 1259 5364 simul
1296 5310 1573 5363 ”aloinum
1619 5312 1743 5363 olim
1779 5326 1842 5363 ea
1880 5315 2002 5380 ipsa
2050 5311 2115 5363 de
2157 5328 2329 5367 causa
2367 5310 2584 5368 Gema

643 5377 863 5432 eiectum
896 5393 1149 5435 revocare
1183 5380 1453 5435 suadeant.

2716 660 2940 721 (Exstat
2972 661 3026 712 in
3064 659 3317 712 Archivis
3354 657 3533 712 Turio.
3570 658 3712 711 Plnt.
3750 655 3848 709 VI.
3889 656 4008 710 Vol.
4046 654 4163 725 105,
4196 656 4326 709 olim
4359 655 4497 724 Epp.
4517 655 4575 708 Τ.
4603 654 4645 709 1.

2711 729 2802 783 sol.
2856 726 2974 793 329,
3027 744 3128 798 per
3179 725 4177 859 ammuegffilssmzuglgffeggfmipm
4245 724 4430 778 Habet
4480 725 4646 778 etiam

2881 949 3310 1014 Fidelissimis
3353 948 3867 1032 doctissimisque
3909 949 4277 1032 pastoribus
4320 955 4387 1013 et
4430 946 4649 1013 docto-

2711 1035 2891 1100 ribus
2934 1035 3438 1119 Argentinensis
3483 1034 3791 1101 ecclesiae
3836 1035 4152 1099 ministris
4207 1033 4517 1099 fratribus
4575 1032 4646 1096 in

2708 1122 2991 1185 Domino
3035 1120 3429 1187 venerandis
3474 1129 3541 1187 et
3584 1118 3852 1186 dilectis.

2881 1256 3182 1323 Gratiam
3228 1267 3293 1322 et
3333 1278 3558 1340 pacem
3604 1278 3645 1321 a
3686 1255 3829 1321 Deo
3888 1264 4074 1339 patre
4127 1277 4244 1338 per
4287 1252 4643 1320 Dominum

2708 1349 3001 1408 nostrum
3043 1344 3263 1409 Iesum
3309 1342 3664 1408 Christum.
3765 1339 3868 1405 De
3912 1341 4331 1407 Gebennensi
4372 1340 4645 1406 ecclesia

2707 1428 2915 1511 qualis
2958 1427 3113 1493 olim
3169 1430 3368 1493 fuerit
3421 1429 3645 1505 nostis,
3699 1428 3931 1493 fratres
3984 1427 4055 1490 in
4113 1427 4394 1492 Domino
4448 1447 4641 1491 vene·

2707 1513 2896 1578 randi
2938 1523 3004 1578 et
3047 1512 3283 1591 dilecti,
3327 1515 3440 1598 qui
3482 1514 3700 1578 virum
3737 1513 4168 1578 clarissimum
4205 1511 4288 1576 D.
4326 1511 4644 1577 Ioannem

2711 1598 3057 1678 Calvinum,
3114 1601 3194 1665 ab
3246 1599 3361 1665 illa
3414 1598 3869 1683 indignissime
3922 1600 4216 1675 eiectum,
4270 1597 4642 1680 suscepistis

2707 1691 2773 1749 et
2814 1685 3066 1750 fovistis
3110 1685 3594 1762 humanissime,
3646 1705 3883 1768 magna
3925 1704 4074 1750 cum
4115 1683 4307 1751 laude
4350 1683 4642 1747 omnium

2706 1770 3041 1835 bonorum.
3139 1771 3277 1837 Nec
3335 1772 3649 1855 ignoratis
3706 1770 3920 1852 qualis
3973 1792 4147 1835 nunc
4201 1790 4319 1851 per
4371 1767 4639 1834 Domini

2706 1856 2990 1939 gratiam
3047 1857 3279 1923 affecta
3342 1859 3443 1921 sit.
3554 1856 4100 1920 Honest-issimam
4158 1857 4334 1920 enim
4391 1852 4469 1919 ad
4525 1875 4641 1920 vos

2704 1941 3093 2024 legationem
3172 1943 3366 2019 misit,
3399 1942 3443 2026 ¹)
3520 1941 3967 2007 fidelissimum
4049 1949 4367 2025 pastorem
4449 1961 4639 2005 sunm

2709 2026 3040 2092 Calvinum
3073 2037 3469 2093 revocatum.
3555 2026 3739 2091 Dum
3779 2027 3955 2092 enim
3993 2028 4051 2091 is
4089 2026 4270 2091 abest
4311 2027 4393 2091 ab
4436 2026 4640 2092 eccle·

2704 2113 2802 2177 sia
2844 2121 2911 2177 et
2953 2115 3137 2195 quasi
3179 2114 3250 2177 in
3290 2113 3521 2179 exsilio
3565 2113 3720 2197 agit,
3769 2111 4091 2179 Dominus
4126 2110 4432 2179 ecclesiae
4464 2112 4641 2177 illius

2701 2198 2998 2281 ingratae
3034 2219 3137 2263 res
3177 2201 3269 2263 sic
3305 2206 3639 2281 temperat,
3676 2208 3750 2262 ut
3777 2198 3990 2281 palam
4014 2217 4278 2263 cernere
4302 2219 4376 2263 ac
4398 2199 4642 2263 sentire

2702 2294 2975 2366 cogatur
3028 2284 3252 2365 quales
3306 2306 3477 2348 nune
3544 2283 3854 2349 meruerit
3907 2283 4141 2348 habere
4196 2292 4519 2367 pastores,
4574 2290 4641 2348 et

2703 2369 2926 2449 quales
2967 2368 3121 2432 olim
3166 2369 3504 2453 pepulerit.
3605 2372 3819 2450 Atque
3875 2370 3995 2433 hoc
4049 2370 4311 2433 nomine
4364 2368 4641 2433 bonitati

2703 2453 2965 2519 divinae
3001 2454 3233 2519 merito
3271 2476 3542 2539 magnas
3578 2455 3830 2538 agimus
3855 2459 4118 2537 gratias,
4156 2474 4319 2537 quae
4354 2453 4639 2519 oviculas

2702 2539 3027 2621 dispersas
3091 2548 3157 2605 et
3234 2561 3353 2605 sua
3416 2550 3641 2623 sponte
3706 2542 3776 2603 in
3839 2540 4191 2622 perniciem
4253 2548 4638 2623 proruentes

2701 2625 3038 2710 recollegit
3081 2647 3155 2692 ac
3198 2626 3545 2691 revocavit.
3629 2626 3895 2691 Debetis
3934 2635 4150 2690 autem
4186 2646 4302 2690 vos
4336 2625 4638 2708 inprimis

2699 2732 2860 2794 opus
2902 2711 3065 2776 illud
3109 2711 3394 2790 Domini,
3440 2712 3610 2793 quod
3655 2711 3883 2794 coepit.
3939 2718 4159 2775 vestro
4213 2712 4434 2777 favore
4486 2732 4637 2795 pro-

2700 2798 2900 2880 sequi,
2945 2808 3011 2862 et
3049 2799 3281 2863 vestris
3325 2797 3628 2873 consiliis,
3677 2818 3802 2879 quo
3846 2795 4235 2877 absolvatur,
4279 2798 4522 2875 iuvare,
4569 2796 4637 2862 id

2699 2892 2816 2960 est,
2861 2884 3162 2949 omnibus
3206 2884 3413 2947 anniti
3459 2883 3725 2959 viribus,
3783 2890 3858 2947 ut
3912 2883 4219 2949 ecclesiae
4274 2903 4434 2948 suus
4487 2883 4636 2949 red-

2699 2967 2891 3034 datur
2932 2978 3172 3052 pastor,
3219 2989 3413 3053 quem
3453 2969 3593 3051 ipsa
3636 2976 3732 3032 tot
3783 2969 3957 3033 votis
4011 2970 4336 3051 tantisque
4388 2970 4638 3053 expetit

2698 3055 3013 3138 suspiriis,
3041 3076 3228 3138 quem
3255 3053 3531 3137 denique
3553 3062 3688 3118 tam
3713 3053 3991 3118 honesta
4010 3053 4334 3138 legatione
4354 3057 4632 3137 repetiit.

2699 3137 2952 3205 Suadet
2985 3140 3109 3206 hoc
3141 3141 3357 3223 ipsum
3395 3139 3576 3206 vobis
3609 3139 3785 3204 iusta
3817 3139 3947 3217 illa,
3993 3159 4123 3223 qua
4165 3140 4307 3205 Deo
4341 3142 4636 3208 obstricti

2698 3227 2871 3304 estis,
2907 3225 3293 3292 obedientia.
3370 3226 3543 3290 Nam
3575 3224 3837 3290 divinae
3871 3246 3940 3291 se
3967 3245 4291 3307 opponere
4314 3228 4634 3292 vocationi

2696 3319 2798 3376 est
2862 3309 3005 3377 Deo
3072 3311 3412 3378 rebellare:
3478 3318 3820 3377 vocantem
3885 3311 4086 3393 sequi,
4153 3311 4428 3377 obedire.
4545 3316 4638 3378 At

2701 3395 3028 3463 Calvinum
3110 3396 3334 3463 divina
3408 3398 3745 3462 vocatione
3822 3397 4029 3478 repeti
4107 3397 4254 3480 quis
4330 3397 4636 3482 negabit?

2695 3484 2919 3549 Poscit
2964 3483 3086 3549 hoc
3137 3483 3355 3566 ipsum
3405 3503 3445 3547 a
3497 3483 3683 3548 vobis
3737 3482 3946 3565 pietas
4001 3484 4067 3547 in
4120 3484 4480 3548 Dominum
4532 3486 4637 3551 Ie-

2697 3590 2842 3634 sum
2863 3620 2878 3646 ,
2957 3570 3138 3635 cuius
3201 3568 3392 3653 regni
3456 3569 3785 3651 pomoeria
3846 3568 4021 3634 haud
4087 3567 4283 3634 dubie
4345 3570 4639 3653 proferre

2698 3655 2950 3737 cupitis.
3067 3654 3421 3720 Proferetis
3485 3661 3702 3718 autem
3763 3654 4079 3720 latissime
4103 3706 4118 3733 ,
4184 3655 4239 3720 si
4308 3653 4640 3722 Calvinum

2698 3760 2853 3804 suae
2917 3740 3222 3805 ecclesiae
3283 3739 3659 3806 restituatis.
3766 3739 4061 3805 Novistis
4132 3739 4639 3807 Gebennensem

2698 3825 3033 3891 ecclesiam
3097 3827 3166 3889 in
3235 3826 3526 3890 confiniis
3592 3826 3777 3908 quasi
3832 3825 4230 3891 Germaniae
4286 3836 4354 3892 et
4407 3828 4638 3894 Italiae

2697 3911 2893 3976 sitam
2948 3931 3120 3989 esse,
3187 3910 3360 3976 unde
3421 3912 3525 3977 vir
3587 3911 3727 3991 ille,
3793 3911 4325 3994 praeclarissimis
4391 3933 4431 3977 a
4490 3913 4636 3980 Deo

2697 4005 2965 4062 ornatus
3009 3997 3406 4075 muneribus,
3457 3995 3704 4079 aliquot
3745 4018 4095 4081 regnorum
4151 3998 4436 4065 ecclesiis
4490 3999 4636 4083 plus

2696 4082 3020 4165 prodesse,
3063 4094 3129 4147 et
3165 4104 3436 4166 regnum
3462 4081 3709 4148 Christi
3734 4083 4014 4167 amplius
4037 4104 4241 4167 propa
4329 4106 4399 4149 re
4420 4094 4633 4169 queat,

2697 4188 2891 4251 quam
2928 4169 2983 4232 si
3021 4190 3095 4233 us
3141 4169 3272 4232 iam
3308 4167 3468 4234 alias
3504 4177 3829 4233 terrarum
3864 4166 4106 4235 doceat.
4184 4170 4242 4234 F
4272 4171 4480 4255 agitat
4514 4171 4638 4238 hoc

2697 4255 2913 4335 ipsum
2937 4274 2977 4318 a
3013 4275 3094 4318 vo
3140 4254 3196 4318 is
3230 4254 3373 4338 ipsa
3407 4257 3476 4317 in
3518 4254 3751 4319 fratres
3786 4256 4023 4320 caritas
4058 4255 4428 4335 christiana,
4469 4278 4636 4340 quae

2697 4338 3237 4405 Gebennensibus
3267 4338 3502 4405 nedum
3530 4339 3875 4419 Calvinum,
3910 4339 4024 4406 sed
4057 4350 4311 4407 vestras
4343 4343 4633 4426 ipsorum

2697 4424 2947 4490 animas
3009 4425 3384 4509 impendere
3448 4426 3648 4491 iubet.
3749 4425 3961 4510 Urget
4024 4425 4300 4510 denique
4363 4429 4635 4495 consilia

2694 4518 2915 4576 vestra
2956 4511 3330 4594 exemplum
3374 4511 3680 4578 ecclesiae
3719 4511 4124 4594 apostolicae,
4184 4513 4634 4580 Antiochense

2694 4595 3021 4673 videlicet,
3076 4596 3149 4661 in
3202 4617 3330 4679 qua
3384 4599 3646 4662 tametsi
3697 4597 3893 4663 utiles
3946 4597 4230 4681 adeoque
4285 4599 4632 4665 necessarii

2693 4690 2912 4747 essent
2953 4681 3203 4748 Paulus
3247 4691 3314 4747 et
3354 4683 3718 4763 Barnabas,
3764 4704 3963 4766 quum
4009 4691 4228 4749 tamen
4270 4684 4395 4767 ipsi
4440 4706 4631 4751 voca-

2691 4775 2922 4832 rentur
2975 4767 3277 4850 gentibus
3330 4766 3773 4850 praedicatum
3827 4768 4256 4853 evangelium,
4312 4771 4632 4836 vocationi

2692 4852 2952 4917 divinae
2976 4853 3344 4935 neutiquam
3371 4874 3511 4918 sese
3534 4854 3916 4938 opponebat,
3961 4854 4071 4921 sed
4097 4856 4291 4921 cessit
4326 4855 4627 4941 benigne,

2689 4939 2856 5003 iuvit
2891 4938 3306 5020 amplissime,
3345 4936 3780 5023 abeuntesque
3819 4948 4208 5023 prosequuta
4241 4947 4339 5005 est
4361 4943 4631 5007 caritate

2689 5032 2756 5088 et
2790 5024 3192 5089 orationibus
3227 5023 3718 5090 ardentissimis.
3786 5026 3932 5092 Hoc
3962 5027 4176 5109 ipsum
4211 5027 4265 5091 si
4300 5025 4426 5092 fide
4461 5027 4631 5093 bona

2689 5118 2756 5172 et
2800 5108 3135 5174 dilectione
3193 5109 3448 5175 sincera
3504 5110 3737 5174 imitati
3791 5111 4063 5189 fueritis,
4120 5112 4355 5177 fratres
4411 5112 4627 5177 colen-

2687 5192 2956 5271 dissimi,
3004 5193 3281 5278 gratiam
3326 5216 3367 5259 a
3408 5194 3555 5260 Deo
3599 5197 4010 5280 reportabitis
4043 5203 4110 5262 et
4144 5196 4224 5262 ab
4257 5197 4626 5265 hominibus

2719 5377 2851 5439 298.
2891 5379 2948 5447 1)
2985 5395 3052 5434 ex
3087 5380 3294 5436 decreto
3330 5389 3549 5436 senatus
3583 5383 3666 5436 21.
3709 5380 3822 5438 Oct.
3861 5382 4011 5439 1540.
4046 5426 4049 5430 .
