5050 6167
353 453 467 517 453

349 639 579 708 etenim
621 634 1098 719 properabatur
1137 632 1314 698 illico
1356 634 1428 697 in
1470 652 1548 697 eo
1591 630 1875 714 negotio,
1920 637 2001 694 ut
2038 648 2125 693 ne
2167 649 2286 694 no-

348 727 442 793 bis
482 722 747 806 quidem
789 723 962 787 inter
1003 740 1124 785 nos
1158 718 1624 786 concederetur
1666 719 1840 782 iusta
1883 713 2289 779 deliberandi

348 809 629 887 multas,
676 806 938 884 nedum,
974 805 1144 888 quod
1181 813 1248 869 et
1281 825 1401 888 par
1435 812 1577 869 erat
1611 813 1680 867 et
1713 822 1834 867 nos
1869 802 2061 866 unice
2099 799 2287 883 flagi-

348 897 673 972 tabamus,
731 902 809 959 ut
849 891 1148 957 conferre
1194 911 1344 956 cum
1388 891 1532 955 aliis
1575 889 1820 972 passim
1864 886 2175 951 fratribus
2217 885 2288 950 in

348 1003 417 1048 re
457 989 639 1045 tanta
671 979 912 1045 liceret.
986 977 1294 1059 Satisque
1335 975 1692 1058 adparebat
1734 974 1866 1038 iam
1910 971 1995 1038 ad
2037 978 2289 1036 certum

349 1066 658 1150 temporis
736 1063 1088 1130 articulum
1164 1062 1621 1144 antagonistae
1698 1061 1900 1125 fuisse
1976 1056 2292 1123 meditata

347 1159 854 1237 praeparataque
894 1150 1128 1216 omnia.
1197 1149 1445 1214 Triduo
1487 1148 1664 1213 enim
1707 1153 1776 1210 et
1814 1152 2043 1227 coepta
2085 1153 2186 1207 est
2227 1154 2295 1209 et

350 1239 640 1306 absoluta
701 1258 917 1302 causa.
1027 1235 1164 1300 Nos
1228 1236 1457 1317 igitur,
1533 1232 1703 1317 quod
1766 1250 1972 1295 unum
2037 1229 2291 1308 licebat,

346 1323 640 1409 precibus
679 1321 761 1386 ad
808 1322 1169 1387 Dominum
1214 1321 1642 1404 confugimus,
1677 1317 1864 1385 cuius
1907 1336 2177 1380 manum
2221 1317 2292 1380 in

347 1412 485 1495 ipsa
525 1410 869 1475 conflictus
910 1405 1074 1490 ἀκμῇ
1114 1428 1272 1472 sane
1329 1406 1597 1489 ancipiti
1647 1413 1715 1469 et
1768 1401 2134 1485 periculosa
2175 1422 2292 1485 po-

347 1503 592 1561 tentem
629 1494 984 1558 sensimus:
1043 1492 1494 1574 cecideratque
1550 1499 1692 1555 tum
1738 1511 1856 1573 pro
1899 1496 2053 1553 voto
2096 1510 2293 1571 quam

392 1581 604 1647 ubliee
669 1598 1045 1661 acceperam
1117 1600 1158 1642 a
1209 1577 1476 1642 consule
1531 1576 1890 1652 sententia,
1960 1574 2295 1642 doctrinae

348 1603 714 1732 fibertatem
757 1665 1134 1745 relinquens
1189 1684 1544 1745 pacemque
1588 1660 2068 1726 commendans.
2157 1661 2295 1726 Ita-

350 1773 469 1837 que
513 1762 658 1816 tum
701 1750 989 1815 contenti
1050 1747 1308 1814 abunde
1362 1758 1430 1812 et
1483 1768 1634 1813 cum
1693 1746 1933 1830 gaudio
1998 1746 2295 1812 discessi-

349 1860 511 1903 mus.
615 1837 870 1900 Verum
925 1834 1047 1900 hoc
1115 1832 1290 1899 idem
1360 1854 1515 1898 mox
1585 1834 1841 1898 aconito
1907 1835 2299 1916 temperavit

351 1923 567 1990 nescio
611 1942 889 2004 quorum
933 1920 1245 1996 vafrities,
1292 1928 1367 1984 ut
1407 1918 1663 1984 tabulae
1699 1918 1947 2002 negotii
1992 1920 2298 1984 testifica-

353 2009 544 2075 trices
588 2028 721 2071 non
766 2005 978 2071 solum
1024 2003 1288 2070 diversa
1341 2026 1562 2069 rerum
1621 2002 1784 2091 [sed]
1832 2013 1898 2069 et
1937 2005 2303 2088 pugnantia

353 2113 667 2177 responso
713 2091 865 2156 dato
907 2090 1511 2174 complecterentur,
1568 2091 1801 2173 quibus
1845 2100 1911 2155 et
1952 2090 2299 2155 confessio·

351 2181 452 2245 nis
493 2176 881 2244 Basiliensis
923 2197 1082 2241 usus
1140 2186 1209 2240 et
1251 2175 1649 2241 Cateehismi
1703 2197 1743 2240 a
1785 2174 2031 2240 Bucero
2074 2196 2301 2258 repur-

353 2265 485 2350 gati
528 2264 798 2347 penitus
842 2261 1222 2345 negabatur.
1242 2263 1299 2339 ²)
1397 2260 1590 2341 Quod
1648 2282 1849 2343 quum
1901 2282 2020 2325 nos
2067 2258 2218 2346 [non
2233 2259 2300 2347 3]

352 2363 733 2432 recepturos
777 2346 1398 2422 animadverterent,
1444 2355 1792 2412 convocato
1835 2347 2107 2426 minore,
2151 2368 2304 2411 mox

352 2435 554 2501 etiam
599 2435 842 2499 maiore
884 2443 1147 2510 senatu,
1203 2432 1625 2516 transigenda
1676 2440 2075 2498 curaverunt
2125 2433 2306 2515 prin-

351 2522 528 2605 cipes
574 2519 862 2585 civitatis
916 2518 1146 2583 eadem
1203 2539 1333 2600 qua
1374 2519 1556 2600 prius
1600 2519 2047 2594 festinatione,
2106 2526 2183 2583 ut
2223 2539 2307 2582 ne

351 2614 492 2672 tum
538 2605 808 2689 quidem
852 2602 1322 2669 communicari
1365 2624 1514 2668 cum
1557 2603 1703 2668 aliis
1748 2603 2080 2686 negotium
2122 2605 2311 2668 fieret

353 2693 691 2776 integrum
737 2690 944 2769 nobis,
988 2690 1114 2754 nisi
1151 2688 1318 2771 quod
1364 2709 1504 2770 eg0,
1551 2690 1768 2753 neseio
1805 2688 1962 2772 quid
1998 2708 2309 2772 praesen-

353 2778 544 2855 tienS,
585 2777 925 2861 proprium
963 2776 1125 2840 meis
1170 2773 1538 2857 sumptibus
1574 2773 2093 2858 tabellophorum
2118 2773 2201 2839 ad
2225 2775 2309 2839 D.

355 2863 730 2946 Myconium
751 2863 916 2938 misi,
963 2882 1003 2925 a
1036 2881 1161 2943 quo
1183 2860 1592 2941 repentinam
1613 2860 2122 2925 consolationem
2166 2869 2312 2925 tan-

354 2957 496 3015 tum
541 2948 929 3030 accepimus.
945 2947 1006 3030 ⁸)
1093 2945 1470 3030 Intelligitis
1511 2945 1733 3029 igitur,
1788 2946 1881 3009 mi
1928 2944 2199 3024 Calvina,
2245 2953 2313 3011 te

355 3035 541 3102 nulla
609 3054 823 3117 neque
876 3032 1277 3116 negligentia
1345 3052 1556 3113 neque
1623 3030 1950 3096 oblivione
2013 3031 2114 3096 tui
2172 3053 2314 3097 esse

355 3121 810 3206 praeteritum.
929 3116 1063 3183 Sed
1133 3115 1306 3199 quod
1377 3137 1462 3181 ne
1526 3116 1986 3199 catastrophen
2052 3116 2315 3199 quidem

358 3205 740 3358 tragoediae
796 3203 1321 3287 perscripserim,
1380 3201 1534 3265 inde
1591 3203 1836 3268 factum
1892 3211 1992 3267 est
2034 3202 2205 3286 quod
2250 3210 2317 3267 et

358 3313 446 3358 no
499 3313 608 3358 em
649 3301 715 3355 te
751 3291 1063 3354 nimirum
1097 3289 1239 3353 eius
1273 3287 1585 3351 historiae
1625 3286 1960 3370 α’κροάματι
2000 3288 2316 3354 lassatum

360 3378 578 3445 denuo
615 3376 913 3459 fatigare,
951 3383 1020 3440 et
1051 3374 1226 3457 quod
1263 3372 1561 3450 Vir-etum,
1599 3374 1710 3455 qui
1747 3381 2076 3456 postremo
2119 3395 2316 3439 even-

361 3464 460 3529 tui
516 3463 942 3539 interfuerat,
999 3460 1222 3543 ipsum
1278 3466 1740 3523 enarraturum
1795 3459 2056 3543 singula
2113 3459 2315 3525 conii-

360 3550 638 3616 oiebam.
707 3546 953 3612 Verum
997 3547 1055 3611 si
1100 3543 1258 3629 quid
1301 3552 1402 3609 est
1444 3545 1516 3609 in
1552 3564 1630 3610 ea
1662 3555 1850 3627 parte
1892 3566 2130 3628 parum
2174 3546 2315 3611 offi-

363 3634 539 3701 ciosa
583 3634 948 3701 cessatione
1001 3639 1340 3715 peccatum
1396 3652 1435 3695 a
1491 3650 1597 3695 me
1651 3631 2073 3712 praestitum,
2126 3632 2316 3714 cupio

364 3723 652 3807 gratiam
695 3718 860 3784 mihi
901 3718 1062 3783 fieri.
1154 3714 1487 3799 Quidquid
1542 3716 1719 3780 enim
1764 3714 2067 3799 deinceps
2111 3719 2317 3782 conti-

365 3808 553 3891 gerit,
597 3807 754 3872 faxo
797 3825 995 3886 quam
1037 3802 1324 3885 primum
1366 3801 1717 3884 intelligas,
1763 3802 1877 3884 qui
1910 3822 2030 3867 nos
2064 3811 2132 3867 et
2165 3822 2318 3868 con-

364 3893 515 3958 silio
558 3899 632 3958 et
674 3891 975 3974 precibus
1016 3889 1246 3954 iuvare
1291 3885 1651 3970 plurimum
1694 3897 1895 3970 potes.
1984 3887 2156 3952 Nam
2199 3908 2320 3976 nos

365 3977 632 4062 quidem
677 3996 907 4059 pacem
948 3974 1257 4040 ecclesiae
1312 3979 1741 4050 constantem,
1785 3984 1863 4037 ut
1903 3982 2128 4055 optare
2169 3992 2321 4055 pos-

366 4060 663 4151 sum[us]
684 4113 698 4136 .
743 4063 838 4127 ita
878 4079 1143 4143 sperare
1184 4080 1318 4123 non
1360 4055 1788 4156 possum[us],
1835 4058 2093 4141 quando
2132 4059 2322 4124 novi·

365 4171 514 4215 mus
560 4147 1000 4230 undequaque
1036 4144 1370 4210 doctrinae
1403 4144 1742 4209 sinceriori
1777 4144 2090 4228 nobisque
2131 4165 2322 4227 para-

367 4244 469 4301 tas
530 4233 842 4310 insidias,
910 4251 1125 4314 neque
1181 4229 1513 4294 hominem
1565 4229 1797 4308 istum,
1864 4228 2075 4313 quoad
2134 4231 2321 4310 vivit,

366 4323 828 4404 conquiescere
878 4337 1087 4401 posse.
1187 4313 1302 4380 Sic
1355 4322 1459 4380 est
1522 4315 1764 4380 iustum
1819 4315 2134 4382 iudicium
2183 4314 2323 4382 Do-

368 4407 538 4471 mini
595 4407 670 4470 in
727 4425 847 4469 nos
902 4402 1007 4467 his
1063 4400 1425 4466 rationibus
1468 4420 1589 4465 nos
1647 4401 1751 4481 (ut
1793 4402 2129 4475 scribitur)
2174 4421 2323 4484 pro-

368 4491 595 4557 bantis
639 4497 710 4555 et
741 4487 1171 4554 humiliantis.
1238 4484 1375 4552 Sed
1416 4485 1648 4569 perdet
1681 4486 1856 4554 idem
1901 4488 2010 4568 qui
2055 4487 2326 4570 loquun-

369 4583 483 4641 tur
525 4574 977 4651 mendacium,
1036 4581 1105 4638 et
1156 4573 1264 4636 vir
1318 4571 1660 4656 linguosus
1715 4592 1844 4637 non
1890 4571 2211 4657 dirigetur
2252 4574 2323 4637 in

370 4673 644 4741 terram,
668 4666 705 4703 θ
761 4669 828 4726 et
881 4658 1125 4724 incidet
1175 4657 1247 4722 in
1299 4658 1553 4724 foveam
1597 4678 1797 4740 quam
1840 4657 2011 4723 fecit.
2101 4659 2327 4723 Donet

371 4747 572 4814 modo
617 4747 806 4812 nobis
850 4744 1156 4811 Christus
1208 4751 1586 4809 constanter
1623 4742 1949 4825 libereque
1992 4751 2167 4809 stare
2211 4764 2326 4826 pro

373 4834 660 4898 veritate
696 4841 895 4914 utque
937 4840 1185 4896 certare
1220 4829 1564 4911 possimus,
1609 4829 2059 4911 patienterque
2101 4850 2327 4895 omnes

374 4916 673 4984 Satanae
730 4915 1018 4986 insultus
1072 4916 1399 4980 sustinere
1451 4915 1618 4980 citra
1670 4915 2142 4980 amarulentiae
2195 4923 2328 4980 sta-

374 5004 657 5069 tionem:
682 5008 716 5042 *
759 5003 866 5068 his
901 5001 1081 5067 enim
1113 4999 1267 5065 solis
1301 5001 1504 5067 armis
1539 5001 1744 5066 hostis
1782 5001 2085 5067 vincitur.
2154 5001 2327 5067 Oau-

375 5143 488 5153 *-
505 5145 688 5152 κ-Ψ-
713 5147 722 5148 7

589 5224 650 5286 2)
689 5224 778 5278 De
811 5223 902 5279 his
934 5221 1077 5278 naua
1110 5221 1270 5293 apud
1301 5223 1543 5280 Hundes
1747 5241 1810 5294 p.
1850 5223 1953 5278 165
1986 5238 2059 5277 ss.

591 5293 653 5352 3)
697 5293 853 5363 Quae
897 5291 1302 5360 Kirchholorus
1347 5293 1570 5362 habet(
1633 5309 1789 5364 γουσι.
1841 5310 1899 5362 p.
1934 5291 2064 5356 849)
2112 5291 2210 5347 vix
2254 5289 2333 5345 ad

386 5362 522 5417 haec
553 5361 896 5417 Mandu
926 5362 1164 5429 luciam.

2062 442 2224 505 1542
2270 436 2598 506 OOTOB.

4209 443 4337 507 454

2390 647 2534 692 sam
2578 625 2749 691 hanc
2783 624 3035 691 Christi
3079 645 3222 692 esse
3264 632 3334 691 et
3374 626 3791 692 ecclesiarum
3835 629 4167 695 novimus:
4213 650 4341 713 quo

2390 713 2605 795 magis
2648 711 3011 795 advigilare
3053 731 3172 794 par
3214 720 3313 777 est
3356 732 3439 776 ne
3482 711 3635 794 quid
3685 734 3799 795 per
3842 714 4341 797 incogitantiam

2391 805 2459 862 et
2497 797 2688 863 nobis
2723 805 2790 861 et
2823 797 3184 862 ministerio
3219 797 3563 881 indignum
3598 799 4092 865 committamus.
4161 799 4341 883 Opto

2393 903 2617 947 rerum
2670 890 2933 947 tuarum
2996 883 3432 965 ecclesiaeque
3487 891 3735 947 statum
3788 886 3932 951 istic
3987 886 4337 966 significes.

2392 968 2582 1046 Vale,
2627 969 2719 1032 mi
2762 969 2965 1032 frater
3011 968 3452 1044 observande,
3506 976 3575 1033 et
3615 990 3735 1034 nos
3778 991 3942 1035 ama.
4031 972 4344 1037 Pluribus

2393 1055 2462 1118 in
2518 1055 3034 1136 praesentiarum
3098 1074 3231 1119 non
3295 1052 3546 1121 licebat.
3651 1053 3907 1139 Scripsi
3960 1058 4020 1121 4.
4077 1055 4341 1124 Octobr.

2394 1138 2659 1206 Bernae
2705 1160 2808 1205 an.
2864 1142 3044 1204 1542.

3623 1276 3696 1341 Τ.
3744 1275 4103 1345 Sultzerus.

3298 1750 3452 1823 429.

2901 1885 3382 1955 SULZERUS
3425 1887 3861 1956 OALVINO.

2582 2058 2712 2124 Pia
2775 2063 2914 2123 vota
2958 2078 3082 2139 pro
3145 2060 3585 2142 reformatione
3649 2060 4058 2125 ecclesiarum.
4170 2061 4354 2126 Laeti

2405 2144 2624 2209 nuncii
2667 2164 2743 2208 ex
2792 2143 3170 2222 Germania,
3226 2145 3301 2210 de
3345 2146 3767 2227 episcoporum
3823 2147 4137 2211 voluntate
4178 2166 4359 2211 evan-

2404 2230 2566 2314 9elio
2608 2231 2838 2294 ostium
2880 2231 3223 2312 aperiendi.
3321 2230 3550 2295 Minus
3600 2236 3784 2312 yrata
3838 2230 3913 2294 de
3959 2231 4354 2297 Meton-sibus.

2411 2315 2727 2380 Lutherus
2778 2315 3107 2381 catholicos
3158 2316 3465 2398 quosdam
3516 2315 3684 2380 ritus
3739 2316 4008 2381 sustulit.
4110 2316 4362 2400 Fayius

2416 2399 2744 2483 Capitonis
2786 2420 3116 2467 successor.

2415 2571 2526 2637 (Ex
2577 2570 2834 2625 thesauro
2880 2571 3059 2623 Bezao
3105 2569 3208 2623 Ed.
3248 2570 3452 2625 Genev.
3490 2587 3544 2639 p.
3580 2568 3678 2638 41,
3724 2571 3883 2624 Laus.
3918 2588 3970 2640 p.
4006 2568 4102 2639 85,
4147 2571 4361 2626 Hanov.

2848 2656 2901 2708 p.
2937 2637 3026 2702 96,
3063 2638 3275 2692 Ohouet
3308 2655 3363 2707 p.
3403 2637 3487 2708 53,
3525 2642 3698 2692 Amst.
3732 2656 3786 2708 p.
3821 2639 3932 2707 24.)

2586 2810 2796 2875 Binas
2840 2809 2921 2874 ad
2965 2817 3034 2874 te
3078 2808 3376 2873 dedimus
3402 2811 3450 2884 ι)
3511 2808 3766 2874 dierum
3819 2829 3951 2873 non
3993 2810 4086 2875 ita
4128 2810 4367 2876 multo-

2416 2918 2569 2961 rum
2624 2894 2992 2961 intervallo,
3093 2894 3328 2978 Itaque
3382 2900 3450 2958 et
3503 2904 3652 2959 tuas
3706 2903 4159 2976 exspectamus
4215 2896 4364 2976 iam,

2416 2981 2615 3064 idque
2657 3002 2732 3045 eo
2776 2979 3057 3060 avidius,
3105 3001 3232 3063 quo
3276 2980 3489 3063 magis
3533 2989 3723 3045 tuum
3766 2980 4202 3064 ecclesiaeque
4233 2989 4367 3047 sta-

2418 3075 2564 3131 tum
2621 3065 2813 3148 cupio
2876 3086 3284 3149 cognoscere.
3402 3064 3798 3147 Quanquam
3870 3065 4049 3130 enim
4108 3066 4372 3133 audiam

2418 3173 2554 3217 non
2601 3151 2741 3216 sine
2781 3150 3120 3233 voluptate
3163 3151 3416 3216 felicem
3458 3152 3608 3217 istic
3652 3150 4122 3217 ecclesiasticae
4166 3154 4371 3218 refor-

2418 3237 2728 3302 mationis
2771 3234 3282 3320 disciplinaeque
3326 3235 3692 3302 eommunis
3727 3257 4121 3316 successum,
4166 3246 4231 3303 te
4274 3245 4372 3302 ta-

2419 3344 2574 3387 men
2633 3321 2957 3389 scribente
3015 3330 3079 3386 et
3134 3322 3376 3387 rectius
3434 3321 3628 3387 liceat
3683 3321 3947 3406 singula
4003 3324 4374 3405 perspicere

2420 3417 2489 3473 et
2548 3408 2768 3473 animo
2825 3427 2972 3472 meo
3024 3407 3236 3493 magis
3299 3405 3661 3487 exsuluire,
3729 3409 3967 3490 quippe
4018 3409 4135 3491 qui
4189 3429 4376 3491 spem

2420 3495 2699 3572 foveam,
2737 3492 3083 3576 aliquando
3118 3501 3413 3559 nostram
3446 3494 3633 3560 uobis
3667 3494 3692 3558 i
3740 3493 4000 3558 naviam
4035 3493 4378 3561 ecclesiam

2420 3580 2617 3644 istam
2682 3577 2787 3644 vel
2865 3578 3162 3661 exemplo
3227 3579 3424 3644 tacito
3502 3598 3706 3661 oppro
3752 3589 4044 3644 raturam
4108 3579 4373 3646 utiliter.

2422 3664 2654 3747 Neque
2725 3685 2844 3728 nos
2909 3684 3068 3729 sane
3130 3684 3316 3747 spem
3376 3662 3802 3730 abiecerimus
3817 3714 3832 3742 ,
3899 3665 4190 3731 revocari
4256 3666 4377 3731 ali-

2423 3748 2682 3832 quando
2737 3747 3084 3813 ministerii
3142 3750 3309 3814 sacri
3354 3769 3503 3814 cum
3547 3751 3682 3816 suis
3726 3749 4020 3832 partibus
4062 3752 4378 3815 autorita-

2424 3842 2594 3913 tem,
2674 3834 3111 3917 ecclesiaeque
3182 3834 3289 3900 vel
3345 3834 3627 3917 aliquam
3702 3835 3933 3900 faeiem
3985 3837 4381 3902 conformari

2472 3941 2646 3985 osse:
2733 3919 2791 3985 si
2859 3920 3113 3985 sublato
3182 3919 3364 3984 fatali
3434 3919 3705 3985 dissidio
3770 3919 3963 3987 liceat
4031 3921 4378 4008 aliquando

2424 4003 2820 4086 ομοθυμαδὸν
2862 4006 2932 4069 in
2975 4025 3391 4071 communem
3435 4025 3702 4069 causam
3745 4005 4141 4086 incumbere,
4189 4028 4377 4090 prae-

2425 4091 2655 4156 sertim
2710 4111 2912 4174 quum
2978 4099 3054 4155 tu
3110 4098 3178 4155 et
3240 4090 3336 4155 tui
3398 4090 3646 4156 similes
3701 4091 3890 4156 velut
3951 4091 4161 4156 laetae
4226 4113 4378 4158 aves

2424 4175 2879 4260 praevolantes
2923 4183 3308 4258 appareant,
3364 4197 3484 4242 nec
3526 4176 3750 4241 sinant
3791 4176 4190 4259 despondere
4234 4179 4379 4243 ani-

2427 4282 2627 4326 mum.
2665 4261 3026 4326 Dominum
3047 4260 3268 4343 itaque
3292 4281 3519 4343 precor
3541 4263 3740 4326 totius
3762 4265 3938 4345 pacis
3960 4262 4379 4346 caritatisque

2425 4357 2704 4430 patrem,
2748 4353 2826 4411 ut
2867 4366 3063 4412 suum
3099 4345 3404 4430 spiritum
3443 4348 3785 4429 impartire
3822 4348 4008 4414 nobis
4045 4347 4375 4433 dignetur,

2426 4434 2528 4498 uti
2559 4430 2935 4516 prodigiosa
2958 4431 3119 4497 haec
3163 4432 3304 4497 lues
3346 4431 3678 4497 tollature
3720 4453 3917 4517 grege
3963 4454 4110 4499 suo:
4158 4436 4375 4502 nobis-

2426 4538 2556 4600 que
2594 4516 2791 4582 donet
2848 4525 2922 4582 ut
2963 4516 3191 4596 certis,
3250 4515 3606 4582 moderatis
3649 4538 3725 4583 ac
3777 4520 4173 4587 salutaribus
4216 4542 4375 4588 con-

2429 4602 2591 4668 siliis
2633 4609 2869 4668 cuncta
2905 4615 3316 4686 peragamus.

2599 4689 2954 4753 Caeterum
2998 4708 3083 4751 ex
3123 4688 3565 4772 Argentorato
3607 4687 3752 4752 heri
3794 4688 4129 4755 Adrianus
4171 4690 4382 4755 alum-

2428 4794 2560 4838 nus
2625 4781 2850 4838 noster
2910 4772 3127 4837 fausto
3193 4774 3431 4838 nuncio
3500 4774 3894 4857 significavit
3961 4775 4381 4842 Colmaiensem

2430 4860 2828 4942 episcopum,
2885 4859 3232 4943 profligata
3271 4860 3551 4943 papismi
3597 4860 3929 4941 impietate
3974 4862 4380 4927 reformatio-

2431 4965 2586 5010 nem
2615 4943 2985 5028 .religionis
3050 4965 3169 5027 per
3246 4956 3453 5011 totam
3520 4943 3832 5009 ditionem
3899 4967 4084 5010 suam
4162 4946 4384 5014 moliri

2433 5031 2518 5094 D.
2564 5029 2804 5095 Buceri
2847 5029 3190 5112 auspiciis,
3251 5033 3363 5113 qui
3406 5030 3620 5095 denuo
3640 5033 3693 5108 ²)
3740 5053 3915 5097 nunc
3957 5033 4253 5113 serioque
4297 5032 4381 5098 ab

2437 5171 2653 5178 -—.—-.-—--
2678 5170 2799 5176 ..ψ-η

2469 5249 2607 5311 429.
2643 5250 2699 5314 1)
2739 5249 2819 5304 Ν.
2853 5249 2956 5303 422
2990 5255 3042 5304 et
3074 5250 3195 5305 428.

2642 5319 2702 5374 2)
2742 5317 2880 5372 Post
2913 5320 3129 5387 pascha
3180 5317 3311 5371 1542
3356 5317 3444 5373 Ar
3637 5324 3791 5373 atwm
3821 5332 4092 5386 reversus,
4145 5335 4215 5372 m.
4265 5320 4380 5376 De-

2673 5387 2854 5443 denuo
2888 5388 2965 5442 ad
2996 5389 3315 5458 episcopm
3350 5387 3397 5442 0
3451 5426 3464 5441 .
3501 5402 3559 5442 se
3788 5386 3836 5439 “.

3869 5470 3967 5524 29.
