5050 6167
369 420 485 484 433

527 606 746 672 Fideli
788 626 979 673 servo
1021 605 1178 671 Iesu
1223 604 1472 670 Christi
1506 607 1707 671 Petro
1742 606 1973 671 Vireto
2007 606 2309 672 Lausan-

365 693 583 759 nensis
627 693 936 759 ecclesiae
977 694 1222 775 pastori
1251 692 1300 775 ¹)

1640 779 2051 843 Lausannae.

529 916 601 983 S.
650 915 887 982 Adhuc
930 923 1234 1000 exspecto
1278 914 1433 998 quid
1453 916 1713 980 Bernae
1747 923 1968 982 actum
2002 915 2106 994 sit,
2154 915 2310 998 quid

363 1002 604 1069 dictum
650 1004 736 1068 sit
779 1001 1063 1080 decanis,
1109 1002 1264 1085 quid
1302 1002 1775 1084 responderint,
1820 1001 1975 1083 quid
2010 1000 2308 1066 obtinue-

359 1090 507 1156 rint.
609 1089 742 1155 Ubi
796 1089 1084 1170 primum
1141 1097 1360 1154 cortus
1424 1087 1657 1169 aliquis
1713 1088 1994 1152 nuncius
2051 1087 2133 1151 ad
2188 1107 2309 1153 nos

359 1176 628 1250 venerit,
676 1175 1071 1239 sententiam
1106 1195 1323 1238 meam
1358 1173 1616 1255 plenius
1660 1173 1844 1238 vobis
1859 1174 1918 1256 ²)
1963 1192 2305 1255 exponam.

357 1261 551 1327 Nunc
609 1260 954 1324 formulam
1019 1261 1211 1324 mitto
1266 1281 1350 1323 ex
1412 1280 1542 1340 qua.
1605 1259 1899 1339 poteritis
1961 1279 2309 1341 excerpere

361 1346 530 1429 quod
574 1345 910 1429 placuerit,
956 1365 1334 1428 expungere
1378 1342 1548 1425 quod
1583 1343 2003 1428 displicuerit.
2075 1342 2306 1424 Quan-

358 1452 550 1515 quam
608 1430 932 1496 Dominus
987 1432 1282 1495 fortassis
1339 1429 1587 1512 aliquid
1653 1430 1888 1496 melius
1956 1428 2164 1506 dabit,
2233 1439 2308 1496 ut

357 1537 566 1599 neque
625 1519 948 1600 corrigere
1015 1538 1226 1598 neque
1280 1516 1467 1599 sequi
1527 1515 1772 1598 aliquid
1840 1515 1921 1579 de
1989 1536 2132 1580 meo
2189 1537 2305 1580 ne-

356 1623 532 1670 00880
577 1604 681 1668 811.
705 1604 762 1685 ⁸)

523 1774 743 1839 Pudet
799 1795 905 1838 me
964 1795 1039 1840 ac
1090 1775 1364 1839 miseret
1416 1774 1651 1850 nostri,
1725 1771 1955 1850 Virete,
2014 1771 2190 1854 quod
2232 1771 2305 1836 in

355 1858 579 1925 odium
633 1859 740 1925 vel
796 1860 1086 1925 favorem
1144 1860 1483 1924 hominum
1523 1859 1771 1923 veritas
1816 1856 1946 1921 Dei
1987 1856 2303 1923 obruitur.

353 1946 499 2011 Hoc
553 1946 701 2012 ideo
770 1944 912 2012 dico
969 1947 1120 2028 quia
1190 1947 1282 2012 sic
1348 1946 1634 2028 loquitur
1697 1943 1989 2008 Gur-imus
2003 1942 2061 2029 ⁴)
2117 1964 2192 2008 ac
2249 1944 2306 2008 si

354 2031 626 2097 Erasmi
676 2051 872 2097 causa
929 2032 1180 2114 optima
1221 2032 1420 2108 foret,
1489 2030 1602 2095 alii
1648 2028 1815 2094 nihil
1860 2030 1990 2095 nisi
2034 2029 2306 2094 menda-

353 2118 528 2183 cium
588 2117 960 2200 loquantur.
1051 2117 1221 2182 Mihi
1277 2117 1504 2181 videre
1546 2115 1776 2180 videor
1833 2122 2152 2197 quantum
2195 2115 2306 2180 isti

351 2225 653 2268 rumores
711 2202 1087 2286 praeiudicii
1144 2210 1372 2268 eontra
1436 2224 1667 2267 sanam
1724 2202 2089 2266 doctrinam
2149 2202 2304 2267 affe·

349 2297 520 2354 rant.
612 2289 843 2371 Itaque
886 2296 964 2353 ut
1005 2290 1439 2354 eonscientiae
1478 2309 1662 2353 meae
1714 2289 2128 2365 satisfaciam,
2173 2295 2306 2351 sta-

350 2375 450 2440 tui
492 2397 634 2439 non
675 2374 1162 2440 dissimulanter
1206 2375 1492 2456 profiteri
1537 2372 1693 2456 quid
1737 2375 2036 2439 sentiam.
2127 2371 2308 2453 Quid

351 2468 580 2526 autem
625 2462 1046 2526 excusatione
1092 2481 1254 2543 opus
1298 2459 1439 2524 est?
1529 2460 1876 2524 Neminem
1920 2461 1992 2523 in
2037 2459 2160 2524 hac
2204 2480 2308 2524 ec-

351 2546 554 2611 clesia
598 2548 752 2610 novi
796 2547 908 2629 qui
950 2546 1342 2629 mysterium
1403 2546 1523 2611 hoc
1572 2544 1681 2610 vel
1739 2545 2151 2610 mediocriter
2205 2546 2308 2608 in-

347 2631 624 2717 telligat.
691 2632 885 2697 Nunc
928 2632 1098 2696 male
1141 2653 1247 2696 me
1291 2631 1505 2708 habet,
1550 2652 1752 2713 quum
1797 2632 1864 2694 in
1912 2651 2131 2695 errore
2174 2650 2307 2694 non

352 2717 548 2782 modo
616 2717 921 2783 foventur
985 2717 1102 2782 sed
1166 2717 1366 2782 etiam
1433 2719 1936 2795 confirmantur,
2003 2724 2079 2781 ut
2143 2717 2309 2780 fiant

352 2825 628 2887 prorsus
682 2803 1097 2870 insanabiles.
1201 2803 1348 2867 Hoc
1405 2807 1646 2867 iterum
1703 2799 1850 2866 ideo
1905 2800 2047 2866 dico
2091 2808 2195 2878 ut,
2252 2802 2306 2866 si

352 2888 507 2972 quid
556 2888 722 2954 mihi
767 2889 993 2965 credis,
1053 2888 1294 2953 nostris
1338 2887 1461 2953 hac
1504 2889 1576 2952 in
1619 2896 1806 2970 parte
1849 2908 1983 2952 non
2027 2886 2308 2951 nimium

351 2973 720 3058 indulgeas.
777 2975 1007 3042 Unum
1030 2975 1364 3052 sentimus,
1402 2996 1606 3038 unum
1631 2975 1833 3057 igitur
1866 2973 2231 3055 loquamur.
2248 2974 2306 3056 ⁶)

1257 3450 1404 3522 419.

846 3589 1316 3658 CALVINUS
1358 3590 1821 3657 FARELLO.

528 3761 787 3828 Farello
831 3760 1053 3826 Metim
1084 3763 1360 3844 profecto
1402 3765 1614 3828 omnia
1645 3783 1959 3844 prospera
2011 3782 2308 3845 appreca-

349 3848 804 4014 91ἰοεὲήἰόιξαείον
845 3847 1228 3931 Moryiensis
1270 3850 1392 3912 sibi
1436 3869 1573 3913 eam
1605 3850 2000 3930 provinciam
2042 3853 2312 3929 ereptam

351 4103 460 4167 (Ex
497 4104 846 4173 autographo
897 4103 1012 4156 cod.
1052 4105 1255 4160 Gencv.
1306 4105 1429 4172 106,
1477 4106 1566 4157 sol.
1614 4104 1699 4157 84.
1773 4107 1995 4174 Apogra
2035 4103 2105 4156 ha
2141 4104 2308 4157 habes

353 4173 410 4226 iu
444 4174 582 4228 cod.
629 4172 742 4240 111,
777 4173 868 4226 fol.
904 4171 986 4225 64.
1067 4175 1229 4225 Bern.
1267 4175 1300 4226 l.
1337 4175 1371 4228 l.
1423 4191 1472 4242 p.
1510 4173 1631 4225 449.
1708 4174 1920 4226 Simler.
2018 4173 2086 4225 ol.
2121 4170 2204 4225 51.
2244 4202 2308 4212 -

913 4242 1124 4310 Anglus
1157 4243 1326 4295 habet
1359 4243 1418 4296 T.
1455 4243 1496 4295 Ι.
1533 4260 1583 4310 p.
1619 4242 1769 4304 325.)

350 4366 554 4375 ——-.—--
579 4367 774 4374 -——--—...

388 4430 524 4492 418,
563 4433 627 4492 1)
665 4432 1100 4500 Iso-scriptionem
1134 4432 1492 4485 amanuensis
1526 4429 1761 4484 addidit.

566 4502 627 4566 2)
663 4502 896 4571 Apoyra
937 4502 1013 4555 ha
1047 4503 1351 4556 recentiora
1386 4502 1611 4554 habent:
1651 4501 1848 4552 verbis.

568 4571 627 4635 3)
666 4572 838 4639 Sequi
951 4569 1105 4624 bebat
1155 4572 1284 4639 ipsa
1336 4571 1433 4624 illa
1464 4572 1724 4638 formula,
1775 4569 1870 4624 sed
1904 4584 2024 4623 eam
2058 4587 2173 4624 non
2208 4568 2308 4624 ad-

354 4638 523 4707 dedit,
561 4641 806 4706 fortasse
840 4642 1142 4707 separatim
1175 4642 1466 4708 missurus,
1504 4646 1556 4693 et
1589 4641 1652 4693 in
1685 4638 2032 4707 autographo
2077 4639 2312 4694 dimidia

483 4710 496 4722 ⁶
615 4725 798 4764 υααια
830 4710 1052 4763 mansit.

569 4778 633 4844 4)
671 4779 761 4832 De
809 4780 1034 4832 lectione
1083 4792 1198 4832 non
1249 4778 1631 4845 ambigendum
1685 4793 1874 4832 veo-mn
1936 4778 2002 4832 de
2047 4795 2310 4848 persona.

357 4845 637 4902 Sinam-us
651 4849 926 4902 Gironum
955 4847 1503 4914 wrehiyrammateum
1520 4848 1686 4900 innui
1701 4853 1880 4915 putat,
1903 4849 2190 4903 Bormam
2201 4851 2310 4902 Be-

355 4921 516 4970 atum
559 4917 644 4970 Ge
793 4958 808 4984 ,
847 4933 1031 4986 nuper
1065 4932 1134 4970 ea:
1169 4917 1537 4982 Aryentorato
1571 4918 1819 4970 Rev-»nam
1863 4924 2129 4972 vocatum.
2202 4915 2315 4973 Sed

357 4990 666 5054 urumque
763 4992 908 5040 oster
952 4988 1153 5055 optime
1199 5001 1358 5040 nosse
1386 4992 1608 5053 poterat
1652 4991 1715 5039 ut
1747 4987 1812 5038 in
1843 4989 2064 5042 nomine
2097 5003 2312 5042 errasse

357 5055 460 5111 vix
480 5055 904 5122 crediderimus,
943 5062 994 5109 et
1021 5061 1314 5124 praeterea
1332 5055 1677 5122 &cruny-ium
1695 5070 1818 5109 eum
1838 5058 2079 5111 Erasmo
2098 5057 2312 5111 Βίτωνι)

358 5122 718 5194 Zminqliano
752 5125 945 5191 fecisse
980 5128 1121 5180 satis
1154 5125 1382 5178 dubium
1417 5126 1652 5178 videtur.
1705 5125 1961 5180 Gur-inus
1981 5126 2070 5180 hic
2103 5127 2218 5180 iam
2251 5127 2315 5180 in

359 5207 449 5262 op.
485 5195 570 5251 N.
607 5194 702 5248 221
745 5196 988 5248 ocenwrit
1018 5202 1070 5249 et
1102 5195 1260 5261 infra
1293 5195 1536 5262 saepius.

571 5264 635 5330 5)
669 5264 830 5318 Haec
861 5265 1216 5332 paucissimis
1251 5265 1442 5318 diebus
1479 5271 1610 5333 post
1655 5264 2070 5332 praecedentem
2105 5266 2316 5334 scripta

363 5336 461 5402 aa,
496 5338 567 5387 ut
606 5349 674 5386 ex
707 5350 768 5388 eo
797 5340 958 5402 patet
991 5335 1136 5402 quod
1171 5335 1236 5388 de
1271 5341 1542 5389 conventu
1574 5335 1906 5390 decanorum
1939 5335 2086 5390 dicit.

583 5416 808 5476 Calvina·
833 5436 1018 5490 opera.
1100 5422 1211 5477 Vol.
1249 5420 1357 5474 XI.

2057 422 2218 481 1542
2265 414 2658 485 AUGUST.

4244 429 4374 494 434

2413 604 2703 688 Egregio
2746 603 2994 671 Christi
3038 626 3233 672 servo
3278 606 3361 672 G.
3408 607 3673 674 Farello
3714 609 3906 676 fratri
3947 610 4112 678 mihi
4167 615 4370 681 caris-

2968 692 3135 757 simo
3176 691 3551 776 ubicunque
3594 695 3739 761 erit.
3767 695 3818 779 ¹)

2587 824 2656 891 S.
2704 826 3048 906 Dominus,
3094 829 3466 912 ubicunque
3501 831 3610 907 sis,
3658 837 3723 895 te
3765 830 4023 897 salvum
4068 853 4142 898 ac
4184 835 4365 901 inco-

2413 911 2657 977 lumem
2700 912 2813 977 diu
2855 913 3163 978 ecclesiae
3207 935 3363 979 suae
3400 923 3761 994 conservet,
3806 916 4010 983 frater
4052 919 4214 983 mihi
4258 942 4364 987 ca-

2413 997 2688 1063 rissime.
2780 996 2855 1063 Si
2899 999 3135 1064 Metim
3178 999 3515 1083 ingressus
3561 1023 3652 1078 es,
3710 1002 3881 1084 quod
3928 1006 4362 1093 speramus.,²)

2411 1086 2653 1148 ostium
2708 1083 2880 1150 istuc
2951 1085 3298 1168 evangelio
3354 1106 3471 1150 suo
3541 1087 3820 1168 aperiat,
3880 1097 4069 1171 teque
4127 1092 4361 1172 spiritu,

2411 1170 2787 1251 sapientiae,
2824 1169 3232 1252 prudentiae,
3259 1171 3745 1251 moderationis,
3781 1173 3920 1252 zeli,
3958 1175 4361 1243 fortitudinis

2411 1254 2709 1336 impleat,
2763 1267 2839 1320 ut
2879 1256 3060 1320 omni
3102 1277 3187 1320 ex
3231 1265 3415 1339 parte
3468 1257 3552 1322 ad
3609 1278 3771 1341 opus
3815 1268 3951 1324 tam
3994 1259 4254 1327 difficile
4296 1275 4365 1328 et

2411 1339 2690 1404 arduum
2735 1340 2825 1404 sis
2865 1342 3242 1407 instructus.
3331 1341 3544 1430 Video
3603 1344 3776 1408 onim
3834 1354 3995 1426 quot
4051 1367 4127 1412 ac
4168 1368 4355 1430 quanx

2411 1425 2812 1507 periculosae
2846 1428 3280 1492 certaminum
3318 1428 3566 1510 species
3601 1430 3720 1495 tibi
3754 1430 4160 1511 immineant,
4196 1455 4362 1517 quac

2410 1511 2746 1595 singulare
2797 1510 2925 1577 Dei
2988 1514 3308 1577 auxilium
3378 1516 3740 1596 requirunt.
3838 1515 4093 1581 Verum
4151 1540 4361 1602 neque

2407 1597 2549 1679 ipse
2592 1597 2775 1662 rudis
2819 1617 2889 1663 es
2925 1608 3040 1663 aut
3079 1598 3448 1680 imperitus,
3495 1609 3571 1663 ut
3612 1600 3720 1665 vel
3763 1603 4019 1684 magnis
4060 1605 4363 1685 periculis

2410 1683 2716 1748 terrearis
2728 1706 2745 1762 ;
2823 1704 3033 1765 neque
3098 1685 3315 1749 virtus
3379 1684 3660 1762 Christi,
3740 1707 3906 1768 quae
3972 1688 4362 1755 mirabiliter

2410 1788 2670 1850 semper
2724 1769 2844 1834 tibi
2902 1768 3140 1848 adfuit,
3199 1777 3301 1834 est
3355 1769 3724 1852 imminuta.
3825 1772 3961 1837 Nos
4016 1773 4122 1839 1110
4177 1778 4361 1841 anxii

2411 1852 2762 1918 admodum
2818 1862 3275 1938 exspectamus
3335 1875 3529 1937 quem
3584 1857 3703 1920 tibi
3749 1877 4119 1924 successum
4164 1859 4401 1930 dede.

2410 1940 2513 2003 rit.
2605 1937 2754 2005 Scis
2796 1940 2972 2004 enim
3016 1939 3210 2004 hodie
3254 1941 3541 2005 maxime
3599 1963 3876 2024 regnare
3920 1943 4082 2008 illud
4126 1946 4358 2012 stulto-

2410 2045 2559 2089 rum
2601 2023 2933 2103 iudicium,
2981 2031 3053 2089 ut
3088 2025 3166 2091 ab
3202 2035 3445 2090 eventu
3489 2027 3660 2092 facta
3701 2028 4099 2112 consiliaque
4141 2032 4362 2096 omnia

2412 2111 2858 2175 aestimentur.
2946 2109 3214 2175 Interea
3260 2111 3500 2175 mirum
3545 2132 3704 2193 quas
3749 2114 4047 2194 querelas
4092 2129 4364 2200 spargat

2412 2195 2519 2260 hic
2563 2196 2806 2279 passim
2850 2196 3113 2262 Iacobus
3130 2198 3189 2272 Β)
3233 2196 3657 2280 Morgiensis:
3725 2204 3790 2261 te
3834 2217 4112 2278 currere,
4159 2223 4362 2284 quum

2411 2282 2551 2364 ipse
2589 2291 2858 2347 vocatus
2893 2290 3082 2360 esset,
3120 2282 3243 2346 sibi
3278 2302 3545 2366 gravem
3581 2281 3888 2347 iniuriam
3925 2285 4161 2349 factam
4197 2307 4361 2360 esse,

2412 2373 2478 2430 te
2535 2367 2762 2432 invitis
2806 2367 2932 2450 piis
2994 2366 3326 2446 omnibus,
3382 2369 3490 2451 qui
3548 2368 3696 2433 istic
3748 2379 3933 2447 sunt,
4004 2369 4358 2438 advolasse.

2411 2452 2605 2517 Nosti
2651 2452 2935 2518 hominis
2988 2451 3361 2532 ἀλαζονείαν,
3421 2474 3615 2536 quam
3661 2454 3915 2518 utinam
3957 2456 4029 2518 in
4071 2464 4361 2539 temporo.

2412 2537 2831 2605 cohibuisses.
2921 2539 3115 2603 Nunc
3171 2539 3264 2603 ita
3317 2560 3435 2621 per
3474 2547 3756 2603 aetatem
3796 2539 4105 2614 invaluit,
4162 2550 4237 2606 ut
4277 2544 4365 2607 sit

2410 2625 2679 2690 morbus
2722 2624 3115 2689 incurabilis.
3205 2624 3562 2706 Nunquam
3606 2633 3824 2688 tamen
3862 2624 3956 2690 810
4001 2625 4217 2708 palam
4262 2627 4352 2691 in·

2411 2710 2615 2775 saniit
2658 2717 2735 2774 111
2776 2731 2971 2778 1111110.
3040 2707 3433 2791 Quanquam
3477 2710 3710 2774 fratres
3755 2710 4087 2776 Metenses
4122 2712 4363 2794 partim

2410 2795 2480 2859 in
2524 2794 2721 2878 culpa
2754 2804 2932 2874 sunt,
2976 2795 3089 2877 qui
3126 2792 3209 2859 ad
3244 2815 3395 2860 eum
3430 2793 3643 2860 solum
3678 2795 4134 2879 confugerunt,
4181 2800 4364 2880 quasi

2413 2880 2496 2945 ad
2540 2901 2793 2947 sacram
2839 2880 3227 2958 anchoram,
3287 2901 3487 2962 quum
3546 2880 3706 2946 alios
3764 2880 4086 2947 haberent
4137 2890 4204 2946 et
4245 2904 4363 2947 no-

2411 2966 2612 3032 tiores
2656 2973 2722 3030 01
2764 2965 2961 3049 paulo
3007 2966 3308 3048 aptiores.
3398 2963 3533 3031 Sed
3590 2966 3754 3031 istae
3812 2988 4030 3050 nugae
4084 2967 4254 3032 nihil
4298 2979 4364 3032 te

2410 3052 2789 3135 impediant.
2878 3051 3108 3134 Neque
3152 3071 3311 3116 vero
3369 3050 3452 3115 iis
3511 3051 3630 3115 tibi
3693 3051 4006 3117 molestus
4073 3053 4362 3130 fuissem,

2411 3138 2541 3204 nisi
2581 3138 2735 3221 quia
2780 3137 3067 3216 verebar,
3113 3158 3196 3201 ne
3239 3136 3504 3202 aliunde
3538 3157 3763 3201 rumor
3805 3136 3888 3201 ad
3933 3145 4000 3201 te
4044 3153 4359 3205 manaret.

2410 3223 2643 3306 Itaque
2705 3222 2910 3287 malui
2979 3243 3470 3306 praeoccupare.
3582 3222 3714 3288 Ubi
3775 3223 4064 3306 primum
4130 3225 4365 3290 certior

2412 3309 2648 3392 aliquis
2682 3309 2963 3380 nuncius
3000 3309 3238 3374 allatus
3268 3308 3484 3385 fuerit,
3523 3309 3844 3391 copiosius
3881 3309 3961 3372 de
3998 3317 4173 3374 statu
4209 3331 4363 3375 nos·

2413 3403 2514 3460 tro
2558 3395 2679 3460 tibi
2722 3393 3020 3460 scribam.
3112 3393 3306 3471 Vale,
3365 3395 3607 3475 optime
3665 3404 3730 3457 01
3771 3395 4190 3476 integerrime
4233 3397 4362 3460 fra·

2412 3487 2533 3545 ter.
2624 3478 2856 3546 Saluta
2895 3481 3137 3544 amicos
3181 3500 3435 3558 omnes,
3491 3478 3725 3561 quibus
3768 3500 3997 3560 precor
4041 3489 4107 3544 et
4148 3483 4361 3545 consi-

2413 3566 2574 3631 lium
2621 3574 2689 3629 et
2731 3565 3023 3630 animum
3069 3566 3209 3629 dari
3257 3589 3297 3630 a
3339 3563 3626 3629 Domino
3686 3574 3759 3628 ut
3800 3565 4047 3629 virtute
4091 3566 4362 3648 spiritus

2413 3653 2554 3718 eius
2593 3650 2742 3715 fulti
2786 3650 2954 3715 nihil
3001 3649 3437 3716 reformident.
3503 3649 3757 3715 Iterum
3796 3649 3962 3715 vale.
4030 3650 4362 3729 Genevac,

2413 3735 2783 3820 penultima
2826 3737 3109 3819 Augusti
3160 3740 3341 3800 1542.

3540 3872 3632 3936 Io.
3681 3870 4001 3936 Calvinus
4046 3879 4215 3936 tuus.

3312 4346 3464 4417 42⁰.

3009 4485 3295 4553 OURIO
3344 4483 3776 4550 OALVINO.

2589 4644 2673 4708 In
2697 4641 2958 4706 Italiam
2981 4641 3379 4723 profecturus
3414 4643 3482 4702 ut
3524 4637 3668 4702 inde
3710 4637 4033 4718 familiam
4075 4640 4357 4720 adducat,

2413 4732 2474 4795 si
2532 4730 2686 4811 quid
2746 4727 3047 4794 Calvinus
3102 4727 3433 4792 literarum
3488 4724 3617 4804 ipsi
3672 4724 4032 4789 committere
4085 4726 4358 4804 voluerit,

2414 4816 2617 4899 officio
2658 4835 2724 4879 se
2751 4819 3006 4895 praesto
3046 4812 3335 4893 futurum
3376 4809 3651 4874 ostendit.

2675 4970 2789 5033 (Ex
2823 4965 3158 5035 autographo
3182 4966 3309 5020 Cod.
3346 4963 3581 5018 Gothani
3615 4961 3735 5030 404,
3769 4963 3858 5016 fol.
3898 4961 4042 5030 795.)

2420 5075 2970 5190 ἶῶἶὶᾷἶῖηαω
3003 5118 3125 5174 ιωωγ
3179 5119 3190 5131 ·
3232 5118 3333 5173 st.-
3367 5117 3437 5171 ao
3491 5121 3632 5186 Aug.
3667 5116 3819 5170 1542.

2623 5194 2681 5261 2)
2725 5192 2876 5245 Teste
2912 5189 3115 5244 aalma
3223 5189 3233 5200 '
3287 5229 3298 5241 .
3336 5186 3701 5240 deLorraim
3718 5186 3807 5239 ΙΙ.
3834 5183 3992 5250 1242)
4027 5182 4117 5238 die
4149 5182 4359 5238 deinum

2419 5263 2470 5317 ²³·
2510 5259 3081 5397 &paim
3112 5255 3949 5396 ffiffxfflfflaffim.

3881 5406 3950 5461 28
