5050 6167
628 469 703 529 91
2158 451 2682 520 EPIS'POLAE
2728 457 3064 519 243—245
4533 461 4616 521 92

629 647 787 733 quid
832 645 1096 712 evenire
1141 643 1349 710 soleat
1378 642 1830 710 communibus
1864 642 2009 707 istis
2042 641 2268 720 literis,
2310 640 2571 704 mutavi

629 732 990 800 consilium.
1061 730 1234 794 Nam
1267 728 1439 812 quod
1474 728 1556 793 ad
1592 748 1831 811 paucos
1864 727 2137 792 missum
2174 739 2290 804 est,
2340 726 2571 791 volitat

631 819 854 886 statim
914 837 1029 900 per
1082 815 1435 880 multorum
1489 834 1759 891 manus,
1818 812 2021 878 donec
2075 814 2317 894 passim
2370 811 2571 876 fuerit

630 903 1029 987 evulgatum.
1098 901 1281 966 Haec
1323 900 1530 983 igitur
1570 898 1736 964 mihi
1780 899 1946 963 ratio
1989 899 2128 975 fuit,
2172 906 2249 961 ut
2290 895 2409 961 tibi
2454 896 2571 960 uni

631 990 1007 1057 scriberem:
1054 1008 1136 1052 ne
1179 985 1340 1051 alios
1375 983 1685 1049 adhibeas
1720 983 1993 1049 lectores
2027 1004 2222 1067 quam
2259 1004 2300 1047 a
2334 981 2570 1064 quibus

632 1074 881 1140 videbis
924 1072 1088 1137 nihil
1133 1091 1273 1136 esse
1315 1070 1603 1154 periculi.
1688 1070 1826 1135 Gur
1869 1079 2087 1133 autem
2131 1068 2331 1132 nolim
2375 1067 2572 1133 latius

633 1160 935 1241 dissipari
978 1156 1150 1240 quod
1190 1158 1259 1221 in
1304 1158 1522 1220 sinum
1562 1167 1747 1219 tuum
1786 1153 2052 1237 depon0,
2097 1153 2423 1236 intelliges
2460 1153 2571 1218 ubi

632 1244 715 1311 ad
772 1247 971 1310 finem
1026 1242 1418 1325 perveneris.
1521 1241 1808 1306 Tametsi
1866 1238 2065 1304 animi
2124 1239 2254 1304 mei
2305 1260 2571 1303 sensum

632 1331 893 1415 penitus
943 1338 1168 1392 tencre
1222 1335 1290 1392 te
1349 1326 1633 1399 confido,
1694 1335 1761 1391 et
1802 1325 1949 1390 aliis
1992 1326 2188 1390 etiam
2231 1323 2401 1389 bona
2444 1322 2573 1388 fide

632 1416 1038 1498 exposuisse,
1114 1413 1397 1478 breviter
1477 1421 1695 1476 tamen
1775 1411 1882 1475 hic
1956 1419 2249 1493 repetam
2292 1409 2572 1492 qualiter

636 1499 954 1582 hodieque
1022 1499 1145 1562 sim
1214 1499 1500 1563 affectus.
1612 1494 1886 1577 Quoties
1952 1497 2267 1560 memoria
2331 1502 2572 1577 repet0,

635 1608 834 1670 quam
874 1587 1108 1649 misere
1150 1582 1283 1648 illic
1336 1582 1704 1658 habuerim,
1759 1582 1903 1646 fieri
1957 1602 2091 1646 non
2144 1589 2355 1663 potest
2409 1580 2572 1662 quin

634 1681 772 1736 toto
828 1679 1084 1753 pectore
1140 1669 1625 1744 exhorrescam,
1677 1667 1790 1731 ubi
1849 1669 2068 1750 agitur
2110 1666 2191 1730 de
2237 1688 2342 1731 me
2385 1686 2571 1729 revo-

634 1756 857 1822 cando.
968 1754 1157 1819 Illam
1221 1753 1737 1836 inquietudinem
1803 1754 2063 1829 omitto,
2129 1772 2257 1835 qua
2311 1770 2572 1816 sursum

636 1841 937 1907 deorsum
996 1841 1216 1906 iactati
1269 1849 1582 1923 perpetuo
1636 1839 1908 1916 fuimus,
1964 1859 2047 1903 ex
2101 1856 2229 1921 quo
2282 1837 2401 1902 tibi
2458 1834 2571 1900 ad-

634 1929 893 1993 iunctus
914 1947 1060 1990 sum
1095 1923 1371 2008 collega:
1410 1925 1540 1989 scic
1562 1926 1756 2002 enim,
1793 1944 2180 2007 quocunque
2203 1921 2572 1997 concedam,

633 2012 798 2078 mihi
854 2012 1145 2076 infinitas
1196 2010 1526 2075 molestias
1582 2030 1724 2075 esse
1789 2010 2181 2091 propositas:
2248 2009 2304 2072 si
2369 2006 2575 2071 velim

634 2098 902 2165 Ohristo
958 2097 1209 2173 vivere,
1268 2095 1442 2161 hunc
1499 2092 1814 2160 mundum
1878 2095 2014 2159 fore
2077 2094 2243 2158 mihi
2316 2112 2575 2173 semper

635 2183 1117 2249 turbulentum:
1161 2181 1367 2246 vitam
1411 2189 1823 2262 praesentem
1866 2178 2208 2245 certamini
2261 2198 2405 2244 esse
2461 2177 2574 2240 de-

633 2270 961 2335 stinatam.
1049 2264 1183 2333 Sed
1228 2265 1384 2331 dum
1428 2267 1635 2349 cogito
1677 2265 1911 2346 quibus
1955 2266 2295 2330 tormentis
2338 2283 2572 2360 excru-

634 2356 804 2421 ciata
856 2363 998 2418 tum
1063 2352 1264 2418 fuerit
1321 2351 1717 2417 conscientia
1773 2370 1949 2428 mea,
2011 2357 2080 2414 et
2119 2350 2354 2433 quibus
2396 2367 2573 2412 curis

630 2440 967 2515 aestuarit,
1011 2438 1276 2522 ignosce
1318 2437 1375 2501 si
1418 2437 1632 2502 locum
1666 2434 1851 2499 illum
1887 2435 2068 2500 velut
2105 2434 2270 2499 mihi
2304 2432 2571 2499 fatalem

634 2523 994 2589 reformido.
1083 2524 1186 2589 'ru
1227 2523 1367 2606 ipse
1408 2522 1575 2586 mihi
1619 2539 1751 2585 una
1793 2542 1942 2586 cum
1986 2521 2127 2585 Deo
2173 2521 2459 2603 optimus
2501 2538 2573 2583 es

634 2611 846 2687 testis,
905 2630 1036 2673 non
1088 2608 1215 2672 alio
1273 2606 1533 2674 vinculo
1590 2627 1695 2670 me
1752 2605 1885 2671 illic
1928 2604 2179 2670 tamdiu
2221 2612 2572 2682 retentum,

631 2696 759 2760 nisi
814 2694 984 2778 quod
1038 2695 1266 2778 iugum
1324 2694 1704 2769 vocationis,
1763 2690 1931 2774 quod
1988 2691 2152 2755 mihi
2205 2711 2247 2755 a
2288 2689 2573 2755 Domino

630 2780 1013 2865 impositum
1066 2799 1207 2845 esse
1260 2798 1602 2856 noveram,
1658 2795 1794 2841 non
1856 2774 2174 2842 audebam
2245 2782 2571 2840 excutere.

632 2862 968 2947 Quamdiu
1007 2865 1213 2949 igitur
1255 2865 1347 2929 sic
1389 2885 1571 2929 eram
1627 2860 1966 2946 alligatus,
2028 2859 2226 2926 malui
2282 2871 2576 2926 extrema

632 2951 905 3034 quaevis
946 2950 1253 3033 perferre,
1298 2968 1491 3032 quam
1534 2949 1606 3012 in
1648 2955 1935 3012 mentem
1984 2946 2272 3029 recipere
2326 2947 2573 3029 cogita-

632 3037 846 3102 tiones
888 3033 1187 3101 mutandi
1227 3033 1370 3112 loci,
1416 3053 1582 3115 quae
1625 3054 1818 3116 saepe
1874 3032 2115 3115 alioqui
2168 3031 2336 3096 mihi
2389 3031 2575 3097 obre-

718 3121 895 3188 bant.
1002 3120 1146 3185 Iam
1212 3139 1368 3184 vero
1424 3118 1539 3184 ubi
1603 3118 1731 3183 Dei
1794 3117 2108 3183 beneficio
2163 3116 2361 3182 semel
2429 3138 2573 3181 sum

660 3208 964 3284 'beratus,
1009 3205 1067 3270 si
1109 3206 1178 3270 in
1223 3205 1547 3290 gurgitem
1591 3224 1786 3287 quem
1837 3204 2001 3268 mihi
2053 3203 2386 3268 exitialem
2433 3222 2576 3267 esse

633 3313 783 3358 sum
823 3299 1155 3373 expertus,
1200 3311 1330 3354 non
1376 3289 1657 3354 libenter
1700 3309 1805 3353 me
1846 3289 2197 3373 immerg0,
2251 3289 2397 3371 quis
2438 3309 2575 3352 non

632 3377 798 3441 mihi
834 3377 1093 3441 veniam
1129 3374 1485 3441 concedat?
1528 3374 1661 3439 imo
1695 3396 1853 3440 vero
1889 3375 2394 3458 quotusquisque
2429 3374 2571 3450 crit,

632 3465 747 3545 qui
789 3482 925 3526 non
965 3480 1071 3525 me
1124 3470 1358 3544 arguat
1411 3460 1646 3524 nimiae
1697 3459 2053 3537 facilitatis,
2113 3460 2168 3524 si
2228 3459 2441 3525 sciens
2498 3478 2575 3523 ac

630 3547 861 3615 volens
903 3567 1008 3611 me
1097 3546 1467 3629 raecipitem
1523 3544 1806 3611 dedero?
1896 3543 2071 3627 Quid
2127 3553 2350 3610 autem
2403 3543 2574 3628 quod

630 3632 885 3700 etiamsi
930 3630 1041 3697 nul
1070 3653 1108 3697 o
1148 3651 1294 3697 meo
1345 3630 1631 3713 periculo
1683 3631 2078 3709 absterreat,
2136 3630 2574 3696 ministerium

629 3726 850 3785 tamen
895 3738 1113 3783 meum
1158 3715 1291 3782 illis
1328 3716 1488 3782 utile
1530 3717 1667 3782 fore
1710 3717 1824 3781 vix
1866 3715 2161 3782 confido?
2234 3716 2409 3781 Nam
2443 3735 2573 3799 quo

630 3804 697 3869 in
746 3803 893 3868 enio
935 3800 1214 3885 praediti
1247 3812 1405 3867 sunt
1449 3801 1584 3867 illic
1617 3803 1937 3887 plerique,
1984 3824 2196 3885 neque
2243 3802 2367 3884 ipsi
2408 3801 2572 3865 mihi

628 3895 698 3952 to
724 3886 997 3953 erabiles
1042 3895 1252 3966 erunt,
1301 3909 1421 3953 nec
1546 3909 1585 3953 o
1628 3889 1804 3971 ipsis.
1907 3889 2104 3972 Est2)
2162 3885 2342 3952 aliud
2400 3886 2569 3970 quod

628 3994 735 4038 me
798 3972 1227 4038 vehementer
1290 3981 1517 4055 pertur
1562 3983 1645 4039 at.
1754 3972 1986 4056 Neque
2046 3974 2219 4040 enim
2287 3972 2572 4037 multum

626 4059 1040 4144 profecturus
1114 4057 1278 4123 mihi
1357 4057 1583 4124 videor
1656 4059 1788 4124 nisi
1850 4079 2115 4124 manum
2180 4059 2572 4122 auxiliarem

625 4143 983 4229 praebeant
1022 4142 1156 4225 qui,
1198 4153 1515 4227 quantum
1561 4143 1642 4209 ad
1679 4143 2044 4211 nocendum
2104 4144 2397 4223 valeant,
2454 4165 2569 4208 ex·

625 4231 989 4312 perimento
1031 4228 1391 4296 didicimus.
1483 4231 1690 4313 Atqui
1744 4228 2039 4296 videmus
2090 4249 2286 4312 quam
2342 4230 2567 4312 procul

627 4313 846 4380 absint
895 4315 976 4379 ab
1030 4315 1209 4379 omni
1265 4313 1482 4381 studio
1537 4316 1999 4393 consensionis,
2046 4336 2128 4380 ne
2171 4314 2386 4381 dicam
2427 4314 2569 4399 opis

626 4398 945 4476 ferendae,
990 4401 1118 4465 nisi
1160 4400 1323 4465 mihi
1374 4401 1697 4466 Dominus
1752 4420 1862 4466 eos
1919 4410 2177 4484 praeter
2230 4400 2568 4466 hominum

628 4504 811 4568 spem
856 4485 1069 4550 subito
1111 4486 1571 4552 conciliaverit.
1658 4484 1838 4568 Quid
1890 4486 2187 4551 futurum
2239 4497 2463 4569 putas,
2510 4488 2568 4552 si

626 4570 962 4635 ministros
1015 4592 1166 4636 suos
1218 4591 1259 4635 a
1317 4572 1769 4637 communione
1826 4592 1973 4638 mea
2036 4582 2330 4650 arceant,
2395 4569 2569 4655 quod

624 4655 784 4721 olim
827 4656 1164 4721 fecerunt?
1231 4655 1419 4722 Adde
1453 4655 1622 4739 quod
1656 4657 1821 4722 mihi
1862 4657 2075 4722 maius
2119 4678 2194 4724 ac
2236 4657 2565 4723 difficilius

623 4747 951 4807 certamen
1009 4741 1136 4806 crit
1192 4761 1341 4806 cum
1392 4741 1656 4826 collegis
1673 4743 1729 4828 ⁸)
1783 4764 1981 4826 quam
2024 4764 2172 4809 cum
2216 4744 2566 4809 extraneis.

625 4823 804 4908 Quid
849 4828 1042 4892 unius
1085 4827 1367 4894 hominis
1408 4847 1603 4910 opera
1644 4829 1903 4911 poterit,
1948 4836 2049 4894 tot
2102 4828 2385 4914 undique
2438 4829 2563 4893 im·

624 4910 1010 4995 pedimentis
1052 4911 1301 4978 fracta?
1359 4922 1552 4997 atque
1602 4923 1679 4978 ut
1732 4934 1964 4981 verum
2013 4915 2251 4993 fatear,
2306 4915 2562 4980 etiamsi

826 5151 863 5204 ἓ
926 5151 1026 5205 Est
1072 5150 1218 5204 alind
1255 5188 1527 5205 ......
1577 5153 1723 5221 quod
1769 5153 1898 5207 olim
1949 5152 2233 5207 fecerunt?
2285 5169 2384 5207 om.
2437 5151 2558 5207 aad.

626 5217 816 5272 Etiam
907 5227 1134 5275 onnam
1168 5224 1397 5288 autoqra
1443 5220 1548 5274 hon
1582 5237 1693 5275 non
1719 5223 1974 5291 inspexit.
2028 5222 2177 5277 Besa
2210 5222 2355 5276 hunc
2386 5223 2560 5276 locum

619 5288 891 5357 cepam
962 5291 1056 5343 uia
1090 5289 1362 5343 evidenter
1450 5305 1700 5344 arnonus
1735 5291 1933 5346 ucenae.

825 5353 888 5422 3)
970 5363 1258 5426 speram
1292 5357 1366 5411 Η.
1403 5356 1491 5412 De
1524 5359 1581 5413 la
1618 5359 1783 5414 Marc
1812 5366 1863 5415 et
1900 5359 2014 5414 Iac.
2050 5357 2328 5414 Bor-nard.

2670 641 2891 704 omnia
2933 640 3124 706 valde
3158 641 3459 723 expedita
3498 643 3660 706 mihi
3698 643 3929 722 forent,
3975 646 4194 710 nescio
4232 665 4361 727 qna
4395 653 4618 710 tamen

2672 725 3102 792 desuetudine
3145 726 3386 792 oblitus
3441 748 3587 792 sum
3641 729 3815 794 artes
3869 730 4194 814 regendae
4246 729 4617 796 multitudi-

2671 812 2794 875 nis.
2815 816 2871 886 ⁴)
2960 811 3130 876 Mihi
3175 812 3284 878 hic
3324 831 3475 877 cum
3518 814 3742 896 paucis
3784 817 4116 899 negotium
4160 825 4277 894 est,
4336 824 4405 881 et
4456 833 4616 898 quo·

2672 918 2820 960 rum
2865 918 3018 980 pars
3059 898 3272 963 maior
3310 918 3420 961 me
3464 920 3593 963 non
3635 907 3889 964 tantum
3933 911 4010 964 ut
4049 908 4376 983 pastorem
4413 901 4614 980 audit,

2673 982 2788 1046 sed
2828 993 2907 1047 ut
2947 991 3429 1066 praeceptorem
3473 984 3790 1049 observat.
3863 985 4060 1050 Dices
4104 1007 4211 1051 me
4244 987 4441 1053 nimis
4475 1008 4618 1053 esse

2675 1067 3043 1146 delicatum,
3087 1069 3199 1150 qui
3245 1069 3349 1135 his
3390 1068 3725 1134 blanditiis
3769 1068 4092 1137 delibutus
4137 1072 4387 1137 nullam
4430 1093 4618 1155 aspe-

2674 1154 2915 1218 riorem
2956 1176 3182 1219 vocem
3227 1176 3404 1218 nunc
3446 1154 3673 1219 audire
3707 1157 4083 1220 sustineam.
4149 1156 4428 1222 Falleris
4462 1178 4620 1222 vero

2674 1240 2731 1303 si
2775 1239 2934 1303 haec
2976 1249 3200 1322 putas;
3246 1239 3358 1304 sed
3405 1261 3607 1321 quum
3651 1243 3878 1323 paucis
3922 1253 4113 1324 atque
4169 1242 4275 1307 his
4318 1242 4618 1308 nonnihil

2673 1324 3177 1406 obsequentibus
3219 1325 3384 1389 bene
3428 1346 3728 1409 praeesse
3772 1325 3934 1390 mihi
3978 1327 4256 1391 arduum
4318 1329 4617 1404 sentiam,

2675 1407 2758 1474 ad
2780 1419 3032 1474 tantam
3053 1408 3545 1475 multitudinem
3567 1411 4030 1476 continendam
4061 1412 4174 1494 qui
4206 1412 4616 1479 sufficerem?

2676 1493 2826 1575 Quo
2870 1507 3091 1560 autem
3134 1496 3404 1561 consilio
3458 1518 3564 1560 me
3617 1505 3958 1574 revocent,
4016 1499 4128 1562 vix
4184 1498 4389 1565 audeo
4445 1497 4617 1581 apud

2676 1601 2782 1645 me
2823 1583 3196 1645 aestimare:
3243 1602 3398 1645 nam
3437 1583 3492 1646 si
3537 1583 3787 1647 sincero
3832 1583 4050 1647 animo
4095 1582 4442 1663 ducuntur,
4502 1605 4621 1651 cur

2675 1686 2782 1728 me
2826 1666 3042 1748 potius
3077 1688 3270 1748 quam
3308 1687 3459 1732 eum
3477 1666 3534 1752 ⁵)
3568 1668 3757 1732 cuius
3791 1669 4221 1734 ministerium
4248 1691 4378 1733 non
4402 1670 4619 1735 minus

2676 1753 3114 1816 necessarium
3182 1752 3264 1817 ad
3340 1752 3833 1817 instaurandam
3910 1753 4199 1836 ipsorum
4277 1754 4620 1820 ecclesiam

2678 1846 2882 1912 esset,
2960 1858 3154 1919 quam
3229 1837 3546 1919 principio
3620 1838 3703 1902 ad
3777 1860 3923 1903 eam
3987 1837 4392 1905 fundandam
4461 1841 4615 1907 fuitl

2678 1919 2858 2002 Quid
2903 1923 2961 1986 si
3004 1942 3108 1986 me
3150 1922 3297 1987 ideo
3332 1933 3571 1988 vocant
3606 1932 3681 1988 ut
3699 1924 3935 1990 vicinis
3955 1926 4090 1990 sint
4110 1923 4411 2004 ludibrio,
4447 1924 4618 2009 quod

2678 2006 2812 2071 sint
2854 2007 2935 2071 ab
2979 2008 3060 2070 iis
3105 2006 3430 2084 destituti,
3486 2030 3759 2092 quorum
3816 2009 4106 2076 subsidio
4147 2011 4299 2075 freti
4344 2033 4461 2076 nos
4506 2012 4618 2077 ab·

2676 2091 2894 2175 legare
2935 2093 3074 2156 ausi
3118 2092 3423 2157 fucrant?
3512 2093 3741 2176 Neque
3784 2103 4005 2161 tamen
4047 2097 4175 2161 ista
4217 2096 4440 2162 omnia
4479 2097 4621 2162 effi-

2675 2177 2887 2255 ciunt,
2951 2198 3037 2242 ne
3095 2179 3422 2243 vocationi
3479 2180 3937 2263 obtemperem.
4027 2180 4197 2245 Nam
4240 2202 4368 2264 quo
4408 2183 4620 2266 magis

2675 2263 2756 2327 ab
2801 2261 2914 2326 illa
2955 2263 3295 2345 provincia
3350 2265 3609 2330 animus
3661 2286 3849 2330 mous
3892 2265 4231 2345 abhorret,
4289 2288 4366 2332 eo
4408 2287 4474 2330 m
4567 2268 4581 2282 '

2675 2347 2841 2412 mihi
2884 2369 3026 2412 sum
3073 2359 3428 2431 suspectus.
3517 2350 3749 2433 Itaque
3786 2373 3906 2416 nec
3948 2351 4111 2416 mihi
4156 2352 4237 2416 de
4280 2372 4356 2416 ea
4390 2372 4464 2416 re
4552 2374 4620 2417 e-

2676 2433 2951 2498 liberare
2995 2434 3320 2516 permitto,
3365 2443 3431 2499 ct
3475 2455 3514 2499 a
3548 2437 3788 2502 nostris
3830 2445 3982 2520 peto
4036 2459 4120 2503 ne
4175 2458 4282 2503 me
4338 2439 4410 2502 in
4464 2459 4624 2504 con-

2676 2517 3095 2584 sultationem
3141 2517 3523 2584 adhibeant:
3569 2542 3645 2586 ac
3689 2542 3814 2604 quo
3857 2521 4121 2588 liberius
4175 2524 4621 2607 sinceriusque

2678 2613 2999 2682 statuant,
3065 2624 3306 2687 magna
3361 2626 3443 2670 ex
3497 2613 3686 2687 parte
3741 2607 3902 2673 istos
3958 2608 4170 2673 cordis
4223 2609 4356 2674 mei
4400 2619 4620 2675 aestus

2678 2689 3035 2755 dissimulo.
3125 2687 3303 2770 Quid
3347 2690 3674 2755 facerem?
3719 2691 3889 2757 malo
3932 2695 4106 2758 enim
4150 2714 4416 2777 prorsus
4474 2714 4621 2760 cae-

2677 2775 2906 2854 cutire,
2950 2784 3026 2839 ut
3067 2796 3172 2840 me
3215 2774 3299 2841 ab
3340 2775 3485 2840 aliis
3526 2777 3666 2860 regi
3711 2776 3950 2859 patiar,
4005 2799 4201 2861 quam
4242 2778 4622 2863 lippitudini

2677 2881 2862 2925 meae
2917 2871 3164 2926 temere
3216 2860 3475 2927 fidendo
3531 2862 3853 2927 aberrare.
3943 2864 4148 2929 Porro
4205 2866 4264 2929 si
4306 2874 4374 2930 tc
4414 2865 4620 2931 inter-

2679 2966 2921 3030 rogem,
2965 2967 3240 3029 quorum
3284 2948 3572 3012 maxime
3616 2949 3885 3014 arbitrio
3926 2951 4304 3032 permittere
4356 2971 4464 3017 me
4507 2950 4622 3017 de·

2678 3029 2898 3097 beam:
2956 3032 3409 3114 respondebis,
3464 3033 3595 3098 nisi
3650 3033 3865 3112 fallor,
3931 3055 4065 3100 non
4127 3036 4289 3100 alios
4352 3057 4495 3102 esse
4537 3037 4623 3103 ad

2678 3117 3155 3183 consulendum
3196 3118 3361 3183 mihi
3403 3119 3612 3203 magis
3654 3118 3945 3199 idoneos,
4006 3141 4203 3203 quam
4262 3120 4623 3203 Capitonem

2678 3211 2748 3268 et
2799 3202 3131 3269 Bucen-um.
3235 3203 3415 3284 Quid
3473 3213 3693 3269 autem
3749 3205 3846 3270 illi
3893 3207 4199 3272 sentiant
4252 3207 4496 3273 audisti
4535 3229 4622 3274 ex

2677 3288 2971 3372 ipsorum
3013 3309 3140 3353 ore.
3229 3289 3500 3355 Utinam
3544 3290 3891 3374 diligenter
3939 3291 4245 3358 fratribus
4299 3314 4618 3377 exponas:

2678 3394 2753 3440 ac
2807 3373 2908 3438 illi
2962 3373 3144 3439 nullo
3199 3375 3597 3457 praeiudicio
3654 3378 3964 3461 occupati,
4015 3379 4183 3444 serio
4226 3378 4618 3461 expendant.

2678 3457 2954 3525 Summa
2999 3460 3160 3526 haec
3203 3460 3308 3526 sit.
3397 3460 3580 3526 Nihil
3624 3461 3731 3529 hic
3774 3470 3988 3529 astute
4023 3484 4129 3529 me
4163 3484 4357 3548 agere
4400 3484 4622 3532 coram

2677 3543 2963 3611 Domino
3007 3553 3228 3625 testor,
3271 3567 3390 3613 nec
3433 3547 3632 3613 rimas
3677 3550 3953 3615 scrutari
3998 3550 4231 3633 quibus
4287 3549 4616 3634 effugiam.

2678 3628 3015 3714 Siquidem
3060 3639 3133 3696 ut
3175 3631 3553 3698 Genevensi
3586 3633 3894 3699 ecclesiae
3935 3641 4346 3717 prospectum
4407 3637 4615 3720 cupio,

2676 3716 2771 3781 ita
2811 3716 3036 3781 malim
3079 3720 3284 3782 vitam
3325 3719 3569 3784 centies
3611 3740 3954 3802 exponere,
3999 3741 4198 3804 quam
4244 3741 4387 3785 eam
4434 3721 4618 3787 dese-

2675 3802 2879 3867 rendo
2934 3802 3222 3885 prodere.
3324 3801 3459 3869 Sed
3514 3806 3822 3887 quoniam
3879 3803 3960 3869 ad
4019 3805 4302 3871 reditum
4356 3806 4618 3873 animus

2674 3908 2806 3953 non
2867 3896 3095 3971 sponte
3157 3888 3461 3966 inclinat,
3526 3900 3792 3972 paratus
3848 3912 3996 3956 sum
4048 3913 4159 3958 eos
4210 3893 4412 3975 sequi,
4455 3914 4616 3976 quos

2674 3973 2839 4038 mihi
2882 3973 3049 4039 fidos
3090 3993 3166 4038 ac
3207 3982 3386 4040 tutos
3428 3972 3627 4041 duces
3669 3976 3805 4041 fore
3841 3977 4012 4042 bona
4052 3999 4201 4061 spes
4242 3983 4360 4043 est.
4449 3978 4615 4045 an-

2674 4070 2890 4124 terum
2934 4079 3066 4123 non
3110 4067 3212 4125 cst
3252 4058 3426 4143 quod
3470 4069 3623 4126 ante
3665 4064 3862 4127 finem
3907 4073 4269 4129 conventus
4302 4063 4614 4130 Worma-

2673 4145 2904 4211 tiensis
2947 4144 3244 4210 laborent
3283 4143 3364 4210 de
3406 4168 3512 4210 me
3555 4148 3959 4230 recipiendo:
4019 4147 4277 4232 quando
4323 4149 4615 4233 legatum

2672 4229 2964 4296 nondum
3027 4230 3367 4296 miserunt.
3476 4232 3605 4297 Die
3667 4233 4016 4300 Dominico
4095 4233 4439 4300 habebitur
4506 4236 4614 4301 hic

2671 4316 2931 4400 publica
2983 4316 3366 4399 supplicatio
3422 4338 3540 4400 per
3601 4320 3822 4385 omnia
3876 4319 4146 4403 templa:
4208 4319 4442 4385 Lunae
4483 4322 4612 4386 sol·

2675 4423 2917 4467 remus.
2938 4403 2997 4476 θ)
3083 4400 3225 4467 Vos
3277 4403 3471 4467 etiam
3529 4407 3771 4470 sanctis
3826 4405 4126 4487 precibus
4182 4426 4302 4470 nos
4345 4405 4428 4471 ad
4470 4428 4610 4471 cer-

2672 4498 2887 4553 tamen
2935 4487 3060 4554 hoc
3103 4488 3559 4554 sustinendum
3601 4489 3920 4555 adiuvate.
4023 4488 4201 4571 Quid
4256 4491 4611 4557 moliantur

2671 4571 3025 4638 adversarii
3069 4574 3276 4638 nostri
3320 4575 3538 4658 palam
3581 4581 3699 4640 est.
3787 4575 4056 4660 Nempe,
4101 4586 4177 4641 ut
4207 4597 4433 4642 omnes
4470 4577 4608 4642 Im-

2669 4659 2838 4742 perii
2879 4658 3137 4724 ordines
3178 4659 3249 4723 in
3291 4668 3582 4725 nostram
3617 4659 3968 4743 pernicicm
4004 4669 4278 4726 arment.
4351 4661 4607 4743 Quibus

2669 4755 2889 4809 autem
2928 4744 3176 4810 artibus
3221 4765 3338 4809 nos
3382 4744 3620 4810 adoriri
3663 4745 4082 4825 instituerint,
4128 4748 4452 4812 incertum
4485 4759 4599 4814 est.

2668 4827 3001 4914 Quidquid
3044 4837 3265 4895 tamen
3310 4828 3553 4896 habent
3594 4830 3962 4897 calliditatis
4003 4833 4073 4897 in
4109 4831 4235 4899 hac
4278 4840 4604 4915 postrema

2866 5083 2929 5148 4)
2971 5084 3064 5139 Ea.-
3110 5099 3290 5154 νημαι
3333 5086 3548 5139 leonem
3632 5087 3986 5156 Argentorau'
4032 5095 4226 5156 pastor
4269 5094 4389 5143 erat
4433 5091 4604 5157 parvi

2658 5156 2843 5223 qreqis
2885 5156 3302 5234 peregrinorum.
3388 5152 3658 5208 Gemma
3709 5171 3821 5210 non
3874 5156 4154 5212 rediturus
4200 5162 4320 5211 erat
4363 5157 4480 5211 nisi
4514 5174 4596 5213 rc·

2659 5224 2697 5288 s
2862 5236 2927 5355 g
2957 5221 3296 5357 &aazia
3327 5289 3624 5344 Faunum.

2863 5357 2920 5424 6)
2954 5356 3039 5412 25.
3080 5356 3290 5414 Octobr.
