5050 6167
675 410 798 473 527

1573 588 1727 661 462.

1116 745 1589 815 OALVTNUS
1633 744 2189 813 PELLIGANO.

846 918 1194 1002 Respondet
1227 918 1313 984 ad
1345 918 1675 1000 epistolam
1706 937 1909 999 nuper
1941 916 2217 982 maxime
2255 917 2329 983 de
2365 916 2624 984 Farello

670 1007 988 1089 scriptam,
1030 1025 1211 1088 quem
1252 1004 1325 1069 de
1374 1003 1819 1070 Turioensibus
1857 1024 2136 1085 unquam
2185 1004 2350 1069 male
2383 1002 2625 1069 dixisse

671 1093 919 1158 omnino
961 1094 1016 1156 et
1049 1090 1173 1173 fide
1214 1090 1580 1174 interposita
1634 1094 1829 1174 neyat.
1899 1089 2082 1153 labri
2138 1109 2292 1171 quos
2348 1089 2458 1154 ille
2498 1091 2623 1155 emi

668 1179 987 1260 cupiverat
1043 1176 1320 1241 nondum
1384 1176 1678 1258 impressi
1738 1179 1913 1256 sunt,
1977 1174 2341 1258 Buzzinqm·
2406 1176 2624 1242 literae

659 1265 1019 1347 promissae
1094 1262 1306 1327 nullae
1381 1263 1779 1327 advenerunt.
1897 1260 2128 1327 Oehino
2200 1263 2620 1327 testimonium

669 1349 1068 1416 orthodoxiae
1142 1347 1476 1415 exhibetur.
1576 1346 2094 1413 Commendantur
2169 1346 2294 1413 duo
2369 1350 2621 1414 iuvenes

668 1606 782 1673 (Ex
831 1604 1171 1675 autographo
1218 1604 1347 1658 Cod.
1387 1603 1590 1658 Genev.
1628 1603 1755 1670 106,
1803 1605 1894 1660 fol.
1931 1604 2019 1658 87.
2093 1605 2258 1659 Ouius
2305 1622 2337 1658 a
2410 1606 2621 1675 grapha

670 1674 1037 1730 exstantCod.
1072 1671 1192 1742 111,
1228 1672 1319 1727 fol.
1357 1671 1439 1725 72.
1473 1673 1687 1726 Bernae
1722 1674 1776 1727 in
1818 1675 1977 1727 Arch.
2013 1675 2154 1798 Epp.
2190 1676 2250 1729 Τ.
2272 1674 2326 1727 V
2360 1675 2400 1728 Ι.
2437 1692 2489 1745 p.
2513 1673 2619 1728 474

887 1750 946 1797 et
980 1759 1066 1812 ap.
1105 1743 1316 1796 Simler.
1354 1742 1473 1795 Vol.
1508 1740 1593 1796 52.
1630 1771 1696 1781 -
1734 1744 1961 1813 Anglice
1997 1744 2056 1796 Τ.
2109 1784 2137 1815 ἣ.
2174 1761 2227 1814 p.
2264 1742 2414 1811 354.)

840 1912 910 1981 S.
957 1914 1315 1997 Aliquanto
1359 1913 1571 1979 serius
1613 1915 1733 1980 tibi
1777 1915 2164 2000 respondeo:
2222 1917 2377 1998 quia
2441 1917 2622 1999 prius

668 2000 750 2067 de
794 1999 978 2067 libris
1020 2020 1180 2083 quos
1222 2000 1489 2083 petebas
1531 2000 1836 2065 volebam
1883 2003 2046 2068 certi
2081 2002 2327 2086 aliquid
2362 2004 2619 2080 rescire,

666 2085 839 2170 quod
879 2086 999 2151 tibi
1043 2086 1373 2151 referrem.
1462 2085 1524 2150 N
1528 2107 1658 2152 unc
1700 2087 2027 2167 intellexi,
2081 2087 2379 2155 nondum
2422 2090 2622 2154 fuisse

665 2173 1040 2343 aas
1058 2169 2622 2343 ammes..messes

664 2344 768 2411 cia
811 2364 984 2423 mea,
1044 2364 1434 2427 quacunque
1486 2343 1557 2409 in
1603 2366 1675 2409 re
1718 2344 1838 2411 tibi
1898 2347 2046 2411 usui
2105 2367 2249 2412 esse
2293 2354 2621 2429 poterunt,

661 2429 965 2514 pluribus
1007 2429 1226 2495 verbis
1281 2450 1412 2495 non
1456 2430 1688 2509 offero,
1747 2432 1904 2514 quia
1957 2441 2117 2515 puto
2162 2442 2227 2498 te
2270 2433 2429 2498 satis
2474 2454 2620 2515 per·

664 2537 933 2582 suasum
988 2536 1167 2593 esse,
1227 2514 1392 2580 nihil
1438 2517 1576 2581 fore
1619 2515 1784 2581 mihi
1827 2519 2111 2602 gratius,
2163 2538 2360 2600 quam
2415 2518 2623 2584 sicubi

662 2602 856 2668 liceat
896 2621 1112 2666 meam
1156 2622 1316 2686 erga
1356 2610 1425 2667 te
1469 2601 1995 2669 benevolentiam
2030 2615 2097 2670 et
2134 2605 2623 2671 observantiam

662 2688 843 2754 veris
887 2687 1355 2771 experimentis
1392 2689 1635 2753 testari.
1681 2687 2034 2755 Caeterum
2077 2690 2232 2774 quia
2275 2690 2620 2767 scribebas,

662 2774 1111 2858 Bullinyerum
1152 2793 1411 2847 mecum
1448 2774 1722 2858 exsequi
1757 2773 1964 2841 literis
1997 2797 2163 2859 quae
2205 2775 2288 2840 ad
2324 2776 2623 2859 publicas

661 2859 976 2926 ecclesiae
1018 2860 1306 2925 rationes
1351 2861 1773 2942 pertinerent,
1818 2862 2097 2927 miratus
2142 2883 2289 2928 sum
2333 2862 2448 2947 qui
2489 2862 2621 2929 fac-

662 2952 805 3011 tum
857 2954 1057 3022 esset,
1117 2952 1193 3009 ut
1247 2965 1362 3010 eae
1414 2966 1550 3011 non
1605 2945 1802 3012 simul
1858 2946 2093 3014 allatae
2147 2957 2384 3015 essent.
2472 2948 2621 3014 Iam

659 3053 820 3100 vero
841 3051 1048 3115 quum
1070 3030 1229 3096 satis
1252 3030 1482 3096 multis
1523 3031 1753 3099 diebus
1797 3032 2035 3116 elapsis
2058 3034 2280 3100 nullae
2303 3044 2620 3119 sequutae

659 3117 815 3198 sint,
861 3125 977 3183 aut
1016 3137 1181 3199 quas
1221 3118 1485 3200 scripsit
1524 3117 1933 3186 intercidisse
1976 3128 2259 3204 oportet,
2305 3132 2423 3187 aut
2464 3142 2618 3187 eon-

659 3203 883 3271 silium
925 3211 1236 3267 mutasse.
1281 3203 1553 3270 Utinam
1598 3224 1756 3271 vero
1799 3206 2060 3272 fecisset
2080 3205 2254 3291 quod
2276 3215 2617 3285 statuerat,

658 3311 744 3355 ne
799 3288 1042 3354 eximio
1096 3287 1462 3371 voluptatis
1525 3290 1741 3356 fructu
1806 3312 2000 3375 quem
2066 3292 2219 3358 inde
2284 3294 2619 3378 percipere

657 3386 958 3459 poteram
1002 3375 1300 3457 privatus
1344 3395 1575 3441 essem.
1642 3377 1935 3463 Rogabis
1976 3385 2202 3444 tamen
2245 3401 2395 3445 eum
2419 3379 2618 3447 vehe-

658 3468 918 3527 menter
979 3480 1127 3525 meo
1192 3461 1473 3540 nomine,
1534 3470 1612 3527 ut
1653 3462 1711 3528 si
1753 3462 2012 3547 quando
2076 3463 2173 3529 illi
2238 3486 2359 3549 per
2422 3488 2617 3532 suum

657 3545 1075 3614 commodum
1126 3545 1417 3625 licuerit,
1477 3547 1602 3614 hoc
1657 3549 1824 3614 mihi
1863 3551 2254 3617 beneficium
2297 3560 2614 3636 praestet:

655 3632 860 3699 habet
900 3632 1081 3698 enim
1122 3632 1345 3698 forsan
1388 3631 1471 3698 de
1513 3633 1748 3717 quibus
1790 3656 1898 3701 me
1931 3636 2273 3703 admoneri
2292 3636 2616 3722 expediat.

655 3719 764 3786 De
810 3717 1061 3784 Farelh
1119 3717 1290 3801 quod
1336 3719 1519 3786 vobis
1562 3720 1846 3786 relatum
1890 3732 2021 3803 est,
2067 3723 2229 3790 adeo
2272 3724 2442 3789 mihi
2484 3746 2619 3791 non

655 3815 760 3871 est
801 3803 1144 3882 credibile,
1204 3814 1281 3869 ut
1322 3806 1432 3872 vel
1471 3808 1703 3889 capitis
1763 3810 1892 3873 mei
1949 3809 2240 3893 periculo
2296 3809 2620 3893 spondere

656 3892 869 3957 ausim
912 3910 1252 3974 nunquam
1296 3890 1427 3956 tale
1469 3892 1804 3977 quidpiam
1846 3893 1943 3959 illi
1980 3895 2316 3963 excidisse.
2367 3893 2620 3983 [Quam

654 3978 836 4042 enim
895 3982 1057 4041 sunt
1110 3974 1227 4041 illa
1282 3976 1576 4066 atrocia]
1602 3982 1655 4063 ¹)
1743 3979 1898 4047 Scio
1940 3982 2116 4046 enim
2161 3989 2237 4047 ut
2280 4003 2400 4049 vos
2441 3991 2620 4048 amet

655 4083 733 4129 ac
776 4068 1170 4129 revereatur.
1217 4063 1312 4127 Et
1351 4072 1529 4130 certe
1574 4065 1719 4149 ipsa
1752 4066 2102 4133 verborum
2125 4068 2434 4134 atrocitas
2455 4069 2618 4135 satis

652 4148 826 4215 bono
869 4157 1261 4233 argumento
1306 4169 1451 4216 esse
1493 4160 1713 4234 potest
1754 4173 1954 4236 quam
1998 4173 2169 4219 vana
2212 4154 2300 4220 sit
2341 4153 2460 4221 illa
2502 4154 2617 4220 de-

652 4233 830 4301 latio.
877 4232 1096 4301 sivos
1139 4233 1374 4300 leviter
1416 4243 1483 4301 et
1522 4236 1689 4304 citra
1732 4241 2102 4323 graviorem
2147 4240 2616 4306 contumeliam

650 4319 1120 4405 perstrinxisse
1141 4319 1486 4403 diceretur,
1524 4324 1974 4407 permitterem
1996 4332 2110 4390 aut
2128 4323 2327 4392 fidem
2351 4326 2611 4403 habere,

655 4416 776 4473 aut
839 4404 1088 4491 aliquid
1150 4408 1472 4491 suspicari
1489 4459 1506 4488 ,
1569 4410 1777 4476 donec
1832 4431 1905 4477 se
1961 4418 2328 4497 purgasset.
2416 4412 2483 4478 N
2483 4432 2613 4478 unc

655 4711 798 4766 pour
831 4696 886 4777 la
919 4696 1151 4766 religion
1186 4698 1497 4768 catholique

655 4765 1025 4888 ῗωὸἕιὲἕω
1049 4765 1405 4891 lawa
1423 4768 1508 4891 32³.
1548 4769 1760 4892 guig&
1777 4771 2610 4895 ,ὲῗηὲθῆῗῗῖἒᾶῑῖῡῖᾟθῖἓὲἑ

654 4849 910 4973 Εἶωῳιο
945 4850 1196 4957 offusa
1231 4906 1452 4974 prenoit
1485 4924 1519 4959 a
1540 4879 1632 4960 ors
1667 4908 1735 4960 de
1771 4925 1869 4962 son
1904 4858 2184 4978 trgupeau,
2235 4910 2314 4962 les
2348 4910 2605 4964 sollicita-

654 4972 805 5026 tiens
839 4971 936 5025 des
972 4972 1424 5045 ecclesiastiques‚
1460 4980 1519 5028 et
1552 4975 1604 5029 le
1641 4976 1926 5046 desplaisir
1966 4978 2101 5031 dont
2133 4978 2214 5031 les
2249 4979 2387 5032 bons
2421 4980 2607 5034 catho-

654 5040 834 5111 liques
870 5040 1109 5094 estoieut
1142 5042 1369 5096 touchez
1404 5043 1477 5097 du
1513 5045 1708 5099 traicte
1755 5053 1812 5098 et
1856 5047 1924 5099 de
1973 5047 2203 5101 l’word
2284 5046 2404 5101 asse
2447 5053 2607 5103 entre

655 5110 738 5163 les
772 5108 1005 5177 deputez
1039 5109 1109 5163 dc
1143 5108 1291 5164 Meta
1326 5120 1384 5165 et
1418 5128 1554 5166 ceux
1589 5113 1686 5168 des
1708 5114 1931 5169 Princes
1965 5122 2023 5169 et
2042 5116 2197 5170 villes
2269 5115 2604 5188 Allemagne,

655 5178 1086 5233 rallentissaient
1133 5178 1456 5234 l’execution
1501 5182 1572 5235 de
1625 5187 1770 5237 cette
1815 5184 2137 5254 deputation
2176 5222 2602 5240 .........

658 5252 718 5301 et
750 5248 806 5301 la
837 5247 958 5300 Reli
1002 5246 1089 5300 ‘on
1127 5248 1450 5318 Oatholique
1484 5267 1544 5302 re
1585 5253 1661 5305 rit
1694 5253 1745 5306 le
1779 5253 1984 5308 dessus.

690 5315 826 5376 462.
864 5314 923 5379 1)
957 5264 1119 5371 flacc
1150 5316 1222 5372 ab
1255 5322 1449 5372 autore
1657 5360 1673 5375 .

1583 4716 1651 4753 ue
1697 4715 1796 4755 sou
1843 4703 2230 4771 predecesseur
2273 4703 2440 4756 estoit
2589 4732 2611 4744 -

2211 399 2739 469 EPISTOLAE
2784 403 3124 467 462—463

4541 412 4653 477 528

2732 609 2890 654 vero
2957 589 3148 673 quale
3200 596 3570 655 monstrum
3627 598 3728 657 est
3741 642 3759 670 ,
3817 611 3970 657 eum
4026 593 4138 676 qui
4181 615 4437 681 semper
4474 596 4657 664 fuerit

2730 673 2913 741 vobis
2954 675 3558 756 coniunctissimus,
3601 676 3714 760 qui
3757 699 3875 744 vos
3915 677 4109 745 hodie
4152 691 4328 746 amet
4370 703 4444 749 ac
4482 683 4657 764 colat,

2726 781 2807 825 ea
2839 761 3083 843 probra
3114 762 3187 826 in
3210 782 3327 827 vos
3347 763 3719 828 evomuisse
3760 784 3928 846 quae
3965 765 4141 830 inter
4181 767 4658 866 capitalissimos

2728 845 2951 913 hostes
2994 856 3293 913 extrema
3333 847 3594 913 forent?
3683 849 3904 914 Tuum
3944 851 4151 935 igitur
4192 862 4346 931 ent,
4401 856 4657 922 sanctis·

2726 932 2893 998 sime
2949 933 3084 1011 vir,
3148 934 3486 999 sinistram
3548 933 3721 1000 hanc
3783 935 4218 1018 suspicionem
4275 960 4359 1005 ex
4400 940 4661 1007 fratrum

2725 1024 3095 1084 nostrorum
3154 1018 3454 1086 cordibus
3505 1020 3771 1103 penitus
3814 1023 4118 1088 eximere.
4204 1024 4660 1110 Praeterquam

2726 1105 2902 1169 enim
2968 1103 3143 1188 quod
3205 1105 3648 1171 inhumanum
3711 1116 3811 1171 est
3866 1116 3934 1173 et
3997 1108 4286 1175 alionum
4351 1112 4432 1177 ab
4493 1114 4659 1177 omni

2724 1191 2977 1256 ratione
3019 1191 3353 1256 hominem
3389 1191 3761 1257 inauditum
3783 1192 4101 1275 damnari,
4145 1196 4453 1262 iniuriam
4496 1206 4662 1264 certe

2723 1276 2978 1341 faciunt
3000 1276 3271 1357 Farello,
3315 1275 3472 1342 dum
3516 1278 3713 1342 talem
3757 1301 3911 1344 eum
3952 1302 4084 1346 non
4128 1291 4493 1366 agnoscunt
4513 1305 4662 1368 qua-

2723 1360 2852 1426 lem
2896 1383 3155 1446 semper
3195 1372 3354 1429 sunt
3395 1365 3665 1446 experti.
3744 1365 3924 1448 Ergo
3969 1366 4141 1433 hanc
4184 1367 4264 1434 de
4308 1368 4511 1434 nihilo
4554 1389 4664 1434 na-

2722 1454 2859 1512 tam
2903 1447 3401 1513 malevolentiae
3445 1447 3728 1517 radicem
3747 1501 3765 1529 ,
3821 1458 4172 1535 antequam
4212 1453 4485 1520 ulterius
4527 1455 4665 1538 pul-

2721 1532 2917 1611 lulet,
2976 1535 3157 1599 omni
3215 1535 3432 1600 studio
3487 1543 3555 1601 et
3596 1545 3834 1602 conatu
3877 1539 4199 1622 exstirpa,
4259 1561 4345 1605 ne
4389 1538 4666 1606 Satanae

2725 1618 2919 1684 detur
2985 1621 3234 1687 occasio
3297 1642 3493 1704 quam
3554 1630 3787 1704 captat.
3880 1622 3957 1689 Si
4004 1623 4319 1691 Farellus·
4363 1626 4667 1693 Neocomi

2725 1715 2913 1785 esset,
2958 1726 3090 1770 non
3136 1706 3405 1773 fuissem
3449 1729 3682 1791 passus
3726 1708 3975 1774 tamdiu
4019 1731 4291 1790 cessare,
4338 1713 4499 1797 quin
4528 1712 4667 1776 dili-

2723 1799 2954 1876 genter
2999 1813 3067 1857 se
3110 1800 3445 1877 purgaret,
3491 1814 3695 1875 usque
3739 1793 3822 1858 ad
3845 1793 4121 1861 solidam
4146 1798 4665 1865 satisfactionem.

2724 1876 2786 1941 N
2791 1897 2919 1942 unc
2941 1887 3162 1943 autem
3206 1878 3412 1946 donec
3448 1880 3637 1943 nobis
3671 1887 3848 1944 certo
3881 1882 4248 1948 constiterit
4280 1883 4670 1951 incolumem

2724 1984 2762 2028 e
2801 1963 3097 2029 faucibus
3139 1966 3371 2030 mortis
3416 1965 3718 2043 evasisse,
3770 1964 4133 2033 Dominum
4178 1969 4552 2054 rogabimus
4598 1977 4672 2035 ut

2725 2069 2880 2114 eum
2923 2051 3405 2133 quamprimum
3448 2051 3774 2131 restituat,
3816 2062 3892 2116 ut
3915 2053 4264 2137 aliquando
4287 2057 4487 2122 faciat
4506 2054 4675 2140 quod

2726 2145 2866 2200 erat
2905 2136 3115 2219 primo
3160 2134 3265 2200 die
3310 2135 3600 2202 facturus
3643 2138 3700 2201 si
3743 2135 4073 2205 adfuisset.

2896 2222 3022 2287 Est
3063 2221 3261 2286 etiam
3299 2221 3478 2287 aliud
3521 2222 3604 2287 de
3648 2243 3777 2307 quo
3821 2223 3905 2289 ad
3949 2234 4015 2292 te
4059 2237 4134 2291 ut
4177 2227 4532 2293 scriberem
4574 2248 4675 2292 ro·

2727 2315 2923 2392 gatus
2971 2329 3118 2373 sum
3176 2328 3217 2372 a
3270 2307 3677 2375 Bernardino
3731 2321 3974 2376 nostro.
4062 2312 4127 2379 N
4128 2313 4268 2379 obis
4325 2316 4507 2379 enim
4558 2313 4678 2379 fuit

2725 2391 3105 2472 indicatum,
3172 2392 3512 2460 cuiusdam
3567 2395 3806 2474 fratris,
3866 2397 3979 2479 qui
4035 2420 4118 2464 ex
4178 2400 4320 2465 eius
4379 2398 4677 2465 sodalitio

2725 2480 2959 2559 fuerat,
3041 2479 3322 2545 stultitia
3386 2480 3586 2546 fuisse
3651 2481 3915 2562 factum,
3995 2492 4071 2549 ut
4146 2485 4296 2552 istic
4373 2483 4675 2551 nonnihil

2727 2572 3073 2648 suspectus
3117 2566 3219 2645 sit,
3271 2566 3457 2649 quasi
3502 2575 3617 2631 aut
3659 2565 3739 2633 de
3784 2568 4078 2635 trinitate
4124 2579 4242 2636 aut
4285 2570 4367 2639 de
4412 2570 4676 2636 Christo

2726 2652 2950 2716 minus
2993 2660 3167 2717 recte
3210 2652 3466 2717 sentiat.
3555 2651 3709 2717 Non
3753 2653 3932 2719 aliud
3987 2655 4058 2720 in
4114 2657 4255 2723 eius
4312 2656 4677 2722 excusatio·

2725 2758 2881 2802 nem
2916 2737 3207 2816 afferam,
3254 2738 3382 2802 nisi
3417 2738 3802 2822 simpliciter
3843 2741 4180 2807 referendo
4223 2741 4397 2825 quod
4443 2762 4678 2807 verum

2726 2832 2846 2889 est.
2937 2821 3271 2904 Quoniam
3313 2824 3549 2889 italicis
3593 2824 3920 2908 plerisque
3976 2827 4256 2911 ingeniis
4314 2848 4454 2894 non
4512 2826 4678 2893 mul·

2724 2917 2870 2974 tum
2913 2908 3064 2988 fide,
3110 2919 3457 2992 postquam
3506 2912 3809 2994 exposuit
3864 2910 4027 2976 mihi
4079 2935 4271 2979 suum
4328 2913 4678 2980 consilium

2726 2993 2807 3060 de
2851 2993 3161 3060 diuturna
3204 2994 3381 3079 apud
3432 3016 3549 3060 nos
3604 2996 4026 3076 habitatione,
4086 2998 4336 3066 contuli
4390 3020 4547 3068 cum
4603 3017 4678 3064 eo

2725 3080 3076 3165 diligenter
3129 3081 3211 3146 de
3269 3082 3547 3166 singulis
3599 3080 3750 3146 fidei
3805 3083 4142 3166 capitibus,
4201 3092 4401 3236 atque
4457 3086 4554 3151 ita
4606 3090 4681 3149 ut

2723 3168 2840 3233 vix
2904 3175 3129 3250 posset
3184 3175 3405 3266 tegere
3470 3168 3526 3233 si
3591 3168 3661 3230 in
3724 3162 3865 3232 ullo'
3923 3191 3963 3234 a
4026 3169 4213 3237 nobis
4325 3171 4673 3238 issentiret.

2724 3252 3139 3337 Comperisse
3192 3252 3357 3319 m1hi
3416 3252 3666 3331 videor,
3735 3264 3801 3319 et
3856 3256 3911 3320 si
3971 3257 4127 3339 quid
4182 3256 4411 3324 iudicii
4470 3257 4678 3323 habeo

2724 3340 2952 3405 testari
2995 3348 3138 3404 tuto
3180 3359 3464 3424 possum,
3515 3358 3716 3420 quum
3756 3339 3828 3405 in
3872 3340 4018 3408 aliis
4064 3343 4369 3409 omnibus
4418 3351 4563 3410 tum
4607 3343 4679 3407 in

2721 3424 2847 3491 hoc
2885 3425 3225 3491 nobiscum
3268 3444 3537 3508 prorsus
3571 3427 3940 3491 convenire.
4022 3428 4169 3495 Hoc
4223 3437 4490 3496 tantum
4536 3429 4678 3495 ani·

2724 3509 3051 3577 madverti
3068 3561 3084 3592 ‚
3112 3509 3312 3594 ⁴quod
3375 3509 3571 3575 nimis
3614 3512 3902 3577 curiosas
3944 3513 4226 3580 istarum
4267 3535 4499 3582 rerum
4544 3515 4679 3581 dis-

2724 3597 3075 3677 cussiones,
3132 3592 3353 3680 quales
3398 3601 3553 3660 sunt
3590 3597 3663 3661 in
3706 3597 4128 3677 scholasticis,
4173 3600 4499 3684 repudiet.
4588 3602 4680 3669 Et

2723 3692 2899 3750 certe
2976 3683 3035 3747 si
3112 3680 3541 3763 expendimus
3603 3693 3923 3766 quantum
3991 3683 4299 3752 differant
4363 3708 4601 3755 aereae
4619 3688 4677 3773 ²)

2723 3769 2890 3835 istae
2925 3766 3366 3851 sophistarum
3401 3766 3876 3850 speculationes
3919 3792 3960 3837 a
3979 3772 4198 3838 sobria
4231 3781 4298 3838 et
4330 3774 4681 3841 moderata

2725 3864 3021 3920 veterum
3065 3850 3380 3932 doctrina,
3425 3874 3559 3919 non
3603 3854 3795 3922 aliter
3836 3858 4213 3925 sentiemus.
4301 3859 4456 3928 Hoc
4493 3861 4678 3927 tesfi-

2724 3940 3014 4005 monium
3059 3939 3166 4022 pio
3211 3948 3280 4004 et
3332 3946 3556 4005 sancto
3614 3941 3756 4007 viro
3813 3940 4086 4009 reddere
4143 3945 4360 4011 visum
4416 3956 4540 4023 est,
4595 3967 4679 4012 ne

2723 4046 2854 4110 qua
2907 4025 3014 4089 vel
3066 4025 3343 4109 exiguae
3397 4026 3786 4109 suspicionis
3843 4039 3997 4094 ncta
4016 4030 4072 4116 ⁸)
4137 4029 4313 4113 apud
4372 4054 4498 4098 vos
4553 4033 4676 4097 im-

2722 4110 2958 4177 merito
3003 4119 3404 4195 aspergatur.
3493 4112 3620 4177 Est
3664 4114 3839 4179 enim
3887 4117 4250 4200 praestanti
4290 4124 4360 4183 et
4404 4118 4679 4204 ingenio

2719 4207 2789 4262 et
2830 4196 3129 4263 doctrina
3170 4204 3238 4261 et
3270 4197 3634 4263 sanctitate.

2891 4282 2987 4349 Ut
3030 4283 3229 4347 finem
3270 4283 3527 4361 faciam,
3574 4285 3846 4352 iuvenes
3888 4287 3999 4352 isti
4042 4288 4171 4353 duc
4215 4289 4298 4355 ad
4356 4312 4483 4357 vos
4541 4298 4679 4356 stu-

2717 4366 2975 4433 diorum
3040 4388 3238 4435 causa
3299 4370 3816 4452 proficiscuntur.
3925 4372 4256 4455 Quoniam
4310 4376 4499 4460 apud
4556 4398 4680 4443 nos

2718 4452 2831 4520 diu
2890 4453 3198 4521 vixerunt
3253 4467 3321 4520 et
3373 4454 3468 4520 ita
3531 4476 3602 4521 se
3664 4467 4024 4542 gesserunt,
4089 4469 4164 4526 ut
4228 4460 4308 4527 de
4374 4463 4679 4546 ipsorum

2713 4540 3040 4623 probitate
3104 4539 3333 4605 testari
3397 4540 3781 4623 audeamus,
3848 4554 3915 4610 et
3982 4544 4214 4630 dignos
4279 4567 4680 4615 censeamus

2714 4634 2940 4692 nostra
2972 4625 3556 4706 commendatione,
3601 4636 3752 4711 peto
3795 4629 3912 4696 abs
3947 4640 4030 4710 te,
4076 4633 4170 4697 mi
4209 4632 4558 4715 Pellioane,
4602 4642 4681 4698 ut

2487 4719 2588 4785 1³⁸⁸
2713 4732 2913 4794 quam
2962 4711 3151 4777 bonis
3205 4711 3509 4779 omnibus
3569 4713 4042 4783 humanitatem
4104 4718 4421 4786 exhibere
4481 4720 4677 4798 soles,

2712 4797 2846 4863 illis
2881 4797 3306 4864 demonstres.
3392 4798 3663 4865 Habent
3698 4800 3872 4866 unde
3906 4824 3977 4868 sc
4011 4805 4383 4872 sustineant
4418 4805 4676 4873 medio·

2712 4884 2809 4950 cri
2850 4892 3136 4967 sumptu,
3179 4882 3296 4950 sed
3339 4883 3463 4950 hoc
3507 4893 3764 4950 tantum
3806 4889 4141 4971 postulant
4182 4899 4258 4956 ut
4298 4892 4373 4957 in
4420 4892 4676 4977 reperi-

2713 4969 2880 5035 endo
2924 4968 3259 5036 commodo
3303 4969 3588 5053 hospitio
3630 4970 3746 5038 abs
3789 4982 3857 5037 te
3899 4976 4227 5042 inventur:

2917 5260 2979 5323 2)
3016 5276 3183 5325 acres,
3222 5258 3352 5314 cod»
3393 5260 3490 5313 111
3530 5263 3699 5318 Bono.
3734 5269 3787 5319 et
3822 5263 3883 5320 S.
3919 5266 4166 5334 (subtle).

2914 5328 2977 5391 3)
3024 5327 3146 5383 Vooe
3179 5328 3364 5384 asebia.
3438 5331 3789 5403 Apoqrapha
3817 5334 4117 5403 praebent.-
4152 5339 4345 5392 umbra
4362 5339 4671 5406 (sb-dovr).
