5050 6167
388 372 509 434 593

385 558 570 624 nobis
611 558 724 638 qui
767 578 902 623 000
950 557 1219 623 moleste
1272 558 1441 623 ferat
1483 558 1734 640 privari
1777 565 1894 622 tua
1936 558 2319 640 praesentia,

385 665 514 727 qua
536 643 872 719 vellemus,
916 643 975 708 si
997 644 1235 721 liceret,
1269 644 1511 727 iugiter
1532 643 1632 708 uti
1651 664 1770 726 pro
1795 650 2022 709 nostra
2042 653 2109 707 et
2127 641 2322 707 huius

386 729 693 795 600166166
736 727 1205 794 commoditate.
1295 728 1429 794 Sed
1475 729 1676 793 alters
1736 749 1821 794 ex
1876 739 2065 813 parte
2122 727 2321 793 laeta-

383 836 549 892 mur,
596 813 754 878 dum
798 812 880 878 ad
921 810 1204 891 oculum,
1250 814 1417 896 quod
1455 816 1658 891 aiunt,
1709 815 2141 897 conspicimus
2186 822 2322 877 tam

386 909 653 967 strenue
695 909 760 964 te
803 898 1099 964 laborare
1137 901 1207 964 in
1241 901 1508 965 ecclesia
1551 898 1823 964 Domini
1869 899 2322 977 construenda,

386 1007 510 1069 quo
549 987 628 1050 fit
666 993 743 1050 01
785 984 1003 1050 001106
1063 1006 1190 1050 000
1245 985 1460 1049 videat
1504 994 1568 1049 te
1612 1006 1652 1048 a
1693 984 1980 1049 Domino
2035 985 2322 1049 destina·

385 1080 526 1136 tum
570 1078 643 1135 ut
683 1071 926 1135 invites
968 1071 1251 1153 reliquos
1304 1072 1537 1136 fratres
1593 1070 1676 1134 ad
1733 1070 2003 1136 verbum
2057 1070 2324 1136 Domini

385 1156 842 1240 recipiendum.

555 1240 874 1326 Superest
917 1242 1043 1307 hoc
1085 1262 1290 1307 unum
1338 1252 1406 1305 et
1445 1243 1869 1325 praecipuum
1913 1242 2082 1325 quod
2125 1242 2324 1306 silen-

385 1329 476 1393 tio
537 1328 896 1411 praeterire
961 1347 1091 1391 non
1157 1327 1485 1405 debemus,
1567 1347 1803 1410 nempe
1866 1328 2054 1410 quod,
2121 1346 2322 1408 quum

384 1415 672 1497 primum
713 1414 1100 1497 impostores
1143 1413 1426 1495 quidam,
1481 1434 1563 1478 ex
1607 1432 1884 1495 quorum
1929 1432 2201 1477 numero
2259 1420 2327 1475 61

384 1500 648 1564 illorum
692 1508 890 1582 caput
931 1508 1034 1564 est
1073 1498 1187 1564 ille
1227 1498 1544 1563 Claudius
1579 1497 1856 1581 Boysset,
1879 1501 1935 1579 8)
1980 1505 2326 1562 senserunt

385 1594 451 1650 ts
495 1586 738 1659 abesse,
785 1605 942 1648 mox
983 1584 1395 1666 protulerunt
1434 1583 1753 1667 quaedam
1797 1585 1864 1647 in
1909 1583 2122 1647 lucem
2161 1602 2326 1664 quae

386 1672 548 1736 falso
614 1672 860 1736 iactant
923 1680 1310 1753 argumenta
1369 1691 1487 1734 seu
1562 1669 1806 1733 iudicia
1883 1669 2326 1750 suprascripta

388 1757 662 1842 singulis
704 1756 1025 1839 capitibus
1068 1756 1241 1820 Novi
1296 1756 1692 1823 Testamenti
1745 1754 1916 1836 quod
1970 1755 2326 1819 novissime

389 1842 755 1927 castigasti:
793 1862 1066 1924 quorum
1101 1842 1359 1905 insania
1382 1839 1898 1923 acimpudentia,
1937 1839 2063 1905 nisi
2086 1860 2325 1922 magno

389 1931 640 2012 impetu
692 1938 760 1992 et
811 1948 1070 1992 summa
1125 1925 1468 2010 diligentia
1519 1928 2042 2003 occurrissemus,
2104 1924 2325 1990 detur-

391 2023 659 2100 passent
716 2014 912 2078 huius
969 2013 1274 2078 ecclesiae
1331 2033 1587 2076 nomen.
1690 2010 2079 2076 statuerant
2131 2010 2325 2088 enim,

391 2109 465 2167 ut
506 2101 872 2183 opinamur,
925 2099 1277 2163 inscribere
1319 2107 1504 2162 tuum
1550 2116 1786 2161 nomen
1840 2098 1912 2160 in
1965 2096 2194 2171 fronte,
2251 2116 2330 2160 ea

391 2207 586 2253 06066
628 2195 701 2250 01
743 2184 947 2267 pluris
988 2181 1368 2248 venderent.
1449 2182 1583 2247 Sed
1627 2182 1738 2247 ubi
1781 2181 2328 2264 deprehendimus
2399 2222 2410 2229 ,

391 2292 567 2350 rem,
626 2293 758 2335 000
817 2271 1213 2336 cessavimus
1266 2270 1591 2333 instanter
1643 2290 1753 2333 606
1810 2288 2115 2333 accusare
2156 2266 2327 2349 apud

391 2367 694 2423 senatum
718 2356 896 2422 velut
917 2354 1434 2430 calumniatores,
1459 2353 1769 2431 falsarios,
1794 2362 2328 2435 conspurcatores

387 2442 746 2526 imperitos,
791 2441 903 2523 qui
930 2441 1085 2505 talia
1108 2438 1448 2517 ediderint,
1486 2461 1605 2505 nec
1630 2439 1901 2523 dignum
1925 2459 2067 2503 6666
2089 2437 2327 2503 librum

389 2531 503 2613 qui
545 2527 822 2612 prodeat
875 2548 961 2592 ex
1004 2526 1264 2592 officina
1316 2525 1623 2590 ecelesiae
1665 2532 1941 2590 nostrae.
2031 2521 2329 2589 Subinde

391 2614 650 2681 vocavit
689 2634 812 2677 nos
855 2614 1273 2694 magistratus
1308 2633 1436 2675 non
1479 2610 1681 2676 semel
1715 2608 2101 2675 sciscitando
2137 2630 2176 2674 a
2212 2630 2329 2674 no-

389 2700 491 2766 bis
534 2699 691 2782 quid
731 2696 813 2763 de
855 2697 1226 2762 huiusmodi
1271 2717 1355 2761 ne
1402 2697 1533 2761 otio
1580 2716 2004 2761 censeremus.
2073 2692 2331 2776 Quibus

389 2786 647 2867 saepius
682 2804 1064 2867 responsum
1101 2794 1258 2847 esta
1280 2804 1364 2847 no
1412 2783 1482 2857 is,
1529 2782 1690 2847 haec
1724 2801 1889 2864 quae
1924 2781 2052 2863 ipsi
2094 2787 2334 2846 vocant

390 2876 782 2955 argumenta
843 2890 975 2935 non
1039 2889 1228 2951 posse
1291 2866 1483 2933 vendi
1549 2867 1791 2951 absque
1868 2886 2002 2933 uon
2077 2866 2332 2932 modico

389 2955 697 3023 scandalo
753 2962 821 3019 et
872 2954 1138 3018 infamia
1180 2973 1335 3018 suae
1382 2952 1687 3018 ecclesiae
1737 2974 1811 3018 60
1867 2952 2169 3017 civitatis.
2242 2950 2334 3016 Et

390 3062 594 3124 quum
672 3040 910 3105 iterum
987 3048 1295 3123 rogarent
1361 3050 1438 3102 ut
1513 3058 1996 3103 recenseremus
2059 3058 2331 3115 errore8‚

389 3125 874 3212 postulavimus
930 3123 1103 3189 diem
1149 3124 1292 3189 dari
1333 3123 1536 3189 nobis.
1628 3122 1810 3190 Tune
1854 3122 2187 3189 decretum
2235 3132 2336 3188 est

391 3212 474 3279 ab
517 3213 611 3276 eis
655 3212 1038 3294 consignare
1097 3217 1230 3275 tres
1283 3208 1421 3274 dies
1461 3208 1696 3292 quibus
1739 3209 2086 3274 transactis
2129 3209 2332 3293 signi-

390 3299 734 3363 ficaremus
775 3304 1007 3361 errata.
1096 3296 1234 3360 Nos
1277 3315 1481 3377 quum
1527 3304 1793 3359 ventum
1854 3302 1956 3359 661
1997 3293 2080 3359 ad
2123 3294 2333 3361 consi-

389 3385 571 3459 lium,
616 3382 1005 3464 protulimus
1049 3380 1428 3465 singulatim
1473 3380 1790 3444 nonnulla
1821 3400 1985 3462 quae
2021 3378 2334 3444 videban-

390 3478 501 3534 tur
535 3469 835 3534 suffieere
878 3466 959 3531 ad
1008 3467 1492 3549 reprimendum
1536 3485 1762 3531 eorum
1807 3466 2224 3547 supercilium
2259 3486 2335 3531 ac

389 3554 475 3621 ad
518 3550 891 3636 repellenda
932 3560 1334 3635 argumenta,
1379 3566 1494 3616 aut
1534 3559 1611 3616 ut
1651 3551 1852 3634 vulgo
1886 3549 2123 3617 dicitur
2159 3570 2334 3617 sum·

393 3640 618 3705 maria.
706 3638 842 3721 Ipsi
892 3659 1048 3703 vero
1091 3639 1330 3703 acriter
1369 3636 1732 3711 instabant,
1777 3637 2154 3718 incorrupta
2195 3656 2338 3703 6666

393 3747 517 3791 606
562 3732 951 3808 argumenta
1003 3724 1366 3788 afferentes.
1449 3719 1583 3786 Sed
1639 3742 1843 3803 quum
1883 3732 2225 3786 cernerent
2268 3743 2337 3786 se

391 3810 751 3878 clarissime
793 3809 1150 3885 convictos,
1208 3806 1472 3872 tandem
1515 3809 1948 3871 observarunt
1991 3818 2063 3870 ut-
2106 3806 2338 3872 saltem

393 3897 675 3963 alterum
716 3896 995 3961 istorum
1040 3893 1171 3957 illis
1207 3891 1697 3969 concederetur,
1743 3900 1857 3955 aut
1904 3892 2076 3974 quod
2125 3900 2341 3956 errata

394 3982 860 4066 colligerentur
915 4001 955 4044 a
1004 3988 1190 4061 tergo
1259 3977 1407 4043 libri
1463 3997 1644 4041 more
1696 3976 1916 4053 solito,
1987 3977 2096 4041 vel
2167 3974 2340 4059 quod

396 4068 554 4134 alibi
596 4067 1127 4147 imprimerentur
1180 4063 1361 4130 nullo
1419 4064 1682 4128 nomine
1736 4084 1852 4127 seu
1902 4061 2096 4126 titulo
2139 4082 2339 4145 appo—

396 4156 540 4230 6110,
585 4152 829 4218 seilicet
861 4161 1000 4215 tam
1041 4156 1157 4214 tuo
1189 4167 1384 4230 quam
1419 4149 1722 4213 civitatis.
1790 4146 1927 4212 Nos
1963 4148 2174 4213 vocati
2221 4168 2339 4229 pu-

395 4238 568 4304 blice
611 4237 786 4320 apud
819 4246 1121 4303 senatum
1155 4235 1581 4301 convenimus
1615 4235 1686 4297 in
1723 4234 1893 4299 11600
1927 4233 2340 4310 sententiam,

395 4325 566 4390 nihil
631 4323 897 4388 illorum
962 4342 1126 4403 quae
1204 4319 1735 4402 proponebantur
1801 4317 1884 4383 ab
1951 4318 2343 4383 adversariis

397 4519 482 4527 a——-

607 4599 666 4659 3)
701 4598 830 4653 Hoc
860 4611 1059 4652 nomm
1088 4596 1154 4649 im
1190 4594 1605 4650 Commentariis
1651 4598 1877 4648 senatus
1923 4609 2039 4649 non
2083 4596 2342 4663 cecum-it,

393 4668 496 4724 sed
662 4667 868 4735 staphi
899 4668 986 4721 Io.
1023 4665 1248 4732 Michel,
1288 4666 1387 4732 qm·
1419 4664 1798 4729 summarium,
1847 4663 1994 4731 quod
2039 4662 2342 4731 dicebatur,

397 4738 470 4793 N
465 4754 556 4792 om
582 4684 922 4793 {gemmanti
965 4734 1154 4801 edidit,
1189 4750 1386 4789 nomen
1427 4733 1642 4788 Calvina·
1661 4733 1876 4787 autoris
1911 4733 1976 4786 im
2007 4733 2168 4787 titvdo
2201 4732 2344 4798 falso

387 4822 541 4876 prae
576 4821 631 4861 66
665 4806 866 4872 ferens,
903 4809 954 4857 et
986 4802 1087 4857 hoc
1119 4803 1339 4857 ‘nomine
1373 4820 1411 4856 a
1445 4802 1714 4856 ministris
1739 4801 1814 4855 ad
1837 4808 2087 4855 senatum
2105 4801 2344 4855 delatum

390 4876 456 4930 d.
503 4874 590 4929 26.
639 4874 817 4928 Iunii.
905 4872 1018 4942 Qui
1066 4878 1254 4938 postea
1299 4871 1352 4925 d.
1407 4872 1457 4925 3.
1515 4872 1654 4925 Iulii
1702 4885 1913 4924 errores
1965 4870 2229 4939 quosdam
2281 4872 2344 4924 in

391 4944 584 4999 60116111
627 4942 927 4997 summario
971 4941 1334 5008 deprehensos
1384 4941 1590 5009 scripto
1643 4940 1998 4993 declararunt
2049 4938 2210 5008 (Rey.
2263 4939 2343 4992 du

397 5013 636 5069 00116611.
660 5013 776 5067 Vol.
801 5012 911 5079 37).
983 5009 1096 5065 Res
1129 5010 1350 5064 tamdem
1383 5010 1485 5063 sub
1519 5010 1682 5077 finem
1704 5009 1947 5075 Auyusti
1978 5008 2064 5065 ita
2098 5008 2343 5073 confecta

395 5089 483 5137 est
533 5088 597 5135 ut
648 5088 884 5152 typoqm
921 5080 1008 5146 110,
1065 5095 1173 5148 sup
1249 5093 1365 5132 esso
1418 5080 1634 5133 nomine
1698 5078 1915 5133 salvini
1963 5082 2015 5130 et
2069 5077 2338 5145 Gemvae,

393 5152 763 5207 summarum
797 5166 958 5204 suum
992 5148 1148 5203 cdere
1201 5150 1380 5201 iceret.
1417 5177 1467 5184 —
1495 5146 1582 5201 De
1619 5147 1694 5201 N.
1731 5148 1790 5201 T.
1827 5163 2004 5207 nuper
2037 5164 2075 5200 a
2111 5146 2339 5202 Calvino

393 5221 548 5276 edito
591 5237 681 5287 αμ.
731 5220 781 5273 Ι.
827 5218 1069 5287 Girard,
1117 5236 1167 5273 v.
1213 5216 1505 5271 Gauuiewr
1548 5216 1782 5287 Typoqr.
1834 5216 2066 5270 661160..-
2122 5233 2171 5284 p.
2226 5217 2335 5269 130.

395 5288 618 5346 Forma
635 5295 756 5343 erat
789 5289 1039 5356 minium,
1076 5287 1360 5357 exemplar
1388 5287 1602 5340 nullum
1636 5292 1866 5343 aetatem
1881 5287 2072 5342 tulisse
2103 5284 2337 5341 videm.

617 5375 837 5430 Calvim’
866 5391 1054 5444 opera.
1129 5375 1246 5430 Vol.
1283 5373 1396 5428 XI.

2177 374 2334 434 1543
2381 369 2600 437 IULI.

4242 378 4371 441 594

2422 558 2667 623 nostris
2701 558 2843 623 iure
2877 558 3021 623 fieri
3062 578 3271 640 posse.
3317 558 3401 623 In
3442 560 3572 624 fine
3616 559 3946 626 decretum
3989 562 4115 626 fuit
4158 584 4198 627 a
4232 564 4375 628 Do·

2425 643 2623 707 minis
2666 643 2834 726 quod
2881 644 3301 726 privarentur
3354 647 3619 710 omnino
3674 647 3808 711 suis
3853 647 4208 726 codicibus,
4252 656 4373 714 601

2426 728 2599 812 quod
2641 737 2714 794 tu
2750 750 2902 793 cum
2939 729 3029 794 M.
3078 728 3434 794 Guilielmo
3481 730 3674 796 Farel
3717 740 3785 795 61
3828 732 3919 797 M.
3967 733 4164 797 Petro
4203 732 4375 799 Vim

2424 814 2799 880 indicaretis
2836 812 2992 897 quid
3028 834 3310 896 aequum
3344 816 3529 880 vobis
3566 817 3910 881 videretur.
3959 817 4182 898 Quare
4219 819 4373 883 mit-

2425 899 2626 964 timus
2669 900 2751 964 ad
2787 909 2853 964 te
2898 899 3309 982 exemplaria.
3395 901 3590 965 Nunc
3639 909 3919 967 restaret
3961 913 4216 969 nostros
4259 925 4370 969 su-

2426 986 2758 1068 gillatores
2801 985 3109 1051 accedere
3152 984 3233 1048 ad
3279 1006 3431 1050 suos
3472 986 3718 1053 iudices
3757 988 3894 1053 suis
3930 991 4250 1073 expensis,
4297 996 4375 1055 ut

2427 1071 2765 1136 definitum
2820 1070 2978 1147 fuit,
3026 1072 3081 1135 si
3140 1091 3366 1135 eorum
3419 1091 3614 1155 opera
3659 1081 3911 1157 egeret:
3970 1094 4094 1139 nec
4149 1085 4375 1140 tamen

2427 1156 2754 1221 credimus
2798 1176 2909 1222 eos
2952 1156 3256 1221 abituros.

2602 1241 2813 1306 Plura
2873 1243 2941 1306 in
2998 1242 3367 1324 praesentia
3434 1262 3569 1307 non
3622 1254 3972 1309 occurrunt
4035 1244 4376 1310 scribenda

2427 1347 2593 1409 quae
2648 1335 2790 1392 tuto
2846 1327 3053 1392 literis
3097 1329 3604 1406 committamus,
3649 1330 3777 1392 nisi
3822 1329 3991 1411 quod
4035 1351 4074 1393 a
4114 1331 4374 1396 novilu'-

2428 1412 2540 1477 nio
2584 1413 2950 1495 complures
2992 1413 3241 1477 invasit
3286 1414 3571 1496 pestiS.⁴)
3635 1413 3989 1491 Salutabis,
4035 1417 4090 1479 si
4139 1415 4373 1497 placet,

2430 1506 2652 1563 nostro
2688 1498 2955 1563 nomine
2990 1498 3389 1581 Magistrum
3426 1497 3852 1564 Guilielmum
3891 1499 4088 1565 Farel
4120 1520 4195 1564 60
4228 1523 4375 1567 cae-

2427 1592 2604 1648 teros
2669 1585 2918 1649 fratres.
3010 1584 3194 1648 Bene
3260 1584 3427 1649 vale.
3505 1584 3613 1649 Ex
3670 1584 4043 1652 Genevensi
4107 1586 4377 1653 civitate

2438 1674 2530 1732 ll.
2569 1668 2740 1733 Iulii.

3335 1754 3465 1818 'rui
3508 1754 3743 1819 fratres

2686 1837 3035 1922 Philippus
3070 1838 3152 1903 ab
3187 1838 3498 1905 Ecclesia.
3588 1837 3812 1904 David
3858 1838 4379 1924 Ohamperellus.

2686 1922 3063 1990 Matthaeus
3108 1923 3464 1990 Geneston.
3597 1924 3846 1991 Abelus
3892 1926 4287 2010 Pouppinus.

3250 2011 3329 2074 L.
3376 2010 3807 2092 Treppereau.

3201 2282 3611 2295 m

3330 2501 3491 2572 488.

2809 2636 3528 2703 MELANOHTHON
3572 2637 4005 2705 OALVINO.

2611 2807 2960 2872 Stwrmimn
2991 2808 3241 2885 vidisse,
3280 2806 3612 2873 Calvinum
3646 2809 3866 2893 leyisse
3894 2810 4136 2892 qaudet.
4177 2808 4383 2874 Addit

2433 2892 2735 2959 nonnulla
2777 2893 2852 2959 de
2893 2893 3084 2961 huius
3124 2894 3424 2961 sementia
3456 2895 3627 2961 circa
3658 2895 4309 2976 praedestinationem.

2441 3063 2551 3126 (Ex
2589 3061 2924 3132 autographo
2960 3063 3087 3118 Cod.
3124 3063 3327 3117 Genev.
3365 3062 3493 3131 109,
3530 3064 3621 3118 fol.
3659 3062 3775 3130 141,
3821 3064 3971 3118 00106
4004 3068 4214 3118 textum
4248 3063 4380 3117 defl-

2439 3134 2617 3185 0101116
2652 3131 2873 3185 chartae
2905 3134 3147 3201 margine
3182 3148 3251 3185 ex
3282 3140 3442 3205 parte
3476 3133 3754 3197 mutilum,
3804 3137 4066 3200 quantum
4100 3133 4377 3201 potuimus

2439 3216 2544 3270 ope
2577 3201 2934 3266 coniecturae,
2971 3201 3261 3254 restituere
3296 3199 3477 3255 conati
3511 3214 3709 3254 sumus.
3748 3200 3901 3265 Quod
3922 3217 3986 3255 eo
4009 3202 4186 3254 minus
4219 3201 4381 3254 1110116

2439 3269 2585 3341 exigi
2636 3275 2855 3339 poterat
2909 3270 3054 3338 quod
3106 3276 3264 3325 60101·
3313 3284 3417 3389 pro
3472 3285 3621 3323 more
3668 3285 3765 3322 suo
3810 3271 4064 3337 pauciora
4108 3271 4279 3324 verba
4319 3270 4380 3323 iu

2779 3354 3213 3407 unumquemque
3247 3350 3313 3388 στ
3336 3353 3443 3407 χον
3477 3337 3679 3391 referre
3716 3338 4037 3404 consucvit)

2438 3508 2817 3573 Clarissimo
2840 3508 2982 3574 viro
3017 3516 3085 3573 et
3117 3509 3385 3592 egregia
3416 3506 3782 3574 eruditione
3816 3513 3883 3572 61
3916 3507 4160 3590 0161616
4193 3526 4382 3591 prae·-

2582 3592 2718 3658 dito
2762 3594 2845 3658 D.
2885 3593 3120 3658 Ioanni
3160 3593 3440 3659 Calvino
3484 3593 3691 3659 amico
3725 3610 3842 3657 suo
3886 3593 4235 3657 carissimo,

2616 3727 2685 3795 S.
2710 3730 2792 3794 D.
2840 3728 3023 3794 Nihil
3059 3730 3128 3794 10
3164 3729 3529 3795 hatheni
3563 3729 3708 3810 ripa
3740 3749 4091 3811 congressu
4116 3727 4384 3795 Stumit’

2442 3816 2652 3880 nostri
2678 3814 2722 3899 ¹)
2776 3813 3125 3881 iucundius
3178 3813 3389 3880 adhuc
3439 3812 3702 3896 quidem
3756 3814 3924 3877 mihi
3977 3812 4128 3878 fuit:
4187 3833 4382 3894 quem

2443 3900 2704 3984 quidem
2739 3920 2816 3965 eo
2849 3899 3159 3965 libentius
3194 3899 3569 3983 complexus
3603 3920 3748 3963 sum
3782 3897 3951 3980 quod
3987 3906 4052 3962 te
4079 3898 4385 3967 comitem

2444 3984 2824 4051 adducebat.
2871 3984 3120 4050 Videor
3161 3987 3339 4051 enim
3379 3984 3603 4067 legens
3645 3992 3825 4048 tuam
3870 3982 4208 4065 epistolam
4242 3984 4383 4065 plc-

2444 4091 2599 4134 nam
2670 4071 3053 4136 eruditionis
3114 4075 3217 4134 καὶ
3278 4072 3624 4151 θεοσεβείας
3699 4076 3766 4133 16
3840 4070 4053 4151 106010
4134 4067 4381 4133 audire.

2445 4156 2725 4237 Utrique
2767 4157 2970 4239 igitur
3013 4157 3291 4240 gratiam
3325 4155 3550 4233 habeo,
3599 4153 3881 4220 Sturmio
3924 4161 3992 4218 01
4032 4152 4170 4231 tibi,
4207 4151 4384 4235 quod

2445 4241 2511 4304 in
2548 4240 2653 4305 his
2696 4241 3224 4324 occupationibus
3258 4285 3581 4305 ......
3628 4261 3787 4321 quas
3831 4239 3956 4304 scis
4000 4237 4381 4303 sollicitudi-

2446 4346 2603 4389 num
2670 4326 2897 4409 plenas
2963 4346 3133 4404 esse,
3204 4323 3328 4411 [me
3380 4323 3745 4411 re]spicitis.
3834 4325 3997 4388 Peto
4050 4324 4248 4389 etiam
4305 4331 4384 4388 ut

2446 4410 2783 4476 eeclesiam
2830 4458 3156 4476 ......
3201 4409 3376 4494 quod
3417 4421 3588 4476 certe
3632 4419 3696 4473 te
3739 4411 3948 4475 facere
3984 4409 4146 4485 scio,
4194 4404 4384 4494 [com-

2446 4493 2729 4582 mende]s
2770 4495 2904 4560 filio
2936 4496 3101 4574 Dei,
3148 4517 3337 4579 quem
3383 4494 3621 4560 Daniel
3662 4495 3879 4575 inquit
3925 4492 4025 4579 [in
4066 4492 4395 4579 3:12]me

2448 4593 2737 4662 tempore
2794 4580 3263 4664 dissipaturum
3308 4580 3614 4648 ecclesiae
3661 4577 3897 4664 [devast
3932 4592 4179 4645 atorem
4222 4598 4387 4646 esse.

2447 4665 2654 4730 Vides
2696 4666 3117 4748 imperiorum
3162 4715 3456 4732 ......
3501 4678 3635 4743 tus,
3684 4664 3795 4748 qui
3840 4685 3910 4729 re
3957 4686 4036 4728 us
4079 4663 4399 4730 humanis-

2651 4940 2710 4999 4)
2750 4938 3018 4993 Imoiam
3053 4934 4383 4993 Nonislmtiisdehaccalam’tatcins'onatu

2444 5005 2727 5139 αἵξέἔιῗς
2754 5075 2991 5129 Videtur
3033 5076 3086 5129 is
3132 5091 3193 5130 eo
3246 5080 3483 5144 tempore
3525 5074 3775 5140 pam'am
3823 5073 4097 5139 invisisse,
4141 5071 4379 5141 fortasse

2444 5143 2656 5197 Bucen·
2699 5149 2752 5197 et
2795 5144 3033 5197 aliorum
3084 5144 3384 5199 amicorum
3640 5141 4007 5195 Coloniensem
4063 5141 4393 5210 episcopm

2439 5213 2761 5282 praesentia
2788 5219 3090 5281 pov-mom.
3149 5214 3415 5269 catenus
3446 5226 3499 5265 61
3530 5208 3721 5266 meras
3752 5210 3829 5265 ad
3851 5208 3985 5263 Mel.
4017 5211 4387 5278 perferendas

2443 5283 2845 5337 transmiserat.
3909 5364 3978 5419 38
4186 5302 4191 5307 ·
4411 5284 4423 5307 ³
