5050 6167
656 413 778 477 391

649 600 1081 680 vertentibus,
1141 601 1303 668 dum
1359 603 1471 670 alii
1528 600 1798 669 student
1852 600 2162 687 progredi
2214 609 2282 668 et
2335 602 2606 685 erigere,

654 688 812 753 olim
866 686 979 754 ubi
1036 687 1165 753 ista
1220 691 1465 758 fuerint
1518 689 1793 766 sublata,
1853 689 2155 754 omnibus
2198 686 2497 752 ordinate
2542 695 2610 786 et

653 775 1057 840 unanimiter
1099 774 1536 859 pergentibus,
1580 796 1664 841 ex
1713 783 1898 840 tanto
1939 773 2156 840 taedio
2198 783 2267 840 et
2307 773 2611 871 molestia

654 867 954 926 vertetur
998 861 1069 928 in
1113 860 1429 945 gaudium
1479 861 1767 946 prompti
1810 881 2150 928 successus
2194 868 2260 925 et
2302 860 2610 926 felioions

653 945 1059 1014 eonditionis.
1149 947 1330 1012 Dum
1389 946 1562 1031 apud
1605 969 1713 1013 me
1764 946 1974 1032 oogito
2033 945 2364 1030 perditum
2405 946 2610 1010 istum

650 1031 1071 1115 proditorem,
1117 1033 1235 1098 vix
1279 1053 1385 1098 me
1428 1033 1758 1099 contineo:
1819 1052 1974 1097 nam
2013 1040 2117 1097 sat
2158 1031 2292 1098 seio
2335 1051 2609 1115 gravem

653 1139 796 1185 esse
841 1116 1026 1184 vobis
1069 1125 1136 1183 et
1175 1120 1384 1184 multa
1426 1139 1766 1203 perperam
1812 1119 2041 1183 faeere.
2109 1117 2188 1183 Si
2230 1117 2611 1182 Bmardus

651 1212 888 1290 pergat
945 1223 1064 1269 nos
1123 1203 1434 1270 adiuvare
1487 1212 1555 1269 et
1612 1204 1920 1271 ecelesiae
1976 1203 2412 1270 aedificationi
2469 1213 2609 1267 stu-

654 1290 839 1368 dere,
900 1291 1088 1373 oupio
1145 1289 1404 1357 salvum
1448 1310 1610 1355 esse.
1696 1290 1869 1355 Aliis
1913 1290 2026 1371 qui
2079 1290 2330 1355 salvam
2372 1288 2613 1354 nolunt

654 1376 1024 1452 eeclesiam,
1084 1376 1239 1459 quid
1293 1397 1562 1459 possum
1618 1385 1845 1458 optare
1887 1376 2018 1441 nisi
2062 1383 2140 1440 ut
2183 1375 2295 1441 alii
2338 1377 2502 1440 fiant
2546 1384 2613 1439 et

652 1462 842 1528 aliter
886 1462 1146 1544 sapiant
1187 1471 1253 1526 et
1296 1469 1514 1548 agant.
1591 1461 1955 1527 Alexander
1997 1460 2163 1525 nihil
2205 1462 2342 1546 egit
2384 1482 2612 1525 eorum

658 1567 825 1632 quae
877 1547 1097 1614 iussus
1151 1554 1311 1613 erat.
1406 1546 1662 1613 Gabriel
1717 1568 1869 1614 oum
1912 1546 2273 1612 Marcurtio
2316 1547 2609 1630 stipitem

656 1641 1055 1701 curaverunt
1097 1635 1166 1698 in
1204 1634 1639 1700 ministerium
1675 1634 1940 1700 assumi.
2012 1632 2374 1698 Richardus
2401 1634 2457 1716 ⁶)
2493 1655 2606 1715 po-

658 1730 875 1784 tenter
939 1729 1040 1785 est
1102 1720 1499 1805 refragatus,
1566 1718 1681 1786 sed
1746 1717 1915 1783 nihil
1976 1719 2207 1784 effeoit.
2298 1718 2608 1784 Christus

657 1804 966 1870 ecelesiae
1031 1827 1187 1872 suae
1253 1806 1622 1889 prospiciat.
1722 1804 1895 1870 Vale
1957 1813 2023 1869 et
2078 1812 2298 1870 teoum
2358 1805 2610 1870 Virebus

656 1911 806 1956 eum
851 1891 1152 1958 omnibus
1196 1893 1351 1976 piis,
1400 1912 1481 1956 ne
1527 1899 1777 1957 vestras
1820 1890 2135 1974 coniuges
2177 1903 2605 1974 praeteream.

653 1976 968 2042 Neooomi
1017 1981 1111 2043 19.
1157 1978 1406 2062 Aprilis
1457 1981 1638 2042 1542.

1914 2062 2218 2128 Farellus
2259 2070 2429 2129 tuus.

823 2233 1060 2299 Frater
1102 2235 1320 2301 neseio
1365 2235 1517 2318 quid
1564 2234 1700 2318 egit
1735 2235 1815 2299 de
1859 2233 2043 2300 libris
2087 2236 2386 2319 aeeeptis.

1421 2495 1678 2503 —.-----
1701 2494 1820 2502 --

1547 2710 1701 2782 394.

1128 2848 1627 2917 FARELLUS
1674 2847 2109 2916 GALVINO.

818 3022 931 3090 Aa
982 3026 1215 3089 ovetum
1277 3020 1579 3088 classium
1636 3020 2147 3087 Neocomeneium
2201 3023 2442 3089 invitat.
2534 3021 2606 3087 E

647 3108 872 3175 Gallia
920 3109 1181 3174 laetiora
1225 3109 1589 3190 afferuntur.
1677 3106 1872 3171 Domi
1914 3127 2036 3171 non
2089 3109 2303 3174 omnia
2344 3129 2421 3174 ex
2465 3114 2599 3175 voto

638 3193 878 3275 cedunt,
922 3214 1118 3276 neque
1159 3213 1319 3276 quae
1356 3193 1520 3275 fiunt
1559 3192 1841 3260 omnibus
1864 3192 2231 3274 probantur.

641 3365 756 3432 (Ex
808 3364 1152 3435 autographo
1188 3365 1327 3419 Bibl.
1347 3370 1642 3489 mtgmfin
1665 3364 2143 3498 ἔθείἰοῗιοιιεὶυω.
2214 3366 2355 3436 Epp.
2393 3367 2594 3421 Farelli

811 3621 1065 3722 Christi
1086 3641 1312 3721 ’servo
1368 3620 1463 3686 Io.
1508 3620 1787 3688 Calvino
1833 3622 2023 3687 fratri
2067 3629 2133 3688 et
2186 3632 2593 3710 symmystae

636 3729 832 3792 quam
878 3726 1233 3774 oansslmo.

2085 3793 2414 3862 Genevae.

811 3928 882 3995 S.
928 3928 1146 3994 Hodie
1203 3928 1490 4014 primum
1552 3931 1720 3996 mihi
1774 3930 2071 3997 redditae
2126 3933 2395 3998 fuerunt
2435 3945 2589 4004 tuae

632 4014 867 4081 literae
925 4025 994 4080 et
1052 4035 1216 4097 quas
1274 4016 1536 4099 scripsit
1607 4016 1858 4082 Viretus
1911 4017 2108 4100 paulo
2174 4027 2329 4084 ante
2390 4041 2587 4103 quam

631 4115 798 4180 tuas,
841 4110 922 4164 ut
962 4101 1165 4165 mirer
1205 4108 1341 4165 tam
1385 4101 1646 4167 tardare
1690 4102 2080 4169 tabellarios.
2171 4103 2365 4185 Quod
2412 4105 2587 4172 dioe-

629 4188 780 4253 bam
804 4186 986 4269 prius
1028 4184 1201 4250 idem
1238 4207 1469 4253 rursus
1505 4187 1664 4266 dieo,
1712 4209 1797 4252 ne
1818 4196 1886 4252 te
1928 4188 2001 4252 in
2045 4189 2391 4256 seribendo
2433 4191 2586 4257 fati-

629 4293 764 4356 ges,
826 4291 1040 4354 neque
1096 4272 1362 4338 Viretue.
1452 4271 1633 4338 Satis
1696 4281 1764 4339 et
1821 4273 1970 4356 plus
2033 4277 2192 4340 satis
2247 4285 2350 4342 est
2414 4276 2587 4360 quod

627 4358 861 4443 agatis.
936 4356 1208 4423 Utinam
1252 4356 1450 4422 addat
1490 4358 1680 4425 nobis
1723 4358 2055 4426 adiutores
2091 4361 2420 4429 Dominus
2463 4384 2585 4446 pro

625 4443 903 4508 remoris
946 4443 1117 4521 istis,
1178 4451 1254 4507 ut
1308 4464 1475 4509 onus
1533 4452 1794 4509 tantum
1848 4445 2064 4511 levius
2104 4447 2237 4511 fiat.
2328 4446 2583 4530 Scripsi

626 4527 709 4593 de
731 4538 918 4593 coetu
954 4537 1178 4594 nostro
1212 4529 1324 4611 qui
1348 4533 1405 4594 9.
1445 4529 1639 4597 huius
1659 4531 1906 4597 mensis
1929 4538 2033 4597 est
2052 4532 2244 4598 nobis
2280 4533 2491 4612 datus,
2529 4536 2580 4614 ¹)

624 4615 730 4679 oui
784 4621 1089 4696 optarent
1139 4615 1374 4680 fratres
1430 4623 1496 4680 te
1538 4617 1643 4681 vel
1702 4615 1983 4682 Viretum
2025 4616 2269 4694 adesse,
2326 4628 2402 4683 ut
2444 4621 2579 4684 iam

623 4698 706 4764 ad
769 4699 1049 4765 Viretum
1087 4701 1215 4766 sori
1263 4702 1335 4766 si.
1425 4699 1500 4767 Si
1562 4703 1706 4767 fieri
1750 4710 1965 4785 potest
2021 4703 2219 4768 sinite
2263 4703 2332 4769 id
2375 4726 2415 4769 a
2457 4726 2577 4772 vo-

623 4784 724 4850 bis
763 4786 856 4850 im
941 4786 1120 4851 trari.
1263 4806 1384 4852 uae
1426 4796 1496 4851 te
1539 4797 1742 4853 urunt
1775 4808 1913 4852 non
1957 4788 2186 4852 sinunt
2218 4810 2325 4854 me
2361 4792 2577 4873 quies-

622 4892 799 4937 oere:
905 4871 1164 4939 ominus
1187 4871 1374 4938 nobis
1408 4873 1662 4955 aperiat
1698 4873 1873 4938 viam
1909 4892 2041 4954 qua
2065 4876 2313 4939 oonsuli
2348 4886 2576 4944 sauete

619 4957 830 5040 possit
893 4958 1194 5025 omnibus
1260 4957 1550 5026 ecelesiis
1567 5010 1582 5036 ,
1648 4977 1848 5042 quam
1913 4979 2139 5024 omnes
2203 4981 2571 5043 sequamur,

650 5264 784 5327 ³94.
820 5198 883 5326 ⁶1³³»
921 5197 1507 5330 ἔιὲιιᾞῖἒωοὶέὲωκ,
1555 5263 1633 5316 αα
1675 5278 1764 5317 m
1806 5264 2200 5321 eodan-mma
2248 5273 2300 5320 a
2333 5269 2571 5323 maxema

609 5334 971 5406 αὼοεριωω
994 5334 1360 5390 ordinandas.
1411 5332 1492 5397 Cf·
1514 5330 1753 5399 Mat,
1779 5331 1846 5387 V.
1866 5333 1984 5388 206.
2036 5335 2372 5401 Rev-mser
2397 5355 2459 5408 p.
2478 5338 2567 5393 48.

2216 410 2745 481 EPIS'POLAE
2793 414 3134 478 393-395

4554 419 4673 484 3⁹2

2710 598 3014 666 omnibus
3048 603 3442 686 postpositis.
3513 603 3595 668 In
3630 603 3837 670 literis
3858 603 4099 672 Bucari
4128 605 4321 672 video
4340 625 4449 672 me
4468 606 4674 690 pluri-

2711 707 2896 751 mum
2950 707 3238 769 peecare,
3299 688 3457 754 dum
3522 688 3690 754 nihil
3743 690 3983 757 aooidit
4038 690 4210 773 quod
4272 692 4388 757 ille
4446 691 4669 759 deflet:

2713 773 3029 837 nimirum
3065 773 3225 838 dum
3258 773 3523 858 linguas
3570 776 3778 842 malas
3813 777 4119 854 vitamus,
4166 776 4449 860 dumque
4486 779 4672 846 timo-

2713 878 2862 922 mus
2896 858 3227 925 offendere
3251 881 3411 943 quos
3443 870 3745 943 optamus
3788 863 3861 926 in
3893 862 4106 928 offioio
4141 865 4495 942 continere,
4542 884 4672 930 non

2712 963 2923 1026 pauoa
2965 945 3365 1010 omittuntur
3407 968 3573 1030 quae
3618 945 3875 1031 agenda
3908 957 4145 1013 essent.
4237 949 4544 1016 Christus
4588 949 4674 1015 sit

2713 1028 2898 1094 nobis
2939 1030 3264 1114 propitius
3310 1039 3377 1096 et
3421 1032 3655 1114 spiritu
3699 1033 3971 1110 oonsilii,
4030 1035 4390 1116 sapientiae
4432 1045 4503 1101 et
4542 1036 4671 1101 for·

2714 1114 3015 1180 titudinis
3060 1137 3179 1182 nos
3223 1114 3440 1182 donet.
3513 1117 3730 1184 Audio
3774 1120 4246 1185 eonfessionem
4289 1121 4670 1187 Provincia-

2713 1199 2877 1265 lium
2905 1202 2964 1278 ²)
3008 1203 3353 1284 probatam
3395 1204 3599 1269 fuisse
3643 1224 3681 1268 a
3719 1204 3815 1268 Re
3854 1226 3886 1268 e
3929 1217 3996 1269 et
4039 1206 4277 1271 saetam
4319 1206 4523 1273 fuisse
4565 1227 4670 1273 oo-

2713 1287 2892 1368 piam
2937 1287 3228 1353 Roberto
3276 1287 3590 1370 Stephano
3633 1290 4052 1373 imprimendi
4088 1292 4289 1357 biblia
4330 1292 4586 1375 gallica.
4614 1290 4668 1378 ⁸)

2716 1370 2911 1438 Unde
2968 1373 3239 1439 ooniieio
3296 1374 3476 1439 viam
3535 1376 3696 1441 satis
3753 1384 4051 1458 apertam
4111 1377 4193 1442 ad
4244 1377 4550 1457 verbum,
4614 1379 4670 1443 si

2715 1466 2939 1523 essent
2982 1459 3093 1541 qui
3129 1480 3259 1541 qua
3294 1470 3551 1543 oportet
3592 1462 3845 1526 ratione
3926 1483 4042 1526 ure
4084 1473 4154 1527 et
4191 1466 4485 1546 apposite
4517 1486 4670 1531 ver-

2715 1542 2870 1609 bum
2907 1542 3183 1608 Domini
3225 1557 3685 1628 proponerent.
3762 1545 3812 1613 S
3940 1568 4176 1613 vereor
4219 1549 4461 1616 multos
4504 1570 4665 1630 esse,

2712 1629 2843 1709 qui,
2896 1630 2959 1694 si
3014 1632 3355 1714 attigerint
3406 1653 3611 1696 unum
3656 1641 3771 1697 aut
3814 1632 4094 1698 alterum
4138 1633 4413 1700 abusum
4453 1637 4669 1719 ponti»

2711 1714 2871 1792 ficis,
2934 1724 3241 1798 reputent
3293 1738 3363 1781 se
3416 1717 3641 1782 statim
3695 1726 3905 1783 totum
3951 1719 4370 1803 evangelium
4406 1722 4667 1804 praedir-

2711 1820 2912 1865 oasse.
3003 1802 3106 1865 Tu
3159 1804 3270 1884 qui
3333 1804 3401 1867 iu
3457 1803 3580 1868 hoo
3620 1803 3802 1869 vales
3846 1812 3913 1868 et
3957 1803 4203 1870 multos
4245 1808 4435 1885 nosti,
4482 1817 4667 1891 potes

2711 1882 3092 1962 admonere,
3136 1898 3215 1952 ut
3262 1908 3395 1952 non
3449 1887 3674 1953 dubito
3717 1889 3893 1966 facis,
3937 1901 4011 1955 ut
4052 1889 4203 1956 istie
4245 1893 4519 1959 eniteris
4562 1913 4667 1960 re-

2710 1990 2994 2055 purgare
3037 1993 3203 2055 quae
3246 1974 3402 2038 ferri
3447 1993 3580 2038 non
3625 1985 3918 2057 possunt.
3986 1976 4056 2040 Is
4100 1977 4211 2059 qui
4253 1980 4476 2045 omnia
4516 1987 4668 2063 pot-

2712 2063 2815 2121 est
2855 2078 2978 2122 sua
3023 2066 3089 2121 te
3145 2058 3405 2123 roboret
3457 2061 3719 2138 virtute,
3777 2081 3907 2143 qua
3953 2063 4163 2144 possis
4210 2062 4386 2146 quod
4442 2073 4671 2131 sanote

2711 2142 2912 2223 oupis.
3003 2143 3388 2211 Harmoniae
3429 2166 3560 2209 non
3618 2146 3871 2230 primus
3914 2148 4101 2214 nobis
4151 2149 4485 2231 imposuit,
4542 2171 4669 2218 nee

2711 2228 2841 2291 erit
2894 2236 3283 2310 postremus,
3349 2231 3445 2295 ita
3508 2232 3795 2296 faeoibus
3858 2251 4052 2315 saepe
4108 2232 4438 2314 adsumus,
4505 2237 4669 2302 dum

2710 2311 3037 2378 oredimus
3078 2315 3267 2382 bonis
3303 2317 3467 2382 bene
3509 2319 3739 2383 faeere.
3829 2318 3960 2384 Hie
4000 2319 4163 2384 felix
4207 2332 4307 2386 est
4343 2320 4669 2387 Barbari-

2706 2418 2831 2463 nus
2874 2420 3085 2482 neque
3125 2421 3246 2486 ego
3289 2403 3539 2467 minus:
3586 2403 3701 2467 sed
3744 2424 3864 2485 per
3905 2403 4220 2470 familiam
4266 2413 4335 2471 et
4375 2409 4531 2489 quia
4574 2408 4668 2472 lo-

2706 2504 2822 2549 eus
2879 2505 3012 2550 non
3066 2495 3168 2552 est
3220 2489 3560 2571 pauciores
3615 2489 3885 2571 excipio.
3977 2489 4153 2557 Huio
4209 2492 4366 2574 quid
4410 2494 4669 2560 oonsilii

2708 2570 2921 2635 visum
2966 2572 3050 2635 sit
3107 2571 3296 2650 dare,
3357 2594 3439 2638 ex
3495 2593 3571 2637 eo
3629 2573 3871 2639 audies.
3961 2576 4300 2642 Traotavit
4342 2577 4669 2660 quaedam

2704 2676 2856 2721 eum
2915 2677 2991 2721 eo
3038 2656 3389 2724 Zebedaeus
3444 2680 3609 2742 quae
3668 2680 3801 2724 non
3854 2661 4014 2726 satis
4058 2661 4432 2744 probantur.
4524 2662 4669 2731 Sed

2704 2739 2785 2805 de
2828 2741 2933 2806 his
2977 2741 3157 2809 alias.
3246 2743 3418 2809 Vale
3463 2755 3529 2809 et
3566 2765 3794 2809 omnes
3837 2745 4051 2810 saluta
4069 2798 4083 2824 ,
4143 2748 4497 2834 praecipue
4556 2752 4672 2816 Vs·-

2702 2831 2902 2891 retum
2944 2849 3093 2893 oum
3140 2830 3384 2896 vestris
3427 2830 3830 2915 eoniugibus.
3904 2831 4176 2899 Fratres
4218 2835 4348 2900 mei
4391 2837 4514 2902 tibi
4556 2858 4671 2908 aa·

2703 2911 2910 2978 lutem
2954 2922 3022 2980 et
3063 2915 3365 2983 omnibus
3409 2916 3654 2983 dieunt.
3735 2916 4049 2983 Neooomi
4085 2923 4143 2984 2.
4180 2920 4345 2985 Maii
4390 2926 4574 2991 1542.

3739 3051 4046 3120 Farellus
4089 3062 4244 3121 tuus
4288 3065 4482 3126 totus.

2870 3220 3139 3287 Literas
3186 3221 3424 3289 Buceri
3475 3244 3612 3288 non
3668 3223 3952 3305 remitto,
4020 3248 4199 3294 nuno
4256 3229 4484 3295 statim
4540 3254 4671 3317 per

2701 3305 2908 3371 alium
2951 3307 3233 3373 mittam.

3470 3568 3886 3579 ——-———-—-.-.-

3594 3785 3749 3856 395.

3178 3921 3642 3991 OALVINUS
3687 3924 4150 3994 FARELLO.

2866 4090 3118 4158 Narrat
3156 4093 3313 4175 quid
3359 4093 3642 4160 Genevae
3683 4116 3823 4162 eum
3861 4095 4200 4165 caman
4235 4100 4667 4187 Luydunenei

2691 4182 2899 4243 aetum
2973 4179 3078 4243 eit.
3205 4178 3489 4263 Neyotiis
3567 4201 3904 4264 oppressus
3992 4183 4366 4253 Neooomum
4442 4194 4668 4262 venire

2688 4433 2880 4498 (Manu
2925 4433 3030 4487 sori
3073 4438 3132 4486 ta
3175 4450 3283 4488 non
3328 4441 3526 4489 exstat.
3596 4438 3764 4492 Edita
3798 4446 3884 4492 est
3917 4438 3975 4492 iu
4012 4441 4189 4497 Bonae
4225 4444 4504 4502 Thesauro
4541 4450 4663 4507 Ed.

2686 4501 2892 4557 Genev.
2930 4518 2984 4572 p.
3056 4499 3104 4568 7,
3142 4501 3302 4557 Laus.
3340 4521 3391 4585 p.
3428 4501 3511 4574 79,
3548 4505 3760 4560 Hanov.
3797 4524 3853 4576 p.
3887 4505 3957 4560 88
4009 4509 4234 4565 Chouet.
4310 4513 4425 4582 ΑΒ,
4464 4518 4662 4575 Amet.

2966 4589 3019 4640 p.
3056 4569 3141 4623 21.
3213 4571 3417 4627 enum
3453 4574 3654 4643 legitur
3688 4577 3745 4629 in
3781 4575 3911 4629 edit.
3948 4550 4130 4632 karol.
4165 4597 4218 4649 p.
4255 4530 4364 4650 fs.)

2854 4725 3185 4792 Postridie
3228 4736 3345 4792 aut
3388 4727 3620 4794 saltem
3665 4730 3860 4796 biduo
3885 4747 4227 4817 postquam
4271 4736 4393 4803 tibi
4429 4743 4655 4827 serip-

2680 4831 2912 4890 seram,
2947 4809 2993 4897 ¹)
3037 4813 3224 4877 venit
3266 4812 3627 4881 Carmelita
3668 4816 4156 4900 Lugdunensis,
4219 4841 4260 4885 a
4312 4845 4444 4906 quo
4501 4849 4657 4896 non

3000 4969 3087 4976 ῳ-
