5050 6167
670 366 795 428 607

838 550 1431 617 Praestantissimis
1464 549 1625 616 viris
1661 569 1917 614 summa
1962 556 2030 613 et
2070 549 2316 633 pietate
2360 555 2426 613 et
2467 567 2617 613 eru-

671 636 918 703 ditione
962 636 1321 702 Heinricho
1365 634 1755 719 Bullingere
1812 643 1880 699 et
1921 634 2261 700 Theodoro
2317 634 2617 700 Biblian-

671 722 788 788 dre
830 721 1023 789 claris
1067 722 1377 788 eeclesiae
1419 721 1777 805 Tigurinae
1817 718 2175 785 luminibus

2204 822 2454 906 Tiguri.

842 959 1144 1026 Gratiam
1199 966 1267 1024 et
1320 980 1545 1043 pacem
1602 981 1643 1024 a
1686 957 1844 1024 Dee.
1959 956 2179 1039 Quam
2235 979 2340 1022 me
2395 978 2616 1023 carum

672 1046 912 1111 habeat
953 1054 1230 1128 uterque
1284 1052 1580 1110 vestrum
1632 1044 1890 1109 abunde
1946 1052 2202 1109 vestrae
2259 1041 2619 1108 ostendunt

669 1131 901 1197 literae
943 1152 1106 1214 quas
1150 1128 1235 1195 ad
1290 1151 1396 1195 me
1449 1149 1663 1212 nuper
1719 1130 2018 1208 dedistis,
2077 1129 2205 1195 viri
2250 1129 2615 1194 clarissimi.

672 1215 852 1283 Sane
907 1237 1041 1281 nen
1094 1216 1389 1299 vulgaris
1444 1224 1546 1280 cst
1599 1215 1725 1280 iste
1769 1216 2039 1281 affectus
2093 1235 2218 1298 que
2278 1214 2619 1299 adigimini

670 1303 844 1368 inter
906 1309 1000 1367 tet
1055 1301 1507 1383 occupationes
1562 1308 1629 1365 et
1683 1301 1989 1385 graviora
2045 1301 2116 1365 in
2171 1300 2405 1382 quibus
2461 1301 2619 1364 estis

671 1388 790 1453 teti
833 1396 909 1453 ιιι
953 1386 1036 1452 ad
1080 1408 1187 1451 me
1229 1385 1546 1452 scribatis.
1618 1387 1763 1470 Ege
1807 1387 2046 1451 rubore
2089 1385 2378 1452 suffundi
2424 1384 2617 1450 debe-

669 1494 813 1539 rem
856 1472 1026 1556 qued
1071 1472 1283 1537 ausim
1325 1471 1487 1536 meis
1530 1472 1794 1553 ineptiis
1851 1470 2096 1553 aliquid
2138 1474 2619 1553 interrumpere

670 1560 875 1625 vestri
919 1577 1150 1623 cursus
1192 1565 1330 1622 tam
1381 1557 1559 1621 utilis
1602 1556 1920 1622 omnibus.
2011 1556 2146 1622 Sed
2191 1555 2345 1640 quid
2387 1557 2619 1621 faciam

671 1643 780 1710 ubi
821 1651 958 1708 tam
1000 1644 1240 1708 amicae
1274 1642 1515 1725 accipie
1549 1641 1813 1707 literas?
1877 1644 2242 1708 Possumne
2286 1644 2618 1707 continere

670 1728 1051 1795 incendium
1107 1750 1235 1812 quo
1290 1727 1534 1792 dudum
1594 1749 1812 1792 meum
1856 1729 1927 1792 in
1983 1748 2100 1793 ves
2143 1733 2369 1810 pectus
2411 1726 2616 1807 ardet,

672 1816 786 1880 ubi
831 1835 1086 1897 semper
1131 1835 1303 1879 nova
1343 1812 1670 1878 adduntur
1705 1812 2032 1878 fomenta?
2122 1813 2234 1877 Me
2269 1814 2503 1878 amatis
2548 1813 2620 1877 in

673 1901 959 1966 Domine
977 1950 993 1979 ,
1054 1907 1120 1964 et
1162 1899 1415 1964 salvum
1467 1898 1738 1964 rediisse
1782 1898 2224 1983 gratulamini,
2283 1906 2350 1961 et
2393 1908 2619 1963 sancte

671 1987 894 2068 petitis
937 1991 1047 2063 ut,
1106 1983 1279 2067 qued
1333 1984 1480 2067 plus
1536 2006 1732 2066 quam
1776 1986 2006 2049 vivere
2047 1991 2216 2066 opto,
2263 1981 2437 2065 apud
2479 1984 2622 2048 Me·-

584 2130 590 2143 ,
672 2070 1090 2136 diematriees
1131 2067 1408 2134 verbum
1463 2076 1887 2136 conservetur
1930 2078 2181 2135 crescat
2224 2076 2292 2134 et
2333 2068 2620 2133 multum

672 2156 963 2221 fructum
1004 2157 1197 2219 ferat:
1258 2154 1429 2237 quod
1472 2156 1706 2220 merite
1749 2175 1975 2219 omnes
2018 2155 2275 2238 maguis
2317 2154 2620 2237 precibus

672 2242 972 2326 flagitare
1016 2239 1283 2318 debent,
1340 2260 1546 2324 quum
1603 2240 1933 2305 innumeri
1973 2238 2359 2305 incumbant
2399 2239 2621 2322 profli-

678 2324 893 2413 gando
931 2346 1200 2409 prorsus
1240 2326 1456 2403 verbe,
1502 2332 1569 2390 et
1610 2326 1667 2390 si
1709 2346 1871 2390 vera
1917 2335 2192 2390 narrant
2241 2322 2476 2390 Caesar
2517 2325 2621 2388 in-

673 2412 926 2497 primis,
956 2414 1003 2489 ¹)
1050 2418 1120 2475 et
1160 2432 1296 2475 non
1341 2417 1600 2475 tantum
1643 2410 1807 2490 illie,
1870 2432 2104 2477 verum
2160 2410 2358 2474 etiam
2406 2409 2478 2473 in
2523 2407 2622 2473 di-

677 2498 854 2563 tione
898 2497 1182 2580 episcopi
1229 2494 1628 2562 Coloniensis.
1649 2497 1703 2575 ²)
1805 2496 2000 2561 Licet
2050 2496 2200 2578 pius
2253 2516 2453 2559 senex
2497 2495 2620 2558 im-

674 2583 1055 2649 manissime
1100 2603 1140 2647 a
1179 2581 1480 2665 plurimis
1537 2581 1879 2647 infestatus
1921 2588 2145 2646 tamen
2189 2589 2256 2644 et
2297 2582 2622 2665 principa-

674 2676 820 2734 tum
866 2675 934 2732 et
975 2667 1181 2734 vitam
1221 2668 1491 2750 insuper
1541 2668 1756 2751 petius
1811 2668 2039 2733 statuit
2083 2667 2382 2732 amittere
2425 2688 2622 2750 quam

676 2752 986 2820 desistere
1022 2775 1062 2819 a
1095 2762 1319 2836 coepte
1353 2763 1492 2817 tam
1524 2754 1651 2836 pie,
1696 2750 1866 2836 qued
1905 2772 2100 2836 aegre
2133 2751 2261 2816 fert
2299 2758 2438 2817 tam
2474 2772 2621 2817 sere

673 2841 978 2923 coepisse,
1038 2846 1105 2904 et
1146 2837 1465 2922 quidquid
1508 2836 1763 2904 dicatur
1803 2839 1911 2905 vel
1952 2839 2069 2903 fiat
2109 2837 2324 2922 pergit
2366 2859 2623 2920 semper

673 2947 824 2992 eum
867 2925 949 2990 iis
988 2944 1153 3008 quos
1195 2924 1461 3006 reliquit
1500 2924 1796 2990 Bucerus
1850 2922 2102 2988 idoneis
2156 2923 2621 2989 concionatori-

671 3010 796 3077 bus
838 3010 910 3075 in
953 3030 1070 3076 sex
1114 3008 1369 3093 oppidis
1413 3017 1481 3074 et
1534 3009 1683 3074 aliis
1739 3009 1987 3092 aliquot
2038 3008 2213 3074 loeis.
2303 3008 2621 3075 Menesta-

671 3097 878 3162 riensi
919 3098 1217 3179 episcope
1232 3097 1287 3176 8)
1333 3095 1607 3177 insuper
1649 3092 1958 3161 dicuntur
2000 3093 2240 3159 missae
2280 3093 2509 3159 literae
2548 3102 2622 3160 ut

674 3180 952 3248 desistat
993 3202 1035 3247 a
1075 3182 1295 3248 verbe.
1386 3181 1686 3247 Laniena
1728 3180 1991 3264 piorum
2034 3181 2110 3244 fit
2141 3186 2211 3244 et
2265 3178 2478 3246 edicta
2521 3179 2621 3245 di-

707 3486 844 3549 sm.
879 3487 936 3554 1)
983 3485 1137 3557 Quae
1179 3488 1267 3541 hic
1309 3487 1496 3541 metuit
1546 3486 1828 3550 Fau-ellae,
1872 3501 1939 3540 ea
1983 3502 2109 3541 mex
2156 3493 2444 3541 meruerunt
2492 3503 2620 3555 pre-

671 3562 913 3612 movente
944 3573 1083 3610 nevo
1118 3556 1333 3611 consule
1371 3554 1655 3609 Richarde
1689 3554 1756 3608 de
1796 3553 2144 3625 Raiqecourt.
2215 3555 2383 3610 Initio
2418 3557 2620 3609 mensis

673 3625 927 3679 Octobris
963 3625 1152 3679 Metim
1188 3624 1339 3677 veuit
1371 3641 1405 3676 a
1439 3623 1669 3676 ansare
1703 3623 1898 3676 missus
1942 3623 2062 3677 Gar.
2102 3624 2329 3677 Besetus
2374 3625 2524 3677 Ictus
2563 3631 2620 3679 et

673 3693 859 3748 statim
895 3709 1014 3746 eum
1053 3698 1243 3747 senatu
1277 3692 1661 3760 monachisque
1693 3694 2084 3746 communicato
2120 3693 2346 3746 consilio
2387 3694 2620 3747 alterum

671 3779 742 3817 ex
776 3762 1246 3817 concionatoribus
1280 3760 1350 3813 ad
1384 3776 1444 3813 se
1480 3769 1726 3813 vocatum
1761 3763 1960 3814 acriter
1988 3761 2254 3830 obiurgat,
2291 3762 2620 3832 mandatque

673 3836 739 3885 ut
781 3836 908 3884 ante
952 3830 1194 3884 triduum
1242 3826 1468 3882 excedat
1515 3829 1674 3892 urbe,
1717 3830 1912 3896 capitis
1957 3828 2282 3883 denunciata
2336 3847 2514 3900 poena
2572 3831 2618 3883 si

671 3915 828 3954 secus
861 3899 1039 3952 faeiat.
1094 3898 1228 3950 Post
1261 3896 1331 3950 ad
1365 3896 1496 3950 Idus
1516 3896 1768 3950 Octobris
1804 3899 2065 3951 recitatur
2099 3898 2335 3952 edictum
2371 3898 2619 3953 Caesaris

670 3984 781 4037 quo
826 3967 1040 4020 senatui
1085 3965 1307 4019 mandat
1351 3981 1423 4018 ne
1471 3964 1599 4034 quid
1646 3966 1774 4019 novi
1818 3966 1887 4020 do
1927 3967 2087 4019 matis
2133 3967 2424 4020 admittant
2469 3974 2526 4021 et
2559 3969 2617 4021 in

671 4042 858 4090 sentes
876 4035 1327 4088 animadvertant.
1381 4034 1574 4102 Itaque
1597 4039 1815 4087 senatus
1907 4036 2002 4088 icit
2017 4035 2223 4089 civibus
2244 4041 2306 4088 ut
2338 4036 2619 4106 antiquam

669 4103 986 4172 religionem
1023 4104 1218 4166 celant,
1256 4108 1319 4155 ut
1352 4110 1630 4170 suspectos
1667 4110 1724 4155 et
1756 4103 2090 4171 improbatos
2125 4105 2294 4157 libres
2327 4106 2476 4157 intra
2494 4122 2619 4174 sep-

671 4172 866 4225 fimum
901 4172 1044 4225 diem
1080 4172 1362 4252 proferant
1395 4172 1451 4223 in
1488 4170 1738 4235 medium,
1776 4180 1837 4223 ut
1855 4173 2111 4225 ecelesiae
2146 4173 2355 4241 legibus
2374 4180 2621 4242 pareant,

670 4247 736 4294 ut
769 4240 960 4297 diebus
995 4240 1182 4293 vetitis
1216 4241 1286 4292 ab
1322 4255 1416 4292 esu
1450 4240 1694 4293 earnium
1727 4238 2065 4306 abstineant,
2110 4247 2173 4294 ιιι
2208 4241 2415 4295 ordinis
2450 4243 2621 4296 eoele-

670 4310 880 4363 siastici
915 4310 1063 4361 viros
1098 4316 1415 4361 reverenter
1450 4306 1702 4373 habeant,
1740 4316 1801 4360 ut
1837 4310 1930 4378 qui
1965 4326 2065 4379 pre
2105 4317 2192 4362 ter
2225 4310 2496 4364 diversam
2533 4326 2617 4363 re-

670 4378 927 4446 ligionem
962 4393 1080 4429 sese
1116 4376 1384 4429 dederunt
1416 4377 1473 4428 in
1498 4376 1801 4430 clientelam
1826 4386 1990 4459 atque
2013 4377 2049 4431 fi
2090 4395 2174 4431 em
2197 4380 2620 4446 protestantium

670 4446 819 4499 iutra
853 4454 1062 4498 eertum
1097 4451 1311 4513 tempus
1347 4445 1396 4497 ei
1432 4446 1783 4507 renuncient3
1832 4463 1924 4515 qm
1972 4462 2125 4499 secus
2171 4447 2402 4499 fecerint
2446 4448 2513 4499 iis
2563 4452 2619 4500 et

671 4514 927 4565 mulctam
963 4521 1019 4566 et
1055 4514 1302 4566 exsilium
1338 4520 1395 4565 et
1428 4513 1561 4566 alias
1596 4530 1798 4582 peenas
1832 4531 1932 4582 pro
1968 4515 2225 4584 cuiusque
2260 4516 2457 4569 merito
2492 4531 2617 4569 eon-

671 4582 865 4634 stituit.
940 4581 1209 4646 (Slet'dan.
1253 4581 1335 4637 II.
1369 4579 1488 4644 324,
1527 4582 1596 4647 cf.
1635 4582 1908 4637 Mem-isse
1933 4599 1989 4652 p.
2026 4582 2134 4649 89.)

878 4648 937 4712 2)
978 4648 1184 4703 Caesar
1219 4650 1460 4719 Auyueti
1491 4649 1542 4703 d.
1579 4667 1725 4704 none
1759 4650 2040 4721 Meguntia
2073 4652 2170 4706 dat
2203 4651 2392 4705 literas
2427 4652 2497 4706 ad
2534 4668 2616 4706 se-

671 4723 859 4772 natum
895 4717 1295 4772 Coloniensem:
1333 4718 1517 4772 audire
1565 4736 1623 4772 se
1671 4720 2074 4774 concionatores
2124 4721 2384 4790 quosdam
2421 4722 2477 4773 in
2514 4721 2618 4774 hoc

670 4803 792 4841 esse
847 4793 994 4841 totos
1046 4795 1108 4840 ut
1164 4788 1312 4856 ipsos
1359 4788 1428 4840 ab
1479 4788 1702 4857 antiqua
1749 4790 2008 4858 religione
2043 4790 2370 4853 dimoveant,
2419 4790 2616 4858 quibus

669 4861 852 4910 tamen
909 4856 1011 4924 ipsi
1066 4856 1282 4909 sortiter
1339 4856 1512 4908 adhue
1569 4859 1880 4913 restiterint.
1959 4858 2026 4912 Id
2074 4866 2254 4911 autem
2289 4874 2617 4927 pei-magnae

668 4925 775 4978 sibi
810 4925 1077 4993 voluptati
1114 4941 1231 4978 esse
1267 4931 1324 4977 et
1358 4940 1576 4977 monere
1613 4933 1673 4979 ιιι
1709 4926 1762 4979 in
1799 4944 1863 4981 ee
1897 4935 2252 4996 permaneant
2287 4935 2345 4981 et
2375 4928 2520 4979 cives
2557 4928 2615 4979 in

667 4993 847 5048 officio
883 4995 1197 5048 contineant
1230 5000 1324 5047 etc.
1395 4992 1583 5056 (scria.
1617 5012 1669 5063 p.
1705 4994 1847 5062 318.)

877 5061 940 5125 3)
981 5063 1183 5116 Hane.
1220 5062 1286 5115 de
1330 5059 1598 5129 Waldeck,
1634 5066 1731 5133 qui
1762 5070 1821 5118 ut
1854 5071 2043 5133 aperte
2073 5064 2513 5128 reformationem
2556 5064 2619 5117 in

667 5145 773 5184 sua
792 5132 1025 5185 dioecesi
1058 5132 1366 5197 inchoaret,
1401 5136 1607 5185 tantum
1649 5136 1991 5201 exspectabat
2027 5139 2090 5187 ut
2137 5130 2475 5191 cotoniensis
2513 5133 2617 5185 col·

668 5200 1165 5331 ῑῧσαέὃὸοἵηαιηίηα
1218 5200 1296 5254 ad
1354 5199 1584 5269 aliquem
1627 5203 1796 5272 finem
1845 5202 2295 5272 perducerentur.
2388 5200 2619 5266 (Ranke

2220 359 2745 463 Erlsrenffl
2789 366 3127 428 497—498

2633 3164 2644 3181 ,
2724 3118 2992 3267 gorgite,
3037 3138 3119 3200 qu

4531 369 4643 433 608

2719 550 2894 614 riera
2935 549 3181 633 passim
3224 546 3307 614 ab
3349 549 3429 614 iis
3472 550 3582 632 qui
3623 550 3898 615 bestiam
3940 557 4008 616 et
4041 549 4319 617 aderant
4350 558 4417 617 et
4448 560 4648 637 potes-

2720 643 2922 700 tatem
2967 656 3163 718 quam
3201 632 3447 700 habent
3496 634 3552 698 ei
3599 635 3887 700 tradunt.
3979 634 4166 717 Quae
4209 638 4454 716 emnia,
4508 661 4651 705 cum

2721 720 2805 785 iis
2847 742 3012 803 quae
3051 720 3347 787 videmus
3382 720 3689 786 maximis
3726 720 3912 787 bellis
3954 731 4022 786 et
4062 723 4334 789 saevitia
4373 744 4498 807 qua
4529 725 4651 790 fer-

2721 814 2832 871 tur
2870 807 3164 888 pontifex
3207 814 3274 871 et
3316 806 3523 872 hostis
3568 807 3869 885 turcicus,
3913 808 4199 872 maxime
4243 829 4362 873 nes
4405 830 4650 875 movere

2721 890 2960 957 debent
2997 890 3082 956 ad
3124 912 3348 975 preces
3392 891 3811 958 ardentiores.

2892 975 3027 1043 Sed
3083 998 3209 1076 quo
3260 976 3478 1043 feror?
3566 978 3712 1061 Ego
3765 978 4046 1060 optarim
4096 978 4264 1043 mihi
4319 978 4651 1062 aliquando

2722 1062 2866 1127 dari
2908 1083 3311 1128 occasionem
3358 1063 3751 1128 testificandi
3803 1085 4023 1129 mcum
4066 1064 4139 1128 in
4193 1085 4311 1130 ves
4354 1085 4649 1131 amorem.

2722 1147 3040 1214 Servater
3082 1147 3229 1227 ille,
3288 1148 3399 1232 qui
3453 1170 3571 1231 per
3622 1170 3740 1213 ves
3797 1147 3973 1214 demi
4016 1158 4286 1233 agentes
4328 1150 4539 1229 efficit,
4581 1158 4653 1215 ut

2722 1235 2835 1317 qui
2877 1234 3101 1316 procul
3142 1241 3296 1299 sunt
3348 1255 3465 1299 vos
3509 1234 3779 1299 audiant
3830 1234 3937 1318 pie
3980 1245 4049 1299 et
4090 1244 4313 1302 sancte
4355 1255 4516 1318 quae
4556 1258 4653 1302 sa·

2723 1320 2879 1384 lutis
2922 1326 3079 1384 sunt
3122 1327 3507 1398 tractantes,
3565 1320 3741 1384 idem
3796 1322 3964 1384 faxit
4018 1331 4093 1386 ut
4136 1342 4394 1405 semper
4435 1321 4654 1404 purius

2724 1414 2791 1470 et
2832 1406 3066 1471 maiori
3107 1406 3322 1471 fructu
3365 1406 3739 1487 perficiatis,
3784 1412 3859 1469 ut
3902 1408 4039 1488 ipse
4082 1428 4232 1473 cum
4274 1406 4420 1471 aliis
4462 1407 4653 1489 parti·

2723 1511 2875 1573 ceps
2931 1490 3054 1554 sim
3110 1492 3360 1556 fruetus
3426 1500 3493 1555 et
3546 1492 3877 1556 vobiscum
3944 1493 4230 1575 gestiens
4285 1491 4367 1557 de
4423 1490 4657 1558 Christi

2724 1575 2934 1660 gloria
2989 1583 3058 1641 et
3108 1598 3312 1660 regno
3367 1583 3723 1660 propagate
3788 1576 3986 1641 latius
4052 1577 4371 1662 gratulari
4426 1578 4658 1661 possim

2720 1662 2933 1744 magis
2977 1669 3044 1726 et
3087 1662 3313 1744 magis.
3405 1660 3627 1743 Quam
3670 1662 3857 1728 vobis
3901 1664 4187 1729 referent
4226 1664 4508 1749 gratiam
4548 1684 4656 1746 pa-

2722 1758 2940 1812 rentes
2998 1768 3225 1812 eorum
3291 1747 3401 1829 qui
3453 1748 3602 1815 istie
3656 1756 3862 1832 agunt
3914 1748 4085 1831 apud
4144 1770 4263 1815 ves
4318 1749 4654 1815 iuvenum:

2722 1834 2854 1897 ime
2908 1838 3200 1915 pastores
3254 1833 3366 1916 qui
3423 1833 3529 1898 hic
3582 1834 3792 1918 magis
3847 1854 3917 1900 se
3963 1845 4179 1917 patres
4235 1832 4657 1914 declararunt,

2724 1917 2797 1982 vi
2839 1924 3094 1982 tantum
3152 1938 3289 1981 non
3332 1925 3790 2001 extorquentes
3842 1929 3915 1983 ut
3954 1922 4101 1986 istic
4144 1921 4657 1997 instituerentur,

2724 2024 2849 2085 quo
2890 2013 3157 2085 possent
3207 2003 3471 2069 tandem
3528 2005 3866 2088 evangelie
3921 2005 4215 2071 servire?
4303 2005 4479 2071 Nam
4520 2025 4660 2087 per-

2724 2088 3028 2155 videmus
3069 2090 3305 2154 miram
3349 2090 3714 2154 barbariem
3771 2090 4058 2156 futuram
4100 2092 4227 2157 nisi
4267 2097 4656 2156 occurratur.

2726 2173 3152 2257 Negligentes
3217 2183 3372 2240 sunt
3447 2185 3753 2258 parentes
3817 2185 3885 2240 et
3960 2184 4117 2244 sunt
4178 2175 4478 2242 scelerati
4553 2175 4661 2259 qui

2726 2267 2957 2340 sponte
2992 2267 3317 2326 cessantes
3352 2282 3392 2326 a
3423 2269 3561 2325 tam
3597 2262 3703 2344 pie
3739 2281 3932 2345 opere
3967 2270 4263 2339 avocant,
4300 2260 4417 2327 sed
4442 2282 4660 2344 quam-

2728 2348 2828 2410 vis
2884 2345 3008 2411 hac
3074 2345 3185 2410 via
3251 2356 3318 2410 et
3393 2347 3538 2410 aliis
3594 2346 3880 2413 ecclesiis
3943 2346 4168 2413 obesse
4246 2345 4657 2414 contendant.

2726 2430 2863 2495 Vix
2918 2432 3094 2495 enim
3152 2430 3375 2497 credat
3429 2431 3664 2515 aliquis
3718 2432 3876 2516 quid
3932 2439 4186 2498 tentent
4239 2433 4290 2497 ii
4345 2433 4461 2516 qui
4515 2437 4662 2497 sunt

2728 2515 2901 2580 soliti
2967 2538 3222 2599 semper
3298 2518 3369 2581 in
3434 2518 3683 2583 cellulis
3746 2517 3989 2602 aliquid
4052 2519 4424 2603 excogitare
4488 2516 4656 2581 mali.

2727 2602 2977 2666 Tamen
3020 2601 3327 2669 ecelesiae
3367 2603 3689 2686 incipiunt
3732 2604 3837 2670 hic
3880 2603 4118 2670 melius
4159 2604 4431 2669 fermari
4473 2609 4540 2669 6ι
4580 2600 4659 2667 ad

2724 2709 2952 2772 preces
2994 2688 3257 2755 videtur
3310 2690 3656 2774 propensio
3706 2690 3932 2757 maior.
4033 2689 4418 2756 Gaudemus
4461 2687 4658 2772 pluri-

2727 2794 2913 2839 mum
2967 2774 3252 2840 secunde
3321 2796 3517 2841 cursu
3576 2777 3795 2841 omnia
3848 2776 4000 2841 istie
4056 2775 4140 2840 ad
4202 2776 4663 2858 perfectionem

2726 2860 3049 2945 progredi.
3115 2860 3187 2926 Is
3225 2862 3342 3010 gui
3375 2861 3446 2926 in
3487 2860 3673 2928 vebis
3706 2861 3921 2945 eoepit
3953 2882 4145 2927 suum
4179 2860 4477 2928 absolvat
4507 2880 4662 2942 opus

2726 2954 2793 3009 et
2817 2967 2932 3012 ves
2968 2953 3192 3012 servet
3271 2949 3338 3011 iu
3376 2947 3451 3011 in
3483 2946 3777 3012 emnium
3810 2946 4343 3029 wdifioationem,
4412 2944 4661 3022 Valete,

2727 3039 2795 3095 et
2838 3051 3038 3113 quem
3082 3052 3196 3097 coe
3242 3031 3386 3097 istis
3439 3031 3692 3115 pridem
3736 3034 3907 3099 tueri
3950 3040 4088 3097 tam
4131 3032 4338 3098 amice
4384 3030 4666 3115 amplexi

3251 3125 3318 3181 et
3359 3118 3586 3183 facitis.
3655 3116 4078 3204 Symmystae
4121 3118 4306 3183 vobis
4350 3127 4420 3183 et
4463 3116 4662 3182 omni-

2770 3222 2847 3267 us
2904 3201 3185 3268 salutem
3229 3202 3457 3269 dieunt
3472 3253 3488 3281 ,
3546 3223 3741 3287 quam
3797 3214 3865 3268 et
3907 3203 4256 3288 Meyanaro
4271 3253 4287 3284 ,
4336 3202 4662 3280 Pollicem,

2731 3287 3069 3354 Guazthero
3133 3296 3200 3354 et
3254 3289 3557 3354 omnibus
3606 3288 3877 3372 reliquis
3932 3310 4019 3354 ex
4066 3289 4285 3355 anime
4348 3297 4662 3373 optamus.

2724 3372 2862 3438 Vos
2906 3373 3259 3454 plurimum
3303 3374 3546 3440 salutat
3592 3373 3941 3441 &order-ius.

2894 3458 3066 3525 Heri
3122 3480 3243 3525 nos
3298 3480 3524 3525 omnes
3581 3478 3821 3544 magne
3879 3460 4116 3544 gaudie
4158 3459 4451 3544 perfudit
4492 3478 4663 3544 sym·

2723 3553 2944 3628 mysta
2986 3553 3210 3610 nester
3259 3545 3532 3611 Thomas
3547 3544 3604 3644 ⁴)
3655 3547 3767 3629 qui
3807 3566 3849 3611 a
3889 3546 4077 3613 vobis
4119 3544 4335 3625 rediit,
4383 3546 4664 3612 referens

2724 3650 2890 3713 quae
2929 3630 3079 3697 istie
3122 3630 3288 3701 vidit
3329 3642 3398 3695 et
3437 3630 3695 3696 audivit
3732 3630 3816 3697 de
3860 3646 4085 3698 sancte
4126 3630 4357 3698 ordine
4405 3650 4482 3698 ae
4520 3649 4663 3714 pre-

2722 3736 2954 3799 gressu
2997 3717 3068 3780 in
3113 3715 3349 3781 vestris
3394 3717 3637 3783 sanctis
3683 3718 3986 3784 coetibus.
4078 3716 4402 3801 Cepimus
4446 3734 4664 3782 omnes

2722 3811 2790 3865 et
2832 3802 3385 3884 perseverantiam
3430 3812 3497 3866 et
3534 3812 3966 3887 augmentum
4008 3803 4083 3868 in
4122 3803 4302 3868 omni
4341 3803 4547 3882 bono,
4600 3806 4664 3865 et

2725 3894 3008 3951 vestram
3051 3886 3263 3951 lucem
3302 3887 3396 3951 ita
3436 3886 3633 3953 faciat
3677 3910 3892 3954 coram
3938 3888 4237 3954 omnibus
4280 3887 4537 3967 lucere,
4593 3892 4663 3950 ut

2722 3992 2853 4036 nen
2896 3980 3156 4036 tantum
3214 3972 3543 4038 eelebrent
3597 3995 3835 4039 nomen
3880 3973 4149 4038 Domini
4191 3995 4427 4039 verum
4472 3972 4663 4038 etiam

2721 4057 3068 4122 imitentur
3100 4067 3166 4121 et
3209 4057 3293 4123 ad
3332 4059 3602 4123 meliora
3660 4067 4108 4143 provocentur.
4199 4056 4495 4124 Salutati
4535 4058 4659 4122 fra-

2721 4149 2855 4208 tres
2897 4143 3139 4207 iterum
3182 4152 3376 4228 atque
3409 4145 3649 4209 iterum
3686 4166 3803 4210 vos
3845 4145 4209 4210 resalutant
4251 4152 4317 4208 et
4358 4143 4431 4211 id
4475 4161 4662 4227 quam

2720 4228 3201 4294 officiosissime.
3304 4230 3534 4295 Valete
3605 4252 3799 4314 quam
3865 4232 4121 4314 optime.
4231 4230 4546 4296 Neecomi
4604 4232 4657 4291 5.

2720 4312 3126 4397 Septembris
3176 4318 3355 4380 1543.

3746 4455 3986 4520 Vester
4027 4462 4205 4521 tetus
4246 4451 4571 4521 Farellus.

2926 4673 2983 4740 4)
3018 4675 3387 4731 Bar-barinus.
