5050 6167
619 414 739 477 159

613 620 814 666 coeur
856 607 923 665 et
966 596 1315 664 deffection
1358 596 1419 661 ie
1462 597 1599 662 suis
1642 596 1973 662 tousiours
2029 594 2351 662 oonioinct
2405 613 2567 659 avec

614 706 799 765 vous,
844 696 911 750 et
956 704 1183 767 espere
1227 681 1307 748 de
1350 683 1579 748 iamais
1611 704 1697 748 ne
1731 702 1815 747 en
1849 688 2024 747 estre
2056 700 2285 764 separe
2319 677 2566 743 davan-

614 780 783 855 tage.
888 770 965 835 Ie
1007 790 1175 835 vous
1218 768 1359 852 prie
1404 768 1484 834 de
1528 767 1790 834 adviser
1830 775 1983 833 tous
2026 766 2124 832 les
2167 786 2274 830 mo
2321 784 2441 829 ens
2486 763 2568 829 de

615 856 767 922 bien
812 855 1176 922 constituor
1219 865 1439 921 vostre
1483 853 1686 938 eglise
1744 854 1877 919 afin
1935 852 2150 936 quelle
2208 859 2334 916 soit
2386 850 2567 935 regie

613 942 794 1008 selon
858 940 1077 1007 lordre
1142 940 1223 1006 de
1284 949 1511 1007 nostre
1566 939 1894 1024 seigneur.
2000 938 2185 1004 Nous
2256 957 2568 1020 esperons

612 1027 912 1113 pardeca,
972 1048 1013 1092 a
1075 1048 1149 1093 ce
1215 1047 1341 1109 que
1405 1048 1569 1090 nous
1634 1045 1842 1091 avons
1906 1023 2214 1101 entendu,
2280 1043 2408 1106 que
2471 1022 2567 1088 les

613 1112 1091 1180 controversies
1124 1133 1249 1196 que
1283 1132 1448 1177 vous
1483 1131 1638 1177 avez
1677 1130 1834 1176 avec
1858 1110 2098 1176 Messio
2106 1130 2216 1174 urs
2239 1108 2320 1174 de
2345 1108 2568 1174 Berne

612 1210 839 1265 seront
881 1220 966 1264 en
1009 1198 1185 1264 brief
1219 1197 1579 1281 appaisees‚
1627 1196 1788 1262 dont
1832 1218 1998 1262 nous
2042 1194 2327 1261 rendons
2371 1213 2567 1278 grace

614 1306 655 1351 a
699 1285 893 1365 Dieu,
937 1284 1408 1369 congnoissant
1448 1283 1587 1366 quil
1629 1305 1677 1347 6
1776 1304 1817 1348 6
1859 1282 2001 1347 rien
2060 1302 2146 1347 66
2199 1301 2273 1346 66
2326 1279 2567 1345 monde

615 1372 727 1456 qui
794 1391 957 1437 vous
1023 1370 1149 1435 soit
1211 1369 1361 1452 plus
1412 1368 1673 1452 proffita
1716 1369 1777 1433 le
1841 1389 1968 1452 qne
2032 1365 2437 1433 dentretenir
2500 1365 2568 1431 la

614 1455 834 1522 bonne
877 1457 1124 1540 amytie
1167 1475 1296 1540 que
1339 1454 1514 1520 Dieu
1557 1476 1597 1520 a
1643 1453 1936 1518 ordonne
1979 1460 2166 1520 entre
2208 1472 2389 1518 vous.

787 1541 1048 1621 Nobles,
1084 1542 1387 1625 puissans
1422 1549 1491 1605 et
1518 1538 1956 1605 honnorables
1978 1539 2338 1624 seigneurs,
2374 1558 2567 1621 apres

616 1636 860 1693 mestre
925 1625 1380 1694 humblement
1442 1623 1895 1692 recommande
1967 1647 2007 1690 a
2068 1635 2285 1691 vostre
2348 1624 2568 1690 bonne

616 1733 829 1798 grace,
889 1713 949 1778 ie
993 1713 1132 1796 prie
1175 1720 1395 1778 nostre
1453 1712 1582 1778 bon
1625 1712 1800 1778 Dieu
1852 1710 1934 1776 de
1989 1733 2153 1777 vous
2207 1710 2568 1775 entretenir

612 1799 1122 1883 premierement
1163 1820 1245 1863 66
1288 1798 1711 1883 lobeyssanoe
1765 1796 1846 1863 de
1890 1818 1966 1863 sa
2022 1798 2269 1863 saincte
2326 1795 2565 1878 parole,

615 1893 682 1950 et
736 1906 897 1950 vous
951 1884 1299 1949 confirmer
1352 1883 1433 1949 de
1486 1883 1635 1966 plus
1694 1904 1777 1948 en
1835 1881 1985 1965 plus
2039 1905 2120 1948 en
2178 1903 2297 1947 son
2363 1881 2569 1964 esprit

698 1991 783 2034 nr
823 1992 987 2036 vous
1036 1969 1280 2054 diriger
1314 1991 1399 2034 en
1433 1992 1636 2054 vraye
1671 1968 2001 2055 prudence
2037 1976 2102 2035 et
2135 1967 2367 2034 iustice
2401 1988 2570 2050 pour

660 2056 770 2121 ien
811 2077 1185 2141 gouverner
1225 2063 1446 2122 vostre
1490 2055 1662 2136 ville,
1722 2076 1886 2122 vous
1928 2054 2172 2121 faisant
2224 2073 2569 2137 prosperer

615 2163 703 2207 66
781 2150 925 2208 tout
1002 2140 1169 2207 bien.
1289 2140 1395 2207 De
1465 2138 1871 2226 Strasbourg
1927 2162 2001 2207 66
2058 2139 2418 2205 1111166111111ιὶ
2486 2137 2568 2203 de

614 2226 900 2294 febvrier
941 2228 1055 2293 mil
1102 2228 1255 2313 cinq
1298 2249 1452 2294 oens
1487 2236 1807 2312 quaranta
1851 2235 1919 2292 et
1960 2247 2118 2327 ung.

786 2313 1032 2381 Vostre
1058 2315 1117 2398 ²)
1161 2313 1431 2380 humble
1474 2314 1797 2380 serviteur
1839 2320 1907 2378 et
1948 2320 2161 2378 entier
2202 2330 2375 2395 amy,

1882 2448 2091 2514 Iehan
2136 2447 2395 2515 Calvin.

1396 2712 1797 2719 Ἦ--

1512 2910 1663 2982 279.

736 3048 1237 3120 F'ARELLUS
1281 3048 1765 3117 MINIS'I'RIS
1804 3048 2447 3118 BIELENSIBUS.

794 3224 1165 3290 Praemisso
1196 3223 1491 3304 petitione
1523 3242 1645 3305 pro
1681 3241 1958 3303 paupere
2015 3221 2227 3304 aliquo
2282 3222 2573 3287 ministro

615 3312 800 3378 illius
840 3310 1103 3375 ditionis
1158 3309 1264 3374 cui
1305 3314 1377 3373 ut
1407 3307 1846 3391 prospiciatur
1886 3312 2081 3391 royat,
2141 3313 2304 3374 totus
2358 3313 2449 3374 est
2503 3309 2574 3373 in

613 3394 1104 3463 commendanda
1136 3394 1390 3461 eeclesia
1419 3394 1763 3459 Genevensi
1795 3397 1853 3457 d
1883 3394 2259 3460 restituendo
2286 3392 2572 3474 Calvino,

613 3483 719 3549 cui
760 3482 995 3566 neqotio
1034 3486 1106 3545 ut
1147 3480 1279 3563 ipsi
1323 3499 1564 3562 quoque
1615 3499 1866 3562 operam
1921 3479 2066 3544 dent
2117 3481 2576 3562 impensissime

617 3739 730 3805 (Ex
766 3737 1103 3819 autographo
1137 3735 1465 3818 3111161116.
1502 3735 1679 3790 Turio.
1697 3736 1851 3791 MSS.
1871 3736 1932 3790 11¹.
1955 3735 2025 3790 47
2062 3738 2192 3792 olim
2217 3738 2351 3791 XII.
2374 3738 2466 3819 fol.
2484 3736 2571 3791 46.

615 3807 952 3878 Apographa
999 3822 1245 3860 invenies
1290 3804 1422 3859 ibid.
1456 3802 1763 3940 golmgssl}
1798 3804 1868 3861 Π.
1904 3824 1956 3875 p.
1991 3806 2042 3872 3,
2080 3816 2138 3861 et
2172 3807 2317 3877 apud
2353 3807 2569 3861 Simler.

785 4062 974 4130 Fidis
1039 4063 1349 4130 ecclesiae
1413 4062 1743 4130 Bielensis
1799 4062 2165 4146 pastoribus
2220 4064 2456 4132 Iacobo
2504 4072 2573 4131 et

609 4151 812 4217 Petro
854 4148 1174 4216 fratribus
1217 4170 1414 4233 quam
1459 4149 1827 4215 carissimis.
1862 4150 1908 4229 ι)

2171 4287 2395 4355 Β16116.

783 4425 856 4492 S.
903 4425 1209 4491 Gratiam
1253 4434 1321 4490 et
1365 4418 1590 4509 pacem
1634 4445 1675 4488 a
1718 4424 1879 4489 Deo.
1956 4423 2340 4506 Robertuffl)
2385 4427 2569 4493 vobis

609 4513 773 4579 satis
819 4524 1032 4586 notus,
1078 4512 1189 4592 qui
1238 4510 1471 4576 maluit
1506 4510 1893 4576 tenuitatem
1932 4509 2385 4594 evangelicam
2418 4533 2569 4579 cru-

610 4619 883 4680 cemque
917 4596 1191 4660 Domini
1225 4596 1607 4679 amplexari,
1643 4616 1840 4678 quam
1876 4595 2051 4679 apud
2086 4618 2240 4663 suos
2275 4600 2570 4664 suaviter

612 4683 831 4768 ample
876 4703 953 4747 ac
996 4684 1184 4746 iuxta
1226 4702 1488 4749 carnem
1533 4681 1889 4747 honorifice
1931 4683 2173 4761 vivere,
2228 4703 2374 4748 cum
2434 4684 2569 4750 dis-

609 4769 886 4835 crimine
929 4777 1046 4832 aut
1088 4768 1265 4833 vitae
1320 4765 1716 4833 deserendae
1767 4780 1883 4832 aut
1926 4767 2352 4853 abnegandae
2396 4772 2569 4836 veri·

612 4856 768 4921 tatis
810 4858 995 4939 (nam
1040 4852 1323 4918 alterum
1377 4855 1643 4918 evenire
1686 4854 2024 4937 oportebat
2077 4856 2136 4919 si
2191 4854 2439 4921 diutius
2492 4857 2567 4921 in

817 5056 1485 5128 mmm-emera
1590 5098 1603 5111 .

650 5125 784 5187 m.
824 5128 879 5195 l)
913 5127 1118 5183 Iacobo
1164 5126 1334 5182 Warb
1367 5134 1419 5183 et
1499 5126 1891 5184 etroSaemofio
1919 5144 1964 5185 s.
1995 5128 2268 5185 ΒΜ
2290 5129 2563 5200 (Sin-lor.)

896 5197 1056 5265 prior
1088 5197 1209 5252 ecel.
1245 5198 1551 5253 Bielensem
1582 5196 1979 5264 rffmmavoeat
2012 5218 2066 5254 α.
2106 5198 2253 5254 1528.

816 5266 880 5329 2)
913 5265 1088 5322 Hunc
1121 5266 2565 5336 Smmmomouvetanooonfnmdit.

818 5332 913 5390 'il
1034 5337 1149 5348 ..
1286 5336 1573 5392 ι..ἥ.
1688 5337 2331 5410 “moqumfi
2467 5380 2481 5394 θ

2155 403 2684 472 EPIS'I'OLAE
2730 407 3066 471 278—281

4506 410 4629 472 160

2672 591 2896 659 Gallia
2936 592 3227 680 egisset.)
3326 592 3554 675 Quum
3606 596 3813 679 igitur
3867 604 4245 679 assumptus
4299 597 4500 661 fuerit
4553 596 4627 661 in

2672 678 2858 745 verbi
2898 679 3359 757 ministerium,
3415 702 3490 746 ac
3534 680 3876 767 designata
3916 682 4043 766 ipsi
4093 682 4297 747 fuerit
4352 682 4628 749 eceleffia

2669 764 2741 829 in
2785 786 2914 848 qua
2953 786 3087 831 non
3144 764 3489 832 infeliciter
3543 765 3756 846 docet,
3823 766 3973 847 vix,
4037 766 4193 834 licet
4245 768 4626 851 parcissime

2668 851 2870 929 vivat,
2894 857 3114 935 potest
3136 873 3206 917 se
3229 851 3422 917 alere.
3484 852 3754 919 Interea
3788 873 3996 932 rasus,
4039 855 4154 937 qui
4185 855 4372 937 prius
4407 854 4627 919 fuerat

2668 936 3008 1020 plebanus,
3059 945 3315 1022 partem
3360 939 3607 1005 otiosus
3649 950 3840 1004 vorat
3882 959 4108 1004 eorum
4151 960 4319 1023 quae
4375 940 4621 1021 pastori

2716 1021 3017 1087 endenda
3058 1025 3356 1103 veniunt,
3402 1032 3469 1089 et
3509 1037 3755 1108 quanto
3813 1044 3920 1091 res
3965 1030 4067 1090 est
4109 1027 4449 1110 angustior
4494 1024 4628 1091 Ro-

2669 1044 3890 1262 {ztasswssssbffflmffloe
3925 1110 4626 1280 6111116311

2672 1280 2850 1359 satis,
2895 1288 2962 1345 et
3002 1302 3232 1347 rursus
3274 1281 3523 1348 accedit
3563 1280 3812 1366 aliquid
3869 1303 3952 1347 ex
4005 1281 4304 1349 sodalitio
4357 1284 4628 1349 canoni·-

2670 1385 2914 1443 corum‚
2951 1367 3022 1430 16
3058 1388 3334 1449 quorum
3370 1367 3516 1434 albo
3539 1378 3684 1433 erat
3706 1366 3934 1434 Sancti
3956 1368 4274 1435 Hemerii.
4297 1370 4355 1445 ⁸)
4435 1367 4626 1450 Quae

2667 1473 2804 1518 non
2849 1450 3010 1517 adeo
3054 1454 3320 1518 fratrem
3366 1461 3726 1533 moverent,
3770 1454 3901 1519 nisi
3943 1462 4080 1518 tam
4115 1462 4332 1520 arctae
4365 1464 4432 1520 et
4470 1475 4625 1520 oon-

2670 1538 2841 1604 cisae
2884 1548 3104 1603 essent
3145 1560 3252 1604 res
3293 1538 3489 1618 domi,
3536 1550 3602 1605 et
3643 1541 3845 1604 miser
3885 1539 3998 1604 ille
4042 1560 4175 1605 non
4211 1548 4348 1605 tam
4380 1540 4628 1622 impius

2671 1630 2862 1703 esset,
2900 1645 3104 1707 quum
3132 1625 3358 1691 nullus
3390 1625 3479 1690 sit
3509 1626 3582 1691 16
3603 1625 4043 1692 concionibus.
4113 1625 4278 1691 Toto
4301 1625 4626 1710 siquidem

2674 1710 2930 1775 Roberti
2983 1717 3276 1793 tempore
3333 1712 3445 1778 vix
3503 1713 3718 1777 sexies
3779 1711 4083 1777 interfuit
4145 1712 4440 1779 concioni
4456 1763 4472 1789 ,
4539 1711 4626 1777 ad

2671 1816 2970 1861 mensam
3012 1796 3214 1862 semel
3259 1806 3514 1862 tantum
3561 1798 3850 1863 accessit.
3939 1798 4086 1881 Ego
4129 1796 4478 1882 aliquando
4520 1818 4625 1864 66-

2671 1880 2879 1960 cendi,
2925 1883 3086 1948 satis
3121 1884 3499 1966 frequentes
3522 1884 3684 1949 alios
3705 1882 4030 1960 videbam,
4074 1883 4262 1949 illum
4283 1904 4626 1968 nunqnam

2670 1966 2839 2033 vidi:
2893 1966 3009 2032 sed
3052 1989 3255 2052 quum
3301 1990 3434 2034 non
3477 1968 3704 2052 procul
3749 1968 3830 2034 ab
3874 1969 4015 2035 eius
4043 1967 4312 2035 aedibus
4332 1978 4627 2053 praeter-

2671 2053 2835 2119 irem
2882 2074 2958 2119 ac
3001 2056 3398 2120 cursitanter
3441 2077 3526 2121 ex
3569 2057 3705 2121 suis
3747 2075 4046 2140 rogarem
4094 2076 4215 2121 our
4256 2076 4389 2120 non
4418 2056 4627 2120 inter-

2674 2139 2951 2206 fuissent
2985 2159 3208 2206 sacrae
3243 2140 3554 2218 concioni,
3604 2149 3863 2224 praeter
3896 2160 4141 2207 sannas
4174 2140 4343 2206 nihil
4377 2142 4625 2224 excepi.

2672 2227 3103 2309 Interrogans
3168 2225 3414 2311 aliquot
3477 2228 3664 2294 cuius
3733 2235 3954 2293 essent
4035 2225 4255 2307 aedes,
4328 2226 4629 2293 intellexi

2672 2312 2936 2397 plebani
2952 2363 2968 2390 ,
3034 2312 3148 2395 qui
3204 2312 3377 2377 male
3441 2312 3713 2378 affectus
3776 2315 3848 2378 in
3913 2312 4331 2397 evangelium
4394 2334 4625 2378 omnes

2672 2397 2872 2464 habet
2914 2399 3194 2481 pessime
3238 2396 3413 2464 domi
3455 2399 3844 2481 compositos
3886 2406 3954 2463 et
3992 2398 4238 2465 alienos
4281 2419 4321 2464 a
4362 2399 4624 2483 pietate,
4665 2420 4669 2424 *

2675 2493 2750 2550 ut
2811 2485 3051 2550 ferunt.
3160 2482 3482 2549 Vestrum
3537 2505 3693 2568 ergo
3757 2485 3902 2565 erit,
3967 2485 4205 2551 iratres
4218 2535 4235 2564 ,
4298 2486 4627 2552 rationem

2674 2571 2957 2656 pastoris
3016 2566 3289 2649 habere,
3357 2590 3441 2634 ne
3505 2569 3700 2654 lupus
3763 2591 3843 2635 66
3904 2577 4095 2635 voret
4147 2591 4316 2654 quae
4378 2572 4628 2655 pastori

2677 2656 3015 2722 debentur.
3105 2653 3466 2740 Indignum
3509 2677 3666 2720 sane
3710 2665 3828 2731 est,
3874 2656 4061 2740 pium
4103 2665 4432 2739 pastorem
4476 2680 4625 2725 ver-

2677 2742 2834 2808 bum
2887 2762 3051 2824 pure
3103 2742 3614 2807 annunciantem
3667 2743 3934 2820 esurire,
4000 2749 4068 2807 et
4128 2742 4405 2825 impium
4470 2764 4625 2810 oon-

2675 2848 2935 2894 sumere
2976 2828 3046 2892 in
3087 2827 3221 2892 otio
3264 2846 3429 2909 quae
3475 2825 3799 2892 laboranti
3851 2825 4070 2894 debita
4124 2838 4299 2894 sunt.
4391 2830 4627 2914 Agetis

2677 2913 2853 3066 gpud
2893 2913 3076 3064 {3¹⁰²
3099 2921 3419 3065 segma]
3463 2921 3555 3064 ul‘
3579 2933 3859 3065 prodisua
3885 2912 4235 3064 prudentia
4252 2916 4626 2999 prospiciat.

2732 3021 2857 3065 666
2991 3020 3062 3064 66
3383 3021 3466 3066 66
3536 3021 3559 3064 1
3643 3021 3690 3064 6
3801 3021 3847 3064 6
3891 3022 3935 3066 6
3979 3021 4103 3066 6116
4138 3051 4152 3066 .

2848 3084 3170 3169 Superest
3231 3094 3305 3150 ut
3367 3021 3888 3152 volgisgindicen‘i
3944 3106 4108 3170 quae
4179 3086 4450 3167 Virum,
4475 3088 4628 3239 Nqui

2677 3172 2992 3238 Genevae
3037 3169 3181 3249 fuit,
3239 3170 3402 3236 mihi
3448 3171 3528 3238 de
3570 3172 3684 3237 illa
3725 3172 3999 3239 ecclesia
4039 3172 4391 3257 scripserit.
4541 3195 4630 3241 on

2677 3257 2848 3325 vidit
2888 3257 3149 3340 plebem
3189 3279 3488 3341 unquam
3532 3267 3669 3324 tam
3712 3258 4052 3325 ardentem
4098 3257 4184 3325 ad
4226 3258 4629 3326 audiendum

2676 3342 2969 3423 verbum,
3028 3364 3241 3428 neque
3285 3352 3421 3410 tam
3465 3343 3876 3428 frequentem
3918 3345 3992 3410 16
4030 3345 4466 3425 concionibus,
4511 3359 4630 3412 aut

2676 3451 2842 3514 quae
2879 3430 3094 3515 magis
3136 3430 3356 3513 cupiat
3396 3451 3481 3496 ex
3521 3432 3923 3514 praescripto
3965 3431 4153 3498 verbi
4194 3431 4438 3499 vivere.
4493 3432 4628 3497 Mi-

2676 3522 2910 3581 rantur
2951 3536 3178 3582 omnes
3220 3517 3615 3583 creationem
3669 3518 4174 3602 magistratuum
4231 3525 4416 3583 tanta
4467 3538 4628 3601 pace

2676 3622 2752 3669 ac
2818 3602 3160 3667 concordia
3216 3609 3580 3686 peractam,
3648 3602 3808 3668 adeo
3872 3611 3949 3669 ut
4008 3603 4123 3687 qui
4184 3603 4630 3670 interfuerunt

2674 3686 3054 3755 incredibile
3095 3689 3426 3754 affirment
3465 3689 3667 3755 etiam
3717 3689 3898 3773 ipsis,
3955 3689 4088 3754 nisi
4129 3696 4509 3772 praesentes
4551 3709 4628 3756 ae

2676 3774 2920 3840 oculati
2962 3784 3160 3841 testes
3201 3774 3497 3842 fuissent.
3586 3776 3799 3840 'Panto
3843 3774 4076 3841 ardore
4120 3783 4443 3859 expetunt
4487 3774 4631 3841 θαι-

2673 3861 2894 3925 vinum
2936 3870 3012 3925 ut
3054 3860 3216 3925 nihil
3260 3861 3491 3944 magis.
3582 3859 3862 3944 Scripsit
3913 3861 4164 3927 Viretus
4215 3870 4283 3926 et
4334 3861 4448 3926 alii
4491 3881 4626 3927 non

2674 3947 2893 4030 pauci:
2952 3958 3020 4011 at
3075 3946 3391 4013 hactenus
3430 3946 3599 4011 nihil
3655 3947 3960 4013 effectum
4015 3956 4132 4012 est.
4223 3949 4627 4031 Argentora-

2675 4042 2896 4098 tenses
2959 4053 3158 4116 quum
3227 4031 3491 4097 videant
3557 4031 3895 4099 ecclesiam
3949 4033 4246 4118 gallicam
4314 4032 4489 4116 apud
4553 4054 4626 4099 66

2673 4123 2916 4202 optime
2973 4118 3417 4201 compositam,
3476 4139 3550 4185 66
3606 4118 3790 4185 dotes
3843 4118 4069 4185 fratris
4117 4141 4249 4185 non
4296 4118 4623 4203 vulgares,

2673 4214 2810 4271 tam
2854 4206 2922 4269 in
2964 4204 3352 4271 lectionibus
3396 4224 3472 4269 ac
3514 4204 3658 4270 aliis
3706 4225 3871 4289 quae
3907 4204 4352 4289 Gymnasium
4387 4218 4626 4271 ornant

2672 4300 2739 4356 et
2782 4289 3091 4356 studiosis
3134 4289 3456 4356 bonarum
3498 4290 3840 4356 literarum
3884 4298 4160 4374 prosunt
4214 4290 4304 4373 (61
4359 4300 4625 4374 praeter

2673 4375 2835 4443 haec
2916 4375 3047 4440 alia
3124 4398 3258 4441 non
3328 4374 3587 4442 subsint
3647 4398 3814 4461 quae
3880 4375 4276 4442 Christianis
4342 4377 4625 4443 sinimus

2672 4460 3038 4540 iudicanda,
3080 4471 3158 4527 ut
3199 4484 3332 4528 non
3420 4472 3781 4530 raeteream
3826 4461 3998 4547 quod
4045 4460 4390 4544 Philippus
4432 4462 4626 4529 valde

2672 4547 3012 4615 contendit
3046 4556 3120 4613 ut
3154 4548 3266 4614 ille
3288 4569 3367 4632 pe
3415 4570 3520 4614 em
3543 4570 3673 4614 non
3694 4549 4037 4627 moveret),
4073 4568 4274 4631 quum
4310 4548 4627 4615 deberent

2670 4636 3044 4718 prospicere
3109 4634 3486 4701 Genevensi
3549 4632 3858 4701 ecclesiae
3923 4634 4116 4700 toties
4178 4636 4423 4718 rogati,
4487 4656 4628 4700 6611

2670 4729 2948 4804 possunt
2989 4720 3210 4787 induci
3252 4732 3329 4785 ut
3371 4721 3711 4785 remittant
3754 4742 3830 4786 ac
3873 4718 4152 4785 reddant
4197 4740 4389 4803 quem
4427 4721 4628 4787 debe-

2670 4818 2818 4871 rent
2883 4816 3250 4873 cessantem
3310 4806 3628 4873 conviciis
3693 4806 4042 4872 extrudere
4106 4805 4187 4872 ad
4255 4809 4420 4888 opus
4483 4818 4625 4873 tam

2669 4903 2970 4960 sanctum
3017 4914 3093 4959 66
3137 4902 3275 4957 tam
3320 4893 3778 4958 necessarium.
3883 4888 4108 4974 Quum
4162 4913 4454 4959 essemus
4509 4893 4626 4958 'ri-

2668 4979 2836 5063 guri,
2874 4978 3409 5046 commendantes
3438 4977 3742 5044 omnibus
3765 4978 4226 5046 Genevensem
4260 4979 4622 5059 ecclesiam,

2873 5200 3359 5265 msam-Inter.
3431 5200 4623 5271 Dameam-mmmm

2665 5270 4023 5340 aoedaioeroemam,aepoeummm··
4037 5270 4310 5342 empna-0·
4267 5270 4622 5329 ·mm·
4581 5273 4592 5284 ·
