5050 6167
641 374 774 440 669

639 561 825 641 tatis,
851 559 910 642 ²)
952 555 1069 625 sed
1109 556 1408 624 nondum
1451 576 1652 623 causa
1693 554 1918 621 audita
1959 561 2062 622 est
2106 573 2328 622 coram
2371 553 2606 619 iudice.

643 645 818 728 Quis
872 652 1096 710 autem
1152 644 1300 709 sons
1357 642 1555 708 huius
1615 641 1748 707 litis
1802 643 1907 720 sit,
1935 643 1994 718 ⁸)
2059 640 2286 724 paucis
2351 639 2604 722 accipe:

645 729 884 797 deinde
956 728 1116 813 quid
1179 729 1442 794 Bernae
1508 735 1729 793 actum
1807 729 1895 793 sit
1972 726 2215 792 audies.
2326 725 2606 790 Veteres

646 825 911 883 nostras
968 814 1270 899 querelas
1312 813 1395 878 de
1438 811 1945 879 scortationibus
1986 819 2054 877 et
2096 810 2437 877 adulteriis
2479 810 2605 874 im-

645 902 913 986 punitis,
979 922 1111 966 nou
1175 901 1456 985 ignoras.
1562 899 1973 981 conquestus
2038 918 2186 963 sum
2251 894 2604 980 aliquando

643 1008 767 1071 pro
810 993 1131 1071 suggestu
1172 985 1243 1051 in
1286 984 1554 1067 publica
1596 985 1918 1061 concione,
1964 981 2138 1065 quod
2181 989 2316 1046 tam
2361 981 2605 1065 leprosi

647 1080 872 1140 essent
914 1081 988 1137 ut
1021 1071 1185 1137 nihil
1225 1071 1549 1136 sentirent
1581 1091 1866 1153 prorsus,
1913 1066 2073 1134 adeo
2107 1077 2182 1132 ut
2217 1067 2605 1133 viderentur

646 1157 1078 1243 obstupuisse.
1169 1154 1385 1240 Saepe
1429 1156 1640 1221 multa
1685 1155 1820 1219 dixi
1871 1174 2116 1238 magna
2158 1153 2477 1231 libertate,
2536 1158 2604 1217 et

645 1247 947 1311 invectus
1011 1263 1155 1308 sum
1219 1242 1535 1308 acerrime
1599 1243 1670 1306 in
1732 1239 1993 1323 publica
2054 1240 2221 1306 vitia
2277 1248 2346 1303 et
2408 1258 2603 1303 omne

646 1330 988 1395 hominum
1032 1348 1261 1413 genus,
1306 1328 1552 1392 nemini
1596 1347 1890 1408 parcens.
1980 1327 2074 1390 At
2116 1345 2377 1407 semper
2418 1333 2605 1389 muta

645 1416 883 1480 omnia.
992 1415 1204 1479 Nemo
1270 1413 1434 1477 mihi
1498 1413 1776 1477 verbum
1852 1410 2127 1477 faciebat
2191 1411 2316 1475 etsi
2379 1410 2602 1475 animo

644 1503 1082 1584 ringerentur.
1190 1498 1341 1563 Non
1407 1497 1681 1563 deerant
1745 1498 1953 1563 aculei
2018 1497 2413 1573 acutissimi,
2487 1493 2605 1560 sed

643 1587 910 1665 frustra,
970 1583 1173 1650 donec
1226 1584 1494 1666 propius
1549 1582 1632 1648 ad
1676 1603 1819 1648 rem
1863 1590 2138 1648 ventum
2184 1590 2297 1646 est.
2390 1581 2602 1646 Cura-

645 1673 880 1741 vimus.
938 1671 1286 1736 autoritate
1328 1668 1718 1747 consistorii,
1779 1666 2018 1734 additis
2062 1668 2263 1733 etiam
2307 1687 2458 1732 cum
2500 1687 2603 1731 se-

644 1757 983 1822 natoribus
1038 1755 1589 1820 consistorialibus
1646 1754 1891 1820 civium
1948 1753 2267 1837 magistro
2312 1760 2379 1816 et
2423 1773 2458 1817 e
2501 1773 2604 1817 se-

644 1842 904 1908 cretiori
949 1851 1182 1907 senatu
1225 1841 1624 1925 praecipuiS,
1685 1849 1901 1906 scorta
1959 1838 2089 1904 duo
2143 1840 2217 1903 in
2274 1859 2602 1904 carcerem

648 1927 1071 1993 detrudenda.
1143 1926 1449 1991 Alterum
1494 1924 1670 2008 quod
1711 1926 1845 1990 iam
1888 1926 1960 1989 in
2004 1925 2307 1990 exsilium
2353 1924 2602 2005 relega-

647 2021 787 2080 tum
832 2013 1065 2089 fuerat,
1109 2012 1393 2077 redierat
1438 2020 1657 2076 tamen
1703 2017 1773 2076 in
1812 2011 2060 2089 urbem,
2108 2017 2176 2075 et
2212 2010 2386 2074 domi
2429 2007 2603 2091 apud

642 2111 923 2163 matrem
981 2098 1334 2180 pristinum
1398 2097 1680 2180 lupanar
1738 2097 1951 2161 denuo
2012 2106 2337 2173 erexerat,
2405 2094 2602 2177 idque

643 2185 775 2249 iam
823 2193 978 2249 ante
1020 2204 1282 2248 menses
1328 2182 1592 2265 aliquot.
1683 2182 1765 2246 Id
1822 2203 1940 2247 nos
1985 2202 2117 2246 non
2160 2182 2425 2259 latebat,
2486 2179 2601 2243 sed

643 2290 837 2335 nemo
880 2269 1167 2334 curabat.
1256 2268 1564 2333 Alterum
1624 2267 1810 2333 nobis
1852 2276 2128 2332 venerat
2170 2269 2241 2330 in
2286 2266 2601 2348 suspicio-

643 2375 793 2421 nem
854 2354 1047 2419 malis
1104 2354 1355 2418 artibus
1411 2355 1738 2437 procurati
1797 2354 2089 2419 abortus:
2151 2373 2273 2417 neo
2330 2351 2604 2416 deerant

641 2441 1055 2506 coniecturae
1122 2447 1190 2504 et
1253 2448 1661 2523 argumenta.
1765 2439 1940 2504 Nam
2002 2439 2077 2503 in
2141 2438 2600 2505 consistorium

645 2534 872 2592 vocata
914 2525 1089 2607 lupa,
1151 2525 1278 2591 etsi
1311 2535 1551 2595 venter
1603 2522 1794 2590 valde
1846 2525 2286 2599 intumuisset,
2344 2543 2418 2588 ac
2462 2544 2599 2586 om-

644 2612 824 2676 nium
869 2610 1108 2676 iudicio
1145 2608 1418 2694 gravida
1454 2620 1845 2687 censeretur,
1892 2610 2163 2693 negavit
2208 2615 2432 2673 tamen
2472 2608 2599 2671 im-

641 2695 1116 2779 pudentissime
1182 2716 1252 2760 se
1320 2716 1460 2761 esse
1526 2695 1887 2779 gravidam.
1978 2692 2157 2775 Quid
2215 2694 2325 2759 hic
2390 2691 2596 2777 agas?

641 2783 1073 2865 Puerperium
1119 2781 1638 2864 exspectandum
1682 2789 1799 2846 cst.
1872 2779 2157 2846 Vetatur
2198 2780 2361 2845 urbe
2405 2800 2598 2844 exce-

641 2867 794 2932 dere
840 2875 958 2932 aut
1001 2867 1220 2949 aliquo
1276 2888 1346 2930 se
1390 2868 1680 2949 recipere
1738 2872 1892 2931 ante
1934 2874 2194 2948 tempus
2234 2865 2599 2948 praeserip-

641 2964 798 3018 tum.
886 2953 1367 3035 Exspectamus
1411 2959 1687 3034 tempus.
1775 2951 2027 3018 Uterus
2082 2958 2354 3034 apparet
2411 2949 2598 3015 detu-

639 3038 883 3107 muisse
928 3038 1315 3103 certissimis
1358 3038 1553 3115 notis,
1599 3046 1666 3102 et
1706 3036 1901 3120 longe
1947 3037 2115 3102 alius
2151 3057 2346 3119 quam
2390 3036 2594 3119 prius.

639 3122 744 3189 De
835 3145 992 3188 uero
1037 3122 1204 3187 nihil
1266 3122 1507 3188 rescire
1562 3142 1937 3204 possumus,
1998 3121 2204 3188 donec
2258 3121 2596 3205 insperato

638 3230 763 3291 quo
812 3230 920 3273 am
984 3207 1300 3273 miraculo
1363 3207 1437 3272 in
1503 3227 1695 3273 aures
1760 3215 2017 3274 nostras
2081 3209 2382 3291 pervenit
2438 3206 2595 3290 quid

637 3294 997 3374 accidisset,
1056 3294 1251 3376 idque
1295 3313 1520 3357 eorum
1564 3293 1804 3359 nuncio
1848 3294 1959 3376 qui
2009 3294 2078 3357 in
2123 3294 2354 3359 castris
2395 3292 2598 3376 regiis

638 3380 1027 3445 audiverant
1084 3380 1165 3443 ab
1222 3378 1304 3442 iis
1361 3378 1473 3461 qui
1530 3397 1683 3442 cum
1747 3379 1977 3445 scortis
2041 3378 2172 3444 illis
2232 3379 2598 3445 habuerant

637 3465 1044 3542 commercia,
1112 3463 1348 3546 quibus
1404 3463 1743 3546 explorata
1799 3471 1988 3529 erant
2042 3464 2281 3543 omnia,
2347 3464 2595 3547 quique

637 3551 719 3616 ob
755 3550 1093 3634 praeclara
1128 3569 1249 3613 sua
1287 3549 1578 3614 facinora
1612 3570 1746 3614 non
1781 3547 2024 3615 audent
2057 3551 2291 3616 urbem
2324 3550 2589 3616 intrare.

637 3636 843 3701 Vides
892 3642 968 3701 ut
1012 3634 1255 3701 veritas
1298 3632 1503 3699 latere
1545 3655 1679 3699 non
1724 3637 1943 3718 possit.
2029 3637 2360 3702 Audimus
2404 3635 2594 3700 abor-

636 3722 821 3787 tiisse
879 3726 1028 3805 post
1081 3718 1389 3784 balneum
1448 3728 1753 3800 scortum,
1811 3730 1893 3800 ct,
1952 3729 2029 3786 ut
2070 3721 2430 3787 verisimile
2473 3728 2593 3798 est,

636 3806 867 3890 balneo
909 3812 1337 3889 procuratum
1373 3803 1691 3873 abortum.
1763 3807 1945 3872 Puer
1982 3807 2255 3873 vivusne
2292 3826 2376 3871 an
2418 3814 2594 3871 totus

637 3900 936 3957 mortuus
980 3891 1195 3956 editus
1239 3891 1325 3955 sit
1367 3891 1439 3955 in
1480 3892 1714 3971 lucem,
1758 3913 1894 3957 non
1929 3894 2090 3959 satis
2124 3899 2398 3959 constat.
2472 3891 2596 3957 Se-

635 3977 896 4059 pultum
939 3983 1211 4041 constat.
1284 3976 1588 4042 Alterum
1633 3997 1888 4062 quoque
1931 3985 2221 4044 scortum
2265 3977 2596 4043 abortivos

633 4064 772 4127 fere
836 4082 1097 4144 semper
1154 4059 1448 4127 ediderat
1502 4084 1638 4128 non
1703 4065 1844 4130 sine
1910 4064 2139 4129 eadem
2204 4064 2594 4147 suspicione.

640 4147 846 4212 Anxii
887 4167 1115 4213 sumus
1168 4146 1324 4229 quid
1381 4148 1468 4213 sit
1519 4148 1865 4234 agendum.
1956 4148 2033 4216 Si
2079 4171 2217 4215 rem
2265 4150 2598 4232 aperimus

639 4233 758 4298 toti
804 4233 1083 4310 senatui,
1143 4233 1499 4299 metuimus
1542 4256 1626 4300 ne
1668 4236 1856 4301 nobis
1901 4234 2152 4301 accidat
2194 4233 2367 4317 quod
2411 4234 2593 4298 alias.

637 4319 814 4383 Nam
873 4317 1030 4383 dum
1095 4319 1436 4400 querimur
1491 4319 1574 4385 de
1638 4322 1871 4386 scortis
1932 4328 1998 4385 et
2061 4319 2425 4385 indicamus
2483 4317 2599 4383 ubi

638 4412 813 4483 sunt,
869 4413 1279 4487 quaeruntur
1317 4403 1603 4489 quidem,
1662 4414 1727 4471 et
1780 4407 1859 4472 iis
1902 4406 2236 4470 interdum
2279 4406 2404 4470 hoc
2447 4426 2595 4469 mu·

636 4510 764 4554 nus
815 4490 1252 4556 committitur
1308 4490 1423 4574 qui
1485 4491 1706 4556 fovere
1764 4491 2137 4557 creduntur.
2228 4493 2449 4574 Atque
2501 4491 2599 4555 ita

635 4577 715 4640 fit
769 4580 847 4640 ut
899 4596 1031 4640 non
1086 4576 1516 4642 inveniantur
1569 4577 1883 4660 quaesita,
1950 4599 1991 4642 a
2049 4577 2244 4661 genio
2287 4577 2596 4659 quopiam

633 4660 818 4744 prius
861 4661 1131 4726 monita.
1219 4661 1368 4727 Non
1413 4662 1588 4726 enim
1631 4670 2039 4745 quaeruntur
2080 4663 2210 4728 nisi
2253 4661 2367 4726 ubi
2410 4663 2595 4727 inve—

635 4747 766 4813 niri
807 4768 945 4812 non
987 4755 1283 4831 possunt,
1340 4753 1411 4812 et
1464 4748 1848 4832 priusquam
1889 4748 2083 4816 liceat
2124 4768 2400 4813 manum
2441 4747 2596 4813 inii-

841 5070 2597 5142 mintereonsistoriumetmaqimatmneivaemdeime

637 5140 997 5209 cognoscendi
1029 5146 1081 5194 et
1109 5140 1386 5208 puniendi
1418 5140 1660 5208 obortae,
1697 5141 1870 5212 deque
1887 5142 2273 5197 mandato-orum
2305 5142 2597 5197 conatibus

635 5209 957 5264 severiorem
972 5225 1186 5264 morum
1203 5209 1560 5279 disciplinam
1576 5211 1881 5266 exercendi.
1944 5211 2072 5281 Qua
2103 5211 2327 5266 tandem
2347 5209 2597 5278 effectum

635 5283 718 5331 eni
749 5282 816 5332 ut
847 5294 903 5333 a.
941 5277 1078 5333 1559
1110 5277 1336 5334 Vinus
1366 5278 1748 5334 dimitteretur.
2034 5291 2042 5299 ·

2299 362 2831 433 EPISTOLAE
2874 366 2997 429 525

4530 363 4646 428 660

2710 573 2858 618 cere
2913 550 3145 617 multis
3202 570 3366 635 opus
3421 556 3525 616 est
3581 548 4024 627 eaeremoniis,
4083 553 4164 612 ut
4216 553 4520 614 caveatur
4568 571 4648 616 ne

2709 660 2871 722 quas
2913 643 3154 704 vocant
3195 635 3377 702 urbis
3433 634 3766 701 libertates
3809 642 3877 700 et
3928 632 4276 717 privilegia
4317 633 4647 702 violentur.

2708 725 3071 808 Postquam
3118 730 3340 788 autem
3382 721 3632 787 frustra
3672 720 3967 804 quaesita
4000 740 4133 784 non
4177 726 4334 783 sunt
4375 719 4650 800 inventa,

2708 810 2903 893 culpa
2960 809 3174 874 omnis
3232 807 3526 873 relicitur
3577 808 3647 871 in
3693 806 4047 885 ministros,
4106 806 4216 886 qui
4272 802 4354 869 ad
4407 803 4649 871 levissi-

2706 916 2889 960 mum
2936 914 3259 978 quemque
3302 913 3636 958 rumorem
3695 892 3882 957 facile
3925 889 4413 956 tumultuantur
4453 898 4519 956 et
4555 892 4651 956 in-

2706 981 3123 1047 candescunt.
3213 979 3610 1045 Curavimus
3665 978 3887 1061 itaque
3942 976 4254 1043 secretius
4309 976 4434 1042 hoc
4489 984 4649 1044 trac·

2705 1068 2834 1132 tari
2894 1066 3263 1150 negotium,
3323 1062 3495 1147 quod
3551 1064 4034 1147 suspicaremur
4090 1061 4308 1143 aliqua
4351 1084 4431 1128 ex
4474 1072 4654 1145 parte

2705 1174 2846 1217 rem
2887 1152 3218 1234 pertinere
3263 1150 3345 1215 ad
3398 1148 3714 1232 quosdam
3756 1150 3888 1231 qui,
3944 1148 4000 1213 si
4059 1146 4372 1220 audirent
4416 1149 4536 1213 hac
4577 1148 4654 1214 de

2703 1260 2775 1304 re
2820 1235 3186 1317 deliberari,
3241 1236 3407 1301 forte
3451 1257 3490 1301 a
3532 1235 3859 1302 consuetis
3900 1235 4153 1301 artibus
4207 1255 4338 1300 non
4383 1235 4658 1304 destitis-

2707 1332 2870 1389 sent.
2979 1323 3244 1389 Placuit
3309 1343 3465 1406 ergo
3529 1322 3910 1387 consistorio
3976 1341 4119 1386 rem
4185 1322 4361 1386 intra
4426 1344 4656 1405 paucos

2709 1409 3046 1487 contineri,
3093 1415 3168 1473 ut
3214 1408 3395 1491 prius
3438 1406 3593 1472 dixi.
3668 1407 3924 1471 Horum
3959 1407 4247 1485 consilio,
4291 1408 4470 1473 inter
4504 1428 4656 1492 quos

2707 1516 2839 1560 non
2885 1494 3237 1559 defuerunt
3279 1493 3525 1577 aliquot
3567 1493 3815 1557 cordati
3857 1493 4005 1571 viri,
4046 1493 4262 1559 iussus
4307 1501 4409 1559 cst
4453 1496 4658 1561 viator

2706 1581 2965 1664 ingredi
3013 1589 3373 1645 scortorum
3421 1576 3630 1656 aedes,
3691 1587 3758 1644 et
3811 1578 3883 1642 in
3927 1579 4292 1645 consistorii
4335 1600 4658 1646 carcerem

2708 1668 2996 1749 primum
3041 1664 3315 1742 detrudi,
3374 1675 3719 1748 praetextu
3775 1664 4185 1729 scortationis
4228 1672 4295 1729 et
4337 1664 4657 1743 adulterii,

2706 1774 2985 1835 quorum
3025 1751 3322 1818 convicta
3346 1753 3405 1833 ⁴)
3464 1750 3624 1815 satis
3667 1752 4021 1816 constabat.
4108 1749 4368 1816 Deinde
4409 1752 4465 1815 si
4507 1751 4659 1834 quid

2709 1846 2879 1903 esset
2941 1836 3119 1907 aliud
3197 1836 3662 1921 inquirendum
3726 1837 4148 1919 magistratus
4213 1838 4432 1902 civilis
4510 1857 4661 1903 suas

2707 1934 2927 2006 partes
2985 1930 3231 2007 ageret.
3320 1920 3435 1988 Sic
3489 1942 3595 1986 res
3655 1924 4008 2005 peragitur.
4097 1922 4229 1988 Ubi
4288 1923 4400 1989 hic
4443 1944 4662 1989 rumor

2707 2008 3012 2092 pervenit
3055 2008 3370 2078 adaures
3427 2016 3858 2073 scortatorum
3903 2015 3969 2072 et
4012 2007 4460 2074 adulterorum
4507 2030 4662 2091 quo-

2706 2094 3006 2172 rundam,
3074 2093 3248 2158 dictu
3306 2094 3553 2158 mirum
3617 2114 3779 2176 quas
3843 2094 4162 2176 querelas,
4229 2114 4392 2177 quas
4452 2097 4663 2160 minas

2706 2180 3086 2245 audivisses.
3167 2177 3560 2259 Queruntur
3601 2179 3844 2244 violata
3887 2179 4170 2245 civitatis
4211 2179 4376 2245 iura.
4462 2179 4665 2246 Sodae

2706 2266 2860 2331 litas
2918 2285 3113 2346 quam
3172 2277 3415 2328 vocant
3457 2265 3803 2343 abbatiam,
3860 2285 4027 2348 quae
4070 2287 4141 2330 se
4187 2265 4423 2350 dignos
4470 2265 4665 2331 habet

2706 2351 3073 2427 monachos,
3113 2351 3360 2417 scilieet
3393 2350 3802 2416 iuventutem
3840 2360 3906 2414 et
3940 2353 4325 2434 praesertim
4357 2353 4477 2434 qui
4512 2359 4668 2418 sunt

2705 2436 3182 2514 insolentiores,
3242 2444 3657 2502 convocatur.
3684 2435 3742 2520 ὅ)
3829 2437 4104 2502 Iubetur
4161 2438 4445 2520 populus
4511 2458 4666 2504 con·

2705 2523 2932 2589 venire
2977 2521 3061 2586 ad
3104 2522 3451 2589 concilium
3497 2524 3879 2587 maximum.
3970 2523 4303 2601 Pulsatur,
4350 2523 4667 2589 conveni-

2705 2617 2829 2673 tur.
2923 2607 3227 2686 Goniicis,
3286 2609 3534 2690 opinor,
3588 2609 3822 2691 quibus
3867 2610 4272 2693 argumentis
4315 2611 4432 2692 qui
4480 2630 4668 2692 prae·

2704 2693 2881 2777 cipui
2949 2704 3139 2759 erant
3213 2693 3473 2758 fabulae
3538 2704 3789 2760 actores
3866 2693 4122 2776 plebem
4201 2695 4670 2760 dementarent

2706 2786 3049 2864 praetextu
3104 2780 3504 2846 libertatum.
3594 2780 3744 2845 Non
3803 2786 4160 2863 potuerunt
4216 2789 4444 2846 tamon
4500 2802 4670 2847 asse-

2704 2868 2816 2948 qui
2872 2864 3043 2949 quod
3099 2866 3448 2948 cupiebant
3502 2866 3616 2930 sed
3675 2865 3826 2950 plus
3882 2874 4037 2931 sunt
4089 2868 4428 2950 assequuti
4471 2886 4670 2949 quam

2701 2951 3076 3034 oportuerit.
3165 2951 3483 3016 Liberata
3545 2961 3701 3018 sunt
3764 2959 3996 3016 scorta.
4086 2952 4430 3031 Alterum,
4500 2950 4672 3036 quod

2700 3038 2883 3120 prius
2945 3036 3392 3114 exsulaverat,
3457 3045 3771 3101 renovato
3830 3037 4060 3103 exsilio
4116 3039 4504 3123 ablegatum
4549 3044 4667 3102 est.

2701 3123 3007 3188 Alterum
3070 3121 3242 3187 domi
3297 3129 3416 3188 est.
3517 3123 3883 3205 Postquam
3942 3123 4107 3190 haec
4173 3135 4319 3189 aeta
4381 3124 4673 3189 fuissent

2701 3229 2820 3291 ego
2885 3207 3085 3292 probe
3138 3228 3387 3292 gnarus
3444 3209 3738 3273 omnium
3797 3208 4120 3275 dominico
4176 3209 4281 3274 die
4338 3210 4669 3293 proximo,

2698 3315 2904 3378 quum
2947 3314 3017 3358 se
3060 3303 3430 3377 opportuna
3484 3294 3750 3360 offerret
3805 3296 4086 3373 occasio,
4147 3296 4324 3361 inter
4377 3295 4514 3360 alia
4557 3292 4668 3358 de-

2700 3377 2922 3445 scendi
2989 3379 3061 3444 in
3127 3379 3251 3446 hoo
3329 3390 3814 3463 argumentum.
3924 3381 4297 3446 Pet-strinxi
4346 3382 4672 3446 acerrime

2699 3464 2898 3531 duces
2950 3464 3111 3530 ist-os
3167 3473 3235 3529 et
3288 3476 3549 3531 autores
3591 3466 3868 3530 istarum
3926 3466 4269 3532 turbarum
4312 3469 4433 3549 qui
4479 3486 4669 3549 prae·

2699 3558 2887 3616 textu
2933 3570 3201 3615 suarum
3236 3549 3782 3615 consuetudinum
3817 3550 4069 3617 vellent
4106 3552 4299 3618 nobis
4338 3566 4568 3636 pestes
4601 3551 4670 3616 in

2697 3637 2859 3701 urbe
2902 3636 3140 3701 fovere.
3210 3633 3546 3701 Admonui
3588 3638 3904 3719 populum
3924 3650 4017 3702 .ut
4052 3637 4408 3721 diligenter
4454 3648 4669 3703 atten-

2699 3720 2885 3788 deret
2936 3742 3097 3805 quos
3154 3729 3553 3804 sequeretur.
3639 3723 3735 3788 Ut
3788 3724 4010 3805 paucis
4067 3723 4446 3804 absolvam,
4517 3723 4669 3789 talis

2696 3808 2823 3872 fuit
2879 3826 3027 3873 mea
3086 3807 3312 3886 oratio,
3384 3815 3460 3872 ut
3522 3808 3713 3873 bonis
3768 3807 4072 3875 omnibus
4136 3808 4407 3875 audiam
4472 3808 4670 3875 valde

3018 3964 3111 3971 *-

2906 4045 2963 4110 4)
3000 4044 3097 4098 εἰσ.

2906 4114 2964 4179 ὁ)
3000 4115 3046 4167 11
3080 4132 3118 4184 y
3154 4115 3303 4168 avoit
3336 4116 3404 4168 de
3439 4117 3640 4183 grands
3686 4115 3972 4170 desordres
4018 4116 4052 4169 a
4095 4118 4389 4171 Lausanne
4426 4158 4442 4172 .
4482 4162 4494 4172 .
4534 4160 4548 4172 .
4620 4117 4666 4170 ΙΙ

2700 4182 2779 4252 s'y
2816 4184 3007 4252 voyoit
3041 4192 3196 4236 entre
3231 4189 3415 4236 autres
3450 4200 3556 4236 une
3591 4185 3830 4254 abbaye,
3883 4201 4090 4238 comme
4125 4203 4195 4239 on
4233 4186 4495 4256 l’appelle
4531 4187 4667 4240 dana

2702 4268 2763 4305 cc
2800 4268 2953 4320 pays,
2987 4267 3032 4304 c.
3069 4251 3102 4303 a
3136 4252 3187 4304 d.
3224 4268 3329 4304 unc
3364 4252 3565 4306 sociate
3601 4253 3669 4306 dc
3696 4253 3889 4320 jeunes
3962 4270 4057 4306 ens
4096 4257 4186 4322 qui
4224 4254 4669 4310 s'assembloient

2703 4326 2761 4373 et
2794 4319 3047 4373 i'aisoient
3082 4321 3227 4373 leurs
3263 4322 3535 4374 exerciees
3581 4322 3867 4375 militaires
3953 4339 4056 4375 eux
4106 4325 4209 4376 fois
4257 4341 4365 4393 par
4413 4344 4487 4378 an
4537 4339 4668 4377 aveo

2701 4397 2883 4442 tontes
2919 4397 3096 4442 sortes
3130 4389 3501 4444 d’insolences.
3572 4389 3767 4444 O’e'toit
3810 4407 3883 4443 un
3928 4392 4193 4444 veritable
4238 4395 4524 4446 carnaval.
4594 4393 4667 4445 lla

2702 4457 2983 4511 couroient
3014 4464 3139 4510 tout
3184 4475 3286 4510 nus
3334 4475 3406 4512 ou
3452 4475 3565 4512 mas
3608 4460 3702 4513 nes
3748 4476 3848 4528 par
3896 4459 3949 4512 la
3996 4460 4125 4513 ville
4172 4461 4573 4529 representant
4616 4462 4667 4514 le

2701 4526 2824 4578 dieu
2850 4524 3080 4579 Bachus.
3139 4526 3217 4579 Ils
3236 4526 3549 4581 chantoient
3608 4544 3665 4581 es
3684 4528 4327 4598 chansonsimpudiques,
4374 4531 4669 4584 dansoient

2701 4611 2771 4648 en
2805 4594 2976 4647 rende
3013 4610 3079 4647 en
3115 4594 3296 4663 plaine
3320 4613 3432 4661 rue,
3468 4597 3730 4650 buvoient
3747 4604 3804 4649 et
3825 4598 4170 4661 ivrognoient
4194 4615 4265 4652 ou
4293 4600 4667 4668 repandoient

2700 4664 2751 4716 le
2798 4663 2905 4727 vin,
2954 4668 3012 4716 et
3056 4664 3090 4717 a
3131 4664 3184 4715 la
3229 4665 3303 4716 fin
3351 4665 3625 4719 brfiloient
3673 4666 3724 4719 le
3770 4674 4004 4719 tenne-au
4053 4667 4209 4735 qu'ils
4257 4669 4495 4723 avoient
4542 4665 4666 4722 vide

2702 4747 2835 4784 avec
2868 4748 2973 4784 une
3008 4731 3218 4785 infinite
3263 4728 3331 4786 de
3376 4734 3639 4802 singeries
3683 4742 3740 4787 et
3784 4735 4272 4804 d’extravagances.
4348 4739 4432 4791 Ils
4481 4736 4663 4808 prote'-

2698 4801 2920 4869 gcoient
2954 4807 3334 4854 ouvertement
3367 4802 3447 4855 les
3480 4803 3619 4856 filies
3655 4808 3711 4855 et
3746 4803 3826 4855 les
3859 4803 4081 4858 semmes
4130 4805 4198 4858 de
4242 4807 4536 4861 mauvaiee
4578 4806 4665 4859 vie

2701 4875 2758 4922 et
2818 4868 3001 4938 quand
3064 4885 3135 4923 on
3194 4886 3263 4923 en
3310 4872 3527 4925 mettoit
3573 4870 3894 4940 quelqu’une
3941 4890 4007 4927 en
4055 4875 4258 4942 prison,
4313 4876 4388 4929 ils
4437 4877 4667 4930 alloient

2701 4936 2805 4991 l'en
2840 4939 2977 4990 tirer
3012 4954 3114 5006 par
3146 4937 3293 4992 soree
3328 4956 3397 4992 on
3434 4940 3558 4993 bien
3598 4941 3749 4994 boire
3786 4948 3843 4995 et
3876 4958 3935 4994 se
3970 4942 4201 4996 divertit
4246 4960 4390 4998 avec
4441 4946 4551 4998 elle
4598 4961 4669 4998 en

2698 5007 2903 5076 prison.
2996 5004 3073 5059 lls
3119 5008 3511 5061 maltraitoient
3553 5008 3635 5062 les
3689 5009 3965 5064 ministres
4012 5011 4282 5081 lorsqu'ils
4332 5013 4668 5083 prechoient

2698 5082 2886 5130 contre
2922 5091 3027 5129 eux
3063 5082 3120 5129 et
3154 5076 3234 5130 les
3269 5078 3624 5145 menacoient.
3697 5079 3774 5132 Lo
3810 5079 4013 5133 eonseil
4041 5089 4099 5133 et
4132 5082 4184 5134 le
4219 5082 4561 5137 consistoire
4595 5082 4665 5136 de

2699 5145 2984 5198 Lausanne
3020 5146 3282 5214 voyoient
3314 5151 3437 5199 tous
3473 5162 3560 5200 ees
3595 5146 3882 5201 desordres
3922 5155 3980 5202 et
4011 5150 4121 5203 soit
4154 5166 4255 5218 par
4288 5152 4561 5205 mollesse
4594 5167 4664 5204 on

2698 5229 2799 5282 par
2833 5212 3041 5267 crainte
3077 5229 3146 5267 ou
3181 5230 3281 5282 par
3315 5214 3634 5269 conformite'
3669 5218 3738 5269 de
3774 5233 3989 5272 moeurs
4024 5218 4091 5271 ils
4139 5217 4260 5272 n'en
4309 5221 4669 5289 punissaient

2696 5283 2855 5351 point
2888 5282 2969 5335 les
3002 5288 3240 5337 auteurs.
3311 5279 3559 5350 (Rudini
3595 5284 3664 5339 V.
3699 5283 3845 5355 244.)
3882 5343 3885 5345 Α
