5050 6167
658 439 783 502 310

653 624 842 708 lupos
1001 642 1151 707 gem
1192 620 1585 706 disperdere.
1649 621 1825 686 Nam
1860 621 1930 687 in
1976 620 2099 687 hoc
2135 618 2258 686 toti
2290 626 2447 684 sunt
2480 618 2600 683 ali-

653 709 782 794 qui.
939 708 1050 773 uid
1092 707 1312 772 valeat
1363 707 1515 790 pius
1555 706 1834 790 collega,
1888 707 2047 772 satis
2102 703 2430 788 intelligo,
2490 703 2599 770 eui

652 794 941 861 adiuncti
983 801 1141 858 sunt
1182 792 1329 859 fuci.
1349 796 1410 878 ⁴)
1496 793 1644 858 Non
1687 792 2016 857 immerito
2074 791 2266 856 times
2320 810 2406 854 ne
2463 790 2598 873 pri-

652 881 830 947 veris
888 879 1096 946 Virdo
1138 899 1335 961 quem
1390 899 1591 943 unum
1636 876 1865 956 habes,
1921 877 2035 941 alii
2053 878 2113 953 ⁶)
2158 873 2469 958 quidquid
2516 924 2532 939 .
2579 924 2594 939 .

653 1014 919 1031 .....
964 984 1194 1046 rapere
1233 965 1306 1029 in
1346 962 1661 1029 invidiam
1717 960 2118 1039 adnituntur,
2175 969 2239 1026 et
2281 958 2596 1042 quidquid

650 1058 918 1118 strenue
958 1047 1371 1116 contenderis
1413 1048 1716 1115 manibus
1749 1058 1818 1113 et
1979 1047 2123 1113 ibus
2162 1044 2595 1128 dissipabunt,

651 1137 709 1202 si
752 1135 861 1201 vel
906 1134 1237 1200 tantillum
1274 1156 1353 1199 su
1400 1183 1726 1199 ......
1768 1130 1840 1220 [n
1876 1154 1913 1198 e
1947 1140 2177 1216 surgat
2216 1129 2592 1213 impedient.

652 1220 962 1290 Christus
1015 1220 1202 1285 Iesus
1252 1219 1367 1284 tibi
1426 1217 1597 1285 adsit
1654 1238 1773 1285 nec
1828 1220 2114 1302 patiatur
2166 1218 2236 1282 in
2291 1217 2418 1281 isto
2473 1235 2597 1281 suo

856 1305 1001 1371 bovi
1046 1305 1349 1388 coniungi
1391 1305 1667 1383 asinum,
1712 1301 2236 1387 quandoquidem
2279 1302 2440 1366 istas
2488 1320 2596 1365 co-

645 1392 838 1477 pulas
885 1388 1034 1478 [non
1074 1389 1234 1477 vult]
1257 1392 1312 1472 ⁶)
1347 1390 1693 1469 Dominus,
1738 1390 1910 1456 sient
1950 1410 2073 1455 nec
2107 1388 2288 1454 varia
2326 1386 2595 1464 semina,

647 1498 814 1561 quae
854 1497 1084 1542 vereor
1122 1476 1268 1542 istic
1310 1475 1459 1541 seri.
1546 1475 1922 1541 Premimur
1973 1474 2131 1539 hinc
2182 1471 2368 1551 inde,
2466 1470 2596 1536 uod

648 1583 773 1629 nos
831 1561 1022 1626 valde
1085 1580 1351 1626 movere
1408 1559 1601 1626 debet
1656 1559 1740 1625 ad
1796 1558 2086 1624 studiose
2150 1559 2431 1625 invocan
2478 1577 2594 1622 um

646 1647 1031 1715 Dominum.
1122 1644 1257 1727 Qui
1317 1652 1468 1711 tuas
1524 1644 1807 1712 reddidit
1863 1645 2089 1709 literas
2151 1644 2319 1709 forte
2382 1646 2594 1726 aptior

648 1741 821 1800 esset
842 1731 925 1798 ad
948 1731 1176 1797 ludum
1212 1731 1549 1797 literarum
1585 1751 1784 1815 quam
1819 1728 1902 1795 ad
1924 1729 2364 1794 ministerium
2385 1727 2589 1794 verbi.

654 1816 993 1884 Corderius
1036 1818 1255 1882 virum
1298 1817 1604 1882 Lutetiae
1659 1817 1858 1880 novit.
1948 1811 2445 1898 Dispiciendum
2489 1834 2592 1878 es-

645 1909 750 1971 set
805 1902 918 1969 ubi
976 1909 1194 1986 posset
1255 1901 1491 1967 melius
1547 1900 1832 1966 Domino
1896 1901 2162 1966 servire.
2271 1898 2403 1964 Hic
2459 1918 2592 1963 non

646 1987 912 2057 videtur
953 2008 1102 2071 spes
1146 1988 1380 2071 aliqua.
1445 1986 1866 2051 Retinuimus
1912 1984 2255 2065 casparem
2274 1986 2331 2069 ⁷)
2374 1984 2592 2048 hacte-

645 2094 795 2151 nus,
839 2093 1036 2157 quem
1076 2074 1444 2156 praefectus
1479 2079 1547 2136 et
1579 2092 1699 2137 nos
1734 2070 1969 2136 ludens
2012 2068 2250 2148 differt,
2296 2069 2457 2135 duas
2490 2089 2593 2134 se-

648 2156 764 2225 des
817 2179 935 2224 suo
988 2178 1289 2235 servans,
1349 2165 1424 2223 ut
1476 2159 1533 2223 si
1590 2178 1790 2222 unam
1848 2175 1985 2219 non
2026 2157 2264 2238 possit,
2320 2154 2594 2219 alteram

647 2243 787 2311 det:
832 2265 951 2309 nos
986 2242 1239 2308 interea
1278 2264 1513 2327 parum
1551 2243 1617 2306 in
1657 2263 1729 2307 re
1764 2248 1898 2307 tam
1935 2243 2105 2306 seria
2148 2240 2590 2324 prospicimus.

645 2328 843 2412 Quod
895 2328 1127 2396 scribis
1181 2328 1262 2392 de
1309 2326 1745 2408 christophoro
1801 2325 1992 2391 valde
2047 2326 2419 2409 probarem,
2476 2322 2592 2390 sed

646 2414 795 2482 vide
848 2435 1045 2498 quam
1104 2415 1191 2479 sit
1247 2414 1556 2480 ecelesiae
1607 2412 1868 2497 plagam
1931 2411 2235 2477 illaturus
2298 2410 2412 2499 quj
2468 2409 2592 2474 hoo

644 2500 889 2567 fecerit.
976 2499 1149 2564 Mire
1192 2520 1296 2564 me
1336 2506 1596 2581 torquet
1637 2498 1807 2582 quod
1851 2497 2062 2563 sentio
2102 2496 2443 2562 imminere
2486 2515 2591 2561 ec-

644 2586 888 2665 clesiis,
945 2593 1012 2650 et
1069 2592 1146 2650 ut
1199 2584 1420 2649 omnia
1473 2583 1687 2669 magis
1745 2583 1878 2647 sint
1919 2580 2234 2666 impedita
2276 2592 2342 2646 et
2384 2579 2592 2646 veluti

642 2672 839 2738 ruina
893 2672 1151 2735 ruinam
1210 2667 1526 2757 [excipiat.
1630 2668 1817 2733 Nune
1904 2667 2091 2734 adest
2136 2667 2506 2733 Zebedaeus.
2530 2666 2590 2749 ⁸)

644 2755 892 2824 Omnia
952 2763 1273 2821 conantur
1336 2752 1633 2821 nonnulli
1701 2761 1778 2819 ut
1830 2751 2249 2820 1ntroducant
2308 2752 2591 2834 aliquem

642 2845 756 2927 qui
801 2841 970 2907 nihil
1014 2862 1083 2906 se
1127 2842 1303 2925 ipsos
1345 2839 1662 2917 obscuret,
1707 2838 1823 2904 sed
1856 2839 1997 2903 vita
2038 2846 2107 2904 et
2146 2838 2434 2904 moribus
2475 2859 2591 2920 po-

639 2929 872 3013 pulum
916 2926 1086 2992 male
1130 2926 1211 2990 ad
1236 2925 1575 2992 Christum
1612 2925 1918 2990 affectum
1953 2923 2291 3007 pertrahat
2330 2924 2402 2988 in
2436 2944 2591 2989 eon-

641 3020 969 3098 temptum
1027 3012 1317 3097 pietatis,
1392 3018 1470 3077 ut
1523 3010 1767 3093 passim
1833 3009 2146 3075 videmus.
2248 3008 2589 3093 Siquidem

641 3100 884 3166 timent
924 3096 1051 3163 sibi
1091 3097 1379 3182 plurimi,
1423 3118 1508 3161 ne
1543 3097 1744 3162 nimis
1778 3115 1898 3161 nos
1932 3094 2212 3161 reddant
2246 3116 2404 3161 suae
2439 3093 2592 3160 fidei

641 3183 1043 3253 commissos.
1152 3181 1230 3249 Si
1293 3182 1478 3249 daret
1549 3181 1856 3248 Christus
1919 3188 1997 3246 ut
2058 3201 2097 3245 a
2143 3179 2234 3246 ud
2300 3188 2593 3264 pastores

639 3268 1017 3338 Beruenses
1035 3269 1093 3353 ⁹)
1136 3276 1393 3334 tantum
1449 3286 1569 3351 per
1610 3265 1975 3333 Dominum
2033 3289 2072 3333 v
2140 3287 2283 3332 eres
2324 3274 2401 3332 ut
2442 3266 2592 3332 dili-

640 3356 906 3442 gentius
969 3362 1037 3419 et
1098 3352 1461 3419 consultius
1522 3352 2007 3437 prospiceretur
2070 3351 2389 3432 ecelesiis,
2467 3373 2592 3419 nec

640 3446 903 3507 tantum
946 3446 1215 3523 possent
1258 3437 1508 3505 ventris
1548 3437 1874 3518 animalia,
1924 3458 2158 3504 verum
2201 3437 2394 3522 plene
2437 3458 2588 3521 eog-

638 3526 785 3594 nita
825 3546 976 3592 cnm
1019 3522 1323 3589 omnibus
1358 3524 1495 3589 suis
1533 3523 1790 3590 technis
1823 3524 1897 3588 in
1938 3521 2236 3589 ordinem
2279 3543 2588 3608 cogeren-

641 3617 782 3687 tur,
849 3613 1016 3676 foret
1074 3608 1199 3675 hoe
1253 3630 1290 3675 e
1350 3628 1423 3673 re
1479 3609 1803 3675 ecclesiae.
1901 3609 2131 3676 Placet
2184 3608 2374 3675 valde
2417 3607 2590 3693 quod

638 3697 933 3765 excitare
967 3692 1194 3761 studes
1214 3694 1536 3778 igniculos
1569 3704 1639 3760 et
1658 3693 1973 3760 scintillas
1994 3715 2190 3761 verae
2222 3694 2293 3760 in
2317 3692 2589 3761 Christo

641 3782 969 3849 amicitiae
1033 3801 1183 3845 cum
1246 3779 1397 3846 illis.
1501 3779 1712 3864 Cupio
1770 3778 1855 3845 ad
1908 3781 2268 3863 perfectum
2320 3779 2591 3864 perduci

638 3866 814 3952 quod
855 3872 1175 3950 coeptum.
1263 3865 1409 3950 Ego
1463 3865 1547 3931 ad
1594 3865 1950 3931 Sultterum
2003 3865 2265 3950 scripsi,
2322 3866 2437 3932 sed
2480 3885 2590 3931 me

635 3951 867 4040 pudet:
927 3951 1101 4017 nosti
1150 3951 1328 4017 enim
1385 3972 1582 4034 quam
1626 3951 1749 4017 sim
1803 3951 2095 4034 ineptus,
2152 3949 2329 4017 unde
2391 3953 2471 4017 fit
2514 3958 2591 4017 ut

635 4058 773 4105 non
832 4037 963 4102 nisi
1017 4045 1277 4103 coaetus
1335 4036 1645 4117 scribam,
1708 4057 1911 4120 quum
1964 4044 2033 4102 et
2095 4037 2455 4102 sententiae
2520 4044 2591 4102 et

634 4125 964 4207 scriptura
1005 4122 1141 4187 sint
1182 4121 1507 4188 obscurae.
1573 4123 1884 4188 Demiror
1923 4121 2290 4188 Einardum
2333 4122 2588 4187 tamdiu

634 4208 707 4275 in
746 4209 857 4275 via
888 4207 1176 4273 haerere.
1244 4205 1324 4274 Si
1348 4219 1418 4272 tu
1463 4208 1690 4291 cupias
1710 4207 1868 4292 quid
1908 4208 2119 4292 egerit
2160 4210 2418 4287 rescire,
2466 4228 2586 4292 ego

634 4315 771 4362 non
823 4294 1059 4359 minus.
1146 4294 1277 4359 Hic
1334 4292 1450 4359 tibi
1507 4295 1745 4360 referet
1801 4292 1959 4377 quid
2016 4292 2258 4359 habeat
2322 4295 2585 4378 negotii.

634 4378 815 4447 Olim
859 4387 1154 4463 poteram
1196 4378 1518 4459 nonnihil,
1574 4400 1752 4445 nune
1794 4386 2053 4445 tantum
2097 4377 2323 4445 obesse
2367 4379 2582 4445 valeo:

496 4514 513 4527 .
630 4464 729 4534 ita
771 4486 1024 4531 mecum
1067 4465 1302 4549 agitur.
1391 4465 1495 4530 'ru
1536 4465 1820 4531 familiae
1865 4464 2063 4531 huius
2102 4466 2426 4530 rationem
2465 4465 2585 4531 ha-

631 4550 835 4630 bebis,
880 4570 1008 4634 quo
1051 4552 1257 4634 possit
1307 4571 1452 4617 eam
1506 4551 1728 4618 fovere
1769 4550 1843 4615 in
1884 4549 2192 4630 Domino,
2246 4558 2315 4617 et
2355 4572 2476 4635 per
2517 4558 2584 4617 te

838 4793 901 4855 4)
942 4790 1185 4858 Ceaeque
1230 4789 1444 4845 Farelli
1485 4796 1645 4845 eram
1691 4788 2076 4856 Bao-barium,
2140 4790 2485 4860 Maliatam'us
2531 4795 2585 4845 et

928 4874 1014 4912 us.

836 4930 893 4994 ὃ)
930 4926 1210 4995 Ber-nard,
1248 4927 1338 4982 De
1369 4928 1429 4981 la
1464 4926 1647 4994 Mare,
1687 4926 2083 4995 Chanmcreau.

836 4999 898 5061 6)
935 4997 1047 5051 vel:
1083 4998 1402 5051 detestatur.

837 5066 896 5125 7)
930 5065 1238 5120 Carmelum
1274 5071 1404 5131 puto
1440 5064 1508 5118 dc
1541 5079 1649 5133 quo
1682 5064 1798 5118 iam
1831 5064 2078 5133 saepius.

835 5136 894 5205 8)
932 5135 1143 5189 Locum
1178 5134 1351 5189 alium
1385 5133 1495 5188 sibi
1529 5148 1800 5201 quaerens
1830 5132 2070 5200 fortasse
2103 5132 2169 5186 im
2201 5132 2578 5189 ditioneNco-

630 5206 868 5262 camsi
900 5210 1001 5259 aut
1034 5204 1216 5272 ipsius
1258 5203 1436 5257 Vin-eti
1467 5202 1726 5257 absentis.

834 5271 1561 5341 mer-yommmsoh‘de
1604 5270 1982 5327 reconciliatos
2025 5286 2193 5340 quam
2235 5287 2415 5341 nuper
2453 5272 2578 5327 Cal-

628 5342 798 5399 vinus
831 5342 1053 5399 dixerat
1085 5340 1216 5409 (354
1248 5346 1359 5397 not.
1395 5340 1470 5408 3).

634 4860 684 4917 0

2193 428 2719 498 ΕΡῙΒΤΟΙιΔΕ
2766 434 3103 497 371-373

4516 438 4644 502 320

2703 626 2772 685 et
2812 619 2974 686 alios
3031 642 3182 687 eum
3237 620 3603 699 adiuvabis‚
3660 628 3727 688 et
3783 622 4029 689 valebis
4083 621 4282 701 bene,
4337 622 4644 691 salutatis

2701 706 2825 787 piis
2867 707 3186 785 omnibus,
3233 729 3317 772 ne
3353 707 3634 773 Vir-etum
3677 718 4102 790 praeteream,
4145 709 4362 776 minas
4401 719 4470 774 et
4502 709 4645 792 pla-

2701 811 2820 873 gas
2860 793 2941 857 ab
2987 812 3064 857 eo
3104 813 3439 876 passurus,
3483 804 3560 857 ut
3601 794 3716 860 abs
3761 804 3844 871 te,
3889 794 3972 860 ob
4006 804 4260 859 tantam
4304 795 4644 878 negligen-

2702 875 2878 941 tiam.
2965 878 3056 942 Et
3097 879 3154 943 si
3196 899 3326 943 non
3370 878 3597 963 procul
3653 880 3873 944 absint
3928 892 4185 946 vestrae
4239 879 4311 944 in
4356 881 4642 947 Domino

2700 981 2970 1041 sorores,
2999 966 3077 1040 ¹⁰)
3131 964 3386 1029 salvere
3428 965 3586 1028 istas
3630 977 3901 1047 uterque
3943 965 4196 1043 iubete,
4252 986 4484 1048 meque
4526 965 4642 1031 ad-

2699 1057 2962 1113 monete
3018 1058 3094 1113 ut
3156 1070 3323 1133 quae
3390 1049 3717 1126 anxietas,
3788 1051 4043 1115 senium
4109 1062 4178 1115 et
4238 1051 4644 1134 negligentia

2700 1131 2859 1196 mihi
2903 1131 3235 1210 adimunt,
3295 1143 3520 1200 vestra
3571 1135 3945 1219 suppeditet
3985 1135 4330 1220 diligentia
4373 1135 4639 1203 viribus.

2698 1216 3026 1298 Neoeomi,
3072 1224 3131 1284 8.
3177 1219 3570 1287 Novembris
3617 1226 3799 1285 1541.

3922 1356 4225 1421 Fal-ellus
4268 1365 4440 1423 tuus.

3467 1616 3812 1625 ...ᾤ---

3587 1832 3740 1906 372.

3045 1968 3610 2038 BLAURERUS
3653 1970 4286 2041 BULLINGERO.

2867 2141 3030 2208 Acta
3069 2140 3549 2208 Ratisbonensia
3585 2162 3788 2223 nuper
3825 2142 4025 2208 missa
4066 2142 4192 2207 sibi
4230 2144 4409 2210 reddi
4449 2145 4638 2226 eupit.

2697 2226 2997 2309 Leyatum
3043 2227 3553 2294 Neocomensium
3593 2227 3977 2294 commendat
4014 2228 4089 2293 de
4128 2230 4363 2313 neyotio
4400 2229 4643 2297 Fau-elli

2695 2313 2829 2377 iam
2868 2317 2926 2378 et
2972 2312 3339 2378 Turioenses
3379 2313 3717 2379 aditurum.

2695 2482 2804 2549 (Ex
2841 2487 3064 2604 ww
3103 2482 3175 2537 ho
3218 2482 3441 2537 Archiv.
3476 2483 3651 2538 Turio.
3689 2484 3830 2565 Plnt·
3869 2482 3966 2537 VI.
4002 2484 4125 2565 Vol.
4180 2483 4279 2540 108
4325 2486 4455 2539 olim
4500 2486 4642 2558 Epp.

2822 2551 2882 2605 Τ.
2918 2551 2945 2605 1
2997 2593 3010 2606 .
3094 2588 3107 2601 .
3145 2552 3190 2605 1.
3225 2551 3320 2609 fol.
3356 2550 3475 2605 217.
3546 2553 3707 2622 Apud
3741 2553 4190 2629 Simler3leg1tur
4229 2554 4351 2608 Vol.
4386 2553 4500 2621 50.)

2695 2756 3075 2824 Clarissimo
3119 2758 3259 2822 viro
3297 2757 3381 2822 D.
3428 2757 3789 2823 Heinricho
3835 2758 4220 2843 Bullingero
4265 2759 4639 2844 Tiguricen.

2693 2843 2968 2908 antistiti
3013 2842 3503 2993 inoempambiali
3540 2844 3767 2995 {2321
3768 2864 3906 2994 gigo
3949 2846 4330 2929 cumprimis
4372 2845 4642 2913 colendo

2865 3063 2936 3132 S.
3005 3063 3254 3149 Scripsi
3316 3063 3398 3130 ad
3456 3072 3519 3130 te
3580 3085 3823 3147 nuper,
3887 3067 3979 3130 mi
4034 3066 4370 3132 carissime
4413 3067 4638 3149 frater,

2695 3150 2935 3217 additis
2970 3151 3133 3215 actis
3161 3151 3288 3216 illis
3324 3151 3729 3216 comitiorum
3755 3152 4358 3235 Ratisponensium,
4392 3152 4441 3236 ¹)
4474 3173 4642 3236 quae

2694 3237 2887 3302 valde
2942 3257 3097 3319 rogo
3152 3244 3228 3300 ιιι
3281 3238 3503 3303 nuncii
3564 3238 4117 3319 opportunitatem
4172 3248 4402 3305 nactus
4445 3258 4643 3319 quam

2692 3323 2977 3407 primum
3022 3322 3336 3399 remittas,
3382 3343 3507 3404 quo
3551 3321 3757 3388 nostri
3811 3344 4070 3406 quoque
4111 3324 4355 3406 legant.
4441 3323 4642 3392 Nunc

2692 3429 2902 3474 unum
2945 3406 3105 3472 illud
3150 3408 3360 3473 scribo
3395 3406 3566 3491 quod
3611 3409 3753 3490 pius
3791 3408 3899 3474 hie
3934 3418 4003 3473 et
4035 3408 4331 3475 eruditus
4374 3410 4477 3473 vir
4514 3409 4643 3474 Er-

2692 3492 3026 3578 harduS,²)
3068 3492 3304 3559 Gallus
3350 3492 3613 3577 quidem
3658 3492 3771 3558 sed
3817 3514 3990 3559 nunc
4036 3495 4492 3560 Neoeomensis
4527 3515 4640 3559 ur-

2694 3581 2793 3647 bis
2835 3586 2904 3644 et
2946 3580 3088 3663 agri
3143 3579 3421 3644 fratrum
3476 3578 3762 3663 legatus,
3824 3578 3925 3643 vel
3981 3580 4392 3661 paucissimis
4436 3580 4556 3646 tibi
4600 3600 4643 3646 a

2693 3686 2798 3729 me
2840 3663 3120 3729 indicari
3153 3663 3382 3742 voluit,
3429 3684 3664 3744 nempe
3700 3685 3828 3747 quo
3864 3666 4113 3729 felicius
4157 3677 4457 3749 suscepto
4491 3686 4639 3731 mu-

2691 3771 2849 3815 nere
2891 3752 3222 3833 fungatur,
3279 3758 3345 3815 et
3388 3769 3427 3812 a
3470 3749 3652 3815 vobis
3694 3770 3981 3830 quoque,
4040 3772 4205 3833 quae
4252 3753 4332 3815 ab
4379 3755 4637 3834 Argen·

2691 3835 3149 3908 toratensibus,
3194 3835 3438 3918 pariter
3478 3848 3546 3898 et
3588 3833 3791 3913 nobis,
3835 3836 4156 3918 impetret.
4225 3839 4371 3921 Age
4413 3838 4636 3921 igitur,

2690 3921 2784 3986 mi
2827 3919 3200 3986 venerande
3223 3920 3607 4002 Bullinyere,
3653 3920 3878 3986 adesto
3913 3922 4157 4005 optimo
4197 3924 4335 3987 viro
4372 3943 4638 3988 causam

2690 4006 2885 4089 plane
2928 4007 3169 4071 iustam
3227 4016 3295 4070 et
3351 4007 3662 4089 optimam
3707 4007 3958 4091 agenti,
4019 4016 4096 4072 ut
4143 4016 4439 4072 votorum
4485 4028 4637 4074 suo·

2691 4112 2841 4156 rum
2893 4112 3154 4173 compos
3214 4089 3467 4155 evadat.
3563 4091 3730 4156 Rem
3788 4112 4050 4157 omnem
4110 4114 4196 4156 ex
4259 4095 4398 4176 ipso
4466 4094 4639 4160 bona

2690 4177 2819 4243 fide
2872 4174 3114 4242 audies.
3210 4177 3579 4241 Pessimum
3640 4178 3927 4260 profecto
3994 4179 4362 4260 exemplum
4417 4179 4635 4259 fuerit,

2690 4264 2745 4328 si
2784 4263 2889 4328 vel
2924 4261 3127 4327 semel
3164 4262 3532 4343 praeclarus
3568 4261 3817 4345 aliquis,
3861 4262 4075 4346 qualis
4118 4264 4315 4329 etiam
4341 4264 4639 4331 Farellus

2689 4355 2825 4424 est,
2881 4348 3187 4414 ecclesiae
3231 4347 3478 4413 Christi
3536 4349 3868 4426 minister,
3929 4348 4335 4433 quorundam
4381 4348 4635 4417 libidini

2688 4442 2756 4498 et
2798 4433 3183 4499 insolentiae
3239 4431 3467 4500 cedere
3521 4445 3818 4517 cogatur,
3875 4434 3943 4500 in
3988 4436 4068 4499 iis
4126 4444 4281 4518 puto
4322 4435 4479 4502 locis
4523 4434 4637 4502 ubi

2687 4518 2936 4586 Christi
2995 4518 3262 4584 verbum
3321 4530 3654 4600 receptum
3718 4528 3832 4584 est.
3937 4518 4159 4600 Quare
4225 4542 4416 4587 nemo
4474 4530 4636 4605 puto

2687 4603 2894 4670 bonus
2938 4626 3069 4669 non
3113 4605 3517 4669 existimabit
3550 4604 3804 4669 fortiter
3844 4605 3947 4671 hic
3991 4606 4328 4689 principiis
4368 4608 4635 4673 obstan-

2688 4689 2871 4755 dum:
2920 4712 3035 4756 vos
3075 4692 3436 4773 praecipue,
3482 4690 3594 4771 qui
3637 4702 3927 4755 vestrum
3970 4690 4145 4759 hunc
4189 4691 4400 4757 locum
4445 4714 4634 4776 prae-

2685 4784 2789 4840 ter
2831 4786 3120 4841 caeteros
3163 4775 3354 4840 valde
3410 4795 3605 4858 quam
3647 4785 4023 4841 constanter
4065 4778 4357 4843 tuemini.
4446 4779 4635 4846 Bene

2685 4861 2851 4939 vale,
2911 4862 3002 4925 mi
3044 4861 3380 4927 carissime
3430 4868 3501 4925 et
3551 4861 3793 4944 optime
3849 4863 4063 4928 frater.
4166 4862 4437 4930 Salveat
4493 4873 4635 4931 tota

2731 5135 3382 5285 ψ,11()’)ἐὲιᾝῖῗῖη·“ἴ·
3416 5219 3485 5256 m.
3539 5201 3765 5259 octobre
3807 5203 3998 5272 οαειεο,
4058 5204 4142 5261 001
4188 5221 4361 5260 mm
4404 5206 4630 5277 mipa-

2682 5272 2833 5340 ‘am’
2870 5288 3314 5413 Ψὰῗαῖαω.
3385 5277 3643 5410 &wasa
3678 5340 3827 5409 sss.)
3929 5306 3936 5313 ’
