5050 6167
235 2070 244 2081 '
372 2099 553 2144 nunc
616 2077 896 2145 Genava
955 2079 1347 2162 exagitatur.

398 429 474 491 25
2199 434 2365 496 1540
2407 428 2873 498 FEBRUAR„
4321 438 4406 501 26

744 638 894 683 sum
930 616 1371 698 vehementer,
1414 618 1525 685 vel
1545 620 1763 703 potius
1780 620 2045 686 tractus.
2112 617 2349 702 Itaque

390 703 602 789 patiar
653 710 722 769 te
779 703 1064 769 libenter
1117 703 1190 768 in
1241 713 1578 788 posterum
1629 705 1963 788 quiescere
2017 705 2144 770 nisi
2190 704 2349 770 novi

390 787 541 874 qnid
584 788 909 856 accidorit.
980 789 1252 856 Utinam
1296 789 1499 856 semel
1542 791 1710 856 mihi
1740 790 1973 857 liceret
2012 792 2080 856 in
2126 789 2347 857 sinum

390 885 575 941 tuum
618 875 1032 941 familiariter
1073 874 1396 959 deponere
1431 876 1587 960 quid
1617 878 1921 955 sentiam,
1959 897 2034 943 ao
2056 876 2348 942 vicissim

387 970 573 1027 tuum
630 961 975 1028 consilium
1032 960 1291 1039 audire,
1349 982 1477 1045 quo
1533 963 1770 1029 melius
1821 984 2113 1028 essemus
2156 982 2345 1045 prae·

385 1048 616 1133 parati.
700 1046 766 1115 Ο
810 1048 976 1112 tima
1017 1046 1135 1112 tibi
1180 1049 1431 1114 occasio
1472 1049 1599 1114 erit
1638 1047 1772 1114 huc
1828 1046 2241 1127 concedendi,
2287 1046 2344 1113 si

384 1135 499 1200 fiet
539 1133 715 1218 quod
804 1154 842 1199 e
884 1133 1187 1218 coniugio
1229 1154 1588 1217 speramus.
1651 1136 2133 1218 Exspectamus
2167 1134 2342 1199 enim

381 1219 670 1303 puellam
726 1219 924 1304 paulo
977 1229 1127 1302 post
1179 1218 1452 1302 pascha:
1511 1220 1627 1285 sed
1683 1221 1741 1286 si
1794 1220 1959 1285 mihi
2018 1241 2163 1286 rece
2212 1220 2344 1284 eris

382 1313 561 1372 certo
597 1314 663 1371 te
699 1313 1074 1381 venturum,
1120 1326 1211 1371 nu
1263 1305 1393 1371 tiae
1426 1307 1500 1371 in
1532 1314 1724 1372 tuum
1758 1305 2118 1372 adventum
2203 1306 2342 1371 ‘ffe-

380 1399 628 1457 rentur.
678 1439 683 1444 -
729 1388 910 1457 Satis
963 1392 1141 1457 enim
1298 1392 1594 1458 bebimus
1659 1393 1973 1478 temporis
2024 1392 2108 1458 ad
2167 1391 2342 1457 diem

378 1477 505 1544 tibi
554 1475 1007 1544 indicandum.
1096 1476 1244 1543 Hoc
1301 1498 1459 1563 ergo
1501 1480 1789 1562 primum
1836 1478 1951 1544 abs
1990 1488 2055 1544 te
2099 1477 2342 1544 summi

379 1563 681 1630 beneficii
722 1563 862 1629 loco
906 1562 1184 1646 postule,
1225 1572 1303 1628 ut
1337 1564 1584 1642 venias,
1622 1563 1859 1630 deinde
1885 1572 1965 1630 ut
1983 1574 2344 1630 venturum

376 1658 443 1716 te
488 1650 855 1715 confirmes.
945 1647 1238 1714 Omnino
1281 1651 1460 1715 enim
1515 1650 1802 1734 aliquem
1846 1657 2103 1734 oportet
2143 1651 2344 1716 istinc

375 1736 608 1801 venire
624 1787 640 1813 ,
704 1736 816 1818 qui
881 1733 1381 1800 matrimonium
1460 1737 1842 1803 sanctificet.
1966 1737 2115 1821 Ego
2179 1756 2343 1802 vero

376 1821 716 1887 neminem
758 1820 985 1884 malim
1029 1839 1226 1903 quam
1271 1829 1353 1885 te.
1425 1821 1609 1907 Ergo
1651 1819 1941 1888 delibera
1976 1844 2063 1887 an
2099 1821 2340 1908 dignus

376 1907 498 1973 tibi
542 1906 791 1985 videar,
837 1907 1025 1972 cuius
1059 1924 1257 1971 causa
1293 1908 1756 1991 profectionem
1792 1908 1966 1975 hanc
2002 1910 2339 1993 suscipias.

550 1993 881 2075 Exspecto
926 1991 1084 2074 quid
1126 1991 1317 2058 nobis
1349 1994 1612 2076 parient
1633 1994 1958 2060 tumultus
1983 1994 2082 2059 illi
2103 1995 2341 2078 quibus

1457 2078 1627 2159 Res,
1694 2091 1769 2144 ut
1835 2102 1868 2146 s
1915 2100 2058 2160 ero,
2124 2080 2342 2164 aliquo

373 2163 803 2230 inclinaverit
854 2162 1244 2247 priusquam
1297 2163 1428 2230 huc
1487 2166 1729 2230 venias.
1888 2167 2208 2246 ermania,
2263 2175 2342 2231 ut

373 2249 562 2329 solet,
606 2270 925 2333 suspensa
966 2256 1070 2315 est
1108 2269 1500 2334 magnarum
1556 2271 1779 2316 rerum
1833 2253 2338 2335 exspectatione.

371 2335 588 2402 Nemo
630 2337 811 2401 enim
856 2343 957 2401 est
999 2335 1113 2418 qui
1156 2356 1291 2400 non
1334 2357 1446 2401 sus
1492 2337 1721 2416 icetur,
1770 2336 2105 2403 Caesarem
2148 2338 2342 2422 plura

368 2421 595 2489 moliri
638 2441 836 2504 quam
877 2441 1037 2504 prae
1080 2441 1152 2486 se
1191 2419 1380 2486 ferat.
1511 2422 1675 2487 ostri
1719 2442 1897 2490 nunc
1940 2433 2339 2491 conventum

370 2515 585 2592 agunt
627 2505 1160 2583 Smalcaldiae,⁹)
1205 2508 1273 2571 in
1319 2527 1449 2591 quo
1483 2508 1953 2575 consultabunt
1987 2509 2054 2574 in
2091 2517 2340 2575 utram-

367 2594 1141 2747 ssssfissfflrzffiasff
1176 2592 2339 2765 {zffissffitsstfflffffifflff

367 2765 523 2834 Hoc
588 2765 741 2832 boni
809 2764 989 2830 dedit
1051 2764 1243 2830 nobis
1304 2765 1520 2843 Deus,
1603 2765 1777 2849 quod
1845 2776 1982 2833 tres
2049 2766 2339 2852 episcopi

367 2852 693 2919 electores
746 2851 965 2934 potius
1023 2870 1095 2916 se
1147 2850 1395 2916 nostris
1450 2848 1816 2936 adiungent
1873 2852 1957 2918 ad
2020 2852 2338 2919 tuendam

365 2940 628 3023 patriae
660 2936 1055 3016 libertatem,
1098 2956 1298 3019 quam
1340 2943 1420 3001 ut
1462 2957 1612 3004 cum
1661 2936 1928 3004 Caesare
1969 2939 2105 3004 ullo
2142 2937 2336 3003 modo

366 3027 767 3110 conspirent.
856 3022 1217 3090 Ecclesiola
1260 3030 1488 3088 nostra
1530 3043 1652 3108 pro
1689 3044 1872 3090 more
1916 3044 2034 3090 suo
2071 3044 2144 3090 se
2189 3045 2335 3089 sus-

546 3195 958 3263 Hermanms
991 3194 1075 3261 ad
1108 3194 1419 3261 ecclesiae
1451 3196 1825 3262 societatem
1849 3194 2045 3262 rediit
2065 3196 2332 3280 optima,

367 3285 499 3348 nisi
547 3281 756 3362 fallor,
801 3280 949 3347 fide.
967 3367 981 3380 .
1039 3279 1397 3347 Confessus
1440 3289 1543 3348 est
1576 3289 1767 3348 extra
1809 3281 2155 3349 ecclesiam
2183 3302 2333 3382 ‘non

363 3390 521 3521 {4⁶⁸3
559 3367 1021 3521 amit?
1033 3365 1466 3537 ἐηῗέἓᾶςιὶῗ
1488 3388 1737 3520 3¹3
1760 3388 1942 3520 ἕξεί
1962 3367 2334 3539 ζᾞὲθέέᾙ

364 3540 633 3608 habuit:
700 3540 898 3606 huius
962 3539 1257 3605 criminis
1272 3591 1288 3617 ,
1355 3539 1541 3606 cuius
1603 3559 1677 3605 se
1731 3560 1923 3605 reum
1986 3540 2334 3621 fatebatur,

361 3627 635 3693 veniam
677 3625 884 3710 petiit.
973 3625 1079 3691 De
1120 3625 1328 3691 libero
1371 3624 1671 3704 arbitrio,
1731 3623 1812 3691 de
1869 3625 2213 3693 divinitate
2269 3636 2336 3692 et

361 3713 782 3779 humanitate
825 3710 1099 3792 Christi,
1147 3710 1229 3776 de
1270 3711 1785 3795 regeneratione,
1842 3710 1923 3778 de
1968 3710 2333 3797 paedobap-

360 3800 564 3865 tismo
609 3803 677 3863 et
719 3797 866 3863 aliis
909 3817 1138 3881 passus
1183 3803 1286 3862 est
1327 3817 1396 3861 se
1440 3793 1676 3873 doceri,
1723 3818 1799 3864 ac
1842 3806 2136 3864 nostram
2183 3798 2333 3865 doc-

360 3886 613 3950 trinam
673 3882 1015 3965 amplexus
1069 3890 1186 3947 est.
1278 3882 1568 3947 Tantum
1622 3883 1692 3947 in
1735 3884 2335 3968 praedestinatione

362 3969 770 4047 haesitabat,
828 3969 895 4032 in
953 3988 1086 4052 qua
1141 3975 1360 4032 tamen
1418 3967 1584 4033 mihi
1641 3970 2114 4053 propemodum
2179 3969 2332 4036 sub-

363 4056 654 4140 scripsit,
698 4053 831 4120 nisi
873 4050 1044 4136 quod
1089 4073 1160 4119 se
1204 4053 1534 4136 explicare
1576 4076 1710 4119 non
1753 4064 2014 4140 poterat
2060 4076 2100 4121 a
2143 4055 2357 4121 disse--

362 4142 587 4207 rentia
648 4139 1123 4224 praescientiae
1198 4146 1267 4204 et
1329 4139 1805 4224 providentiae.
1896 4135 2333 4228 'Deprecatus

360 4237 598 4292 tamen
638 4233 759 4304 est,
802 4247 887 4290 ne
927 4246 1008 4290 ea
1050 4246 1154 4290 res
1194 4224 1560 4308 impediret,
1607 4228 1955 4310 quominus
1998 4229 2138 4313 ipse
2182 4248 2332 4294 cnm

360 4313 596 4379 liberis
636 4313 709 4377 in
752 4311 1061 4378 ecclesiae
1104 4312 1627 4378 communionem
1674 4313 2094 4397 reciperetur.
2183 4315 2332 4398 Ego

362 4419 444 4464 ea
514 4418 645 4482 qua
709 4397 930 4463 decuit
991 4397 1300 4463 comitate
1363 4397 1553 4463 illum
1630 4403 1888 4483 excepi,
1955 4401 2332 4484 petentique

361 4486 640 4550 veniam
703 4503 971 4549 manum
1044 4482 1353 4549 ecclesiae
1417 4484 1685 4550 nomine
1787 4488 2005 4551 orrexi
2024 4501 2067 4564 3·
2104 4499 2333 4570 postea

362 4570 703 4654 baptisari
758 4570 899 4635 eius
961 4567 1236 4634 filiolam
1345 4588 1468 4634 uae
1532 4570 1873 4636 bienmum
1939 4580 2327 4638 excesserat.

362 4655 517 4721 Nisi
554 4676 664 4720 me
707 4674 907 4738 supra
948 4654 1217 4719 modum
1261 4654 1431 4720 salit
1473 4655 1726 4738 opinio,
1780 4663 1881 4723 est
1939 4657 2134 4723 homo
2177 4658 2330 4722 roli-

362 4742 614 4825 giosus.
715 4739 942 4822 Quum
995 4739 1214 4823 ipsum
1273 4738 1574 4806 hortarer
1638 4741 1722 4808 ad
1793 4743 1955 4810 alios
2016 4745 2085 4808 in
2152 4744 2329 4810 viam

362 4824 809 4906 reducendos,
872 4826 1251 4904 minimum,
1314 4827 1559 4909 inquit,
1627 4836 1728 4894 est
1789 4836 1867 4894 ut
1918 4851 2053 4896 non
2109 4830 2329 4896 minus

364 4911 665 4979 laborem
717 4914 790 4977 in
853 4910 1255 4978 aedificando
1318 4933 1515 4994 quam
1579 4914 1704 4980 feci
1776 4915 1846 4979 in
1911 4914 2325 4981 destruendo.

368 4998 648 5064 Ioannes
690 5000 908 5076 etiam,
945 5000 1052 5082 qui
1074 4997 1313 5065 Ulmae
1354 4998 1628 5077 habitat,
1666 4999 1904 5066 dicitur
1927 5001 2324 5085 resipiscere.

582 5222 644 5288 9)
682 5220 941 5276 Indiaue
984 5227 1103 5276 erat
1146 5223 1209 5276 in
1262 5219 1376 5277 Gal.
1428 5221 1692 5278 Martias.
1771 5223 2091 5289 Adher-unt
2144 5224 2328 5281 Wins-

369 5294 465 5349 δα·
504 5306 656 5346 enses
703 5296 753 5345 et
798 5289 1065 5345 Buces-us.
1151 5288 1406 5357 Skidan,
1454 5289 1544 5347 11.
1593 5289 1709 5347 159.
1804 5290 2152 5361 Seekmdort',
2202 5292 2326 5348 111.

368 5361 442 5416 ᾖ
481 5402 493 5414 .
569 5359 939 5426 Mon-mma,
978 5357 1248 5415 Damam
1286 5359 1410 5427 Rei.
1448 5360 1556 5415 IV.
1596 5360 1645 5413 1.

2454 617 2552 683 At
2613 636 2800 696 vero,
2867 638 2953 684 ne
3016 619 3090 683 in
3143 618 3265 685 hac
3320 640 3393 685 re
3449 620 3837 704 gloriemur,
3896 621 4227 689 Dominus
4285 645 4408 690 nos

2452 702 2637 769 mille
2678 703 2891 769 modis
2933 702 3256 771 humiliat.
3321 704 3547 771 Nihilo
3582 706 4027 773 enim‘melius
4069 708 4242 793 apud
4284 731 4408 775 nos

2452 809 2560 854 res
2612 789 2860 855 habent
2911 811 3108 874 quam
3159 791 3339 871 istic,
3404 792 3514 858 ubi
3583 791 3744 858 dicis
3798 794 4080 876 pessime
4139 793 4404 862 habere.

2453 873 2590 941 Sed
2642 877 2713 940 in
2769 874 2965 942 rebus
3022 876 3185 943 alias
3240 877 3594 961 deploratis
3670 878 3793 943 hoc
3857 901 4115 964 semper
4185 882 4407 947 solatii

2451 961 2640 1027 nobis
2682 970 2998 1045 superest,
3043 961 3215 1047 quod
3259 984 3396 1028 non
3437 964 3685 1029 frustra
3723 965 4015 1031 Domino
4058 968 4403 1047 servimus,

2450 1048 2650 1112 etiam
2716 1047 2877 1113 dum
2940 1049 3008 1113 in
3081 1050 3366 1133 speciem
3447 1048 3752 1116 videmur
3824 1050 4047 1117 ludere
4117 1073 4403 1137 operam.

2448 1132 2717 1199 Literas
2759 1132 2841 1199 ad
2883 1134 3123 1201 fratres
3166 1135 3442 1219 scriptas
3466 1138 3547 1217 ¹⁰)
3573 1134 3761 1202 dabis
3803 1137 3862 1201 si
3903 1137 4254 1219 videbitur,
4299 1140 4406 1205 sin

2447 1219 2690 1298 minus,
2736 1221 3052 1299 remittes,
3097 1229 3211 1286 aut
3254 1219 3429 1304 apud
3470 1229 3537 1286 te
3581 1221 3892 1287 servabis.
3993 1223 4130 1289 Eos
4171 1226 4403 1310 singu-

2446 1304 2637 1369 latim
2680 1315 2904 1371 nostro
2954 1307 3245 1372 omnium
3303 1308 3571 1372 nomine
3619 1307 3937 1375 salutabis
3991 1330 4189 1391 quam
4240 1311 4405 1376 ami·

2447 1390 2727 1471 cissime,
2771 1412 3145 1475 quanquam
3188 1392 3391 1458 velim
3435 1400 3504 1458 et
3530 1396 3579 1436 ²¹
3656 1414 3803 1459 meo
3831 1415 4145 1460 seorsum.
4235 1396 4406 1465 Vale

2447 1478 2693 1561 optime
2736 1484 2807 1543 et
2832 1478 3255 1563 integerrime
3276 1479 3498 1545 frater.
3622 1480 3881 1546 alutant
3901 1489 3970 1546 te
3987 1493 4406 1565 peramanter

2446 1583 2676 1629 omnes
2692 1612 2708 1641 ,
2772 1563 3160 1646 praesertim
3225 1562 3448 1646 Capito
3464 1617 3480 1646 ,
3549 1565 3873 1633 ,Stamina
3935 1576 4004 1632 et
4070 1567 4401 1634 (Haudius.

2446 1646 2624 1714 Nam
2665 1647 2958 1715 Buca-us
2998 1649 3201 1729 abost,
3246 1649 3361 1715 sed
3406 1671 3633 1718 omnes
3674 1652 3870 1718 simul
3922 1652 4085 1718 mihi
4131 1655 4405 1737 provin-

2445 1734 2617 1800 ciam
2661 1734 3057 1800 rescribendi
3103 1735 3607 1816 mandaverant,
3652 1759 3852 1822 quum
3897 1745 4152 1805 vestras
4191 1740 4405 1805 moni-

2446 1820 2664 1885 tiones
2719 1819 2801 1886 ad
2856 1841 2967 1886 eos
3019 1818 3433 1900 detulissem,
3491 1822 3728 1907 quibus
3785 1831 4045 1890 tantum
4099 1823 4286 1891 abest
4328 1833 4406 1890 ut

2445 1904 2696 1971 fuerint
2749 1906 3012 1985 offensi,
3069 1917 3146 1972 ut
3200 1908 3421 1991 potius
3475 1910 3861 1975 confirmata
3909 1909 4112 1976 fuerit
4175 1931 4404 1976 eorum

2446 2012 2606 2076 erga
2648 2012 2765 2057 vos
2809 1992 3295 2072 benevolentia,
3351 2013 3521 2075 quae
3563 2002 3790 2059 tamen
3844 1995 4086 2079 alioqui
4143 2017 4405 2062 summa

2445 2087 2563 2142 est.
2654 2078 2821 2143 Vale
2873 2079 3142 2156 iterum,
3199 2080 3420 2144 anime
3484 2080 3595 2144 mi.
3709 2080 3854 2166 Ego
3918 2083 4179 2148 tametsi
4250 2081 4402 2148 dor·

2443 2164 2744 2242 miturio,
2801 2161 3091 2229 abstrahi
3146 2173 3369 2230 tamen
3423 2186 3464 2231 a
3511 2166 3867 2250 scriptione
3919 2188 4054 2233 non
4111 2188 4397 2251 possum.

2444 2250 2792 2334 Argentor.
2838 2256 2878 2312 4
2921 2249 3170 2316 cdend,
3217 2250 3415 2316 Mart.
3440 2252 3524 2327 ¹²)

3688 2387 4008 2456 Calvinus
4051 2396 4226 2458 tuus.

3349 2831 3494 2900 212.

2907 2965 3096 3035 LEO
3140 2967 3436 3036 rUDAE
3481 2967 3919 3036 OALVINO.

2615 3137 3120 3222 Ispistozaseius
3163 3139 3328 3206 duas
3369 3139 3445 3204 de
3486 3139 4397 3210 rebushocsaoeuloneoessa·

2437 3226 2564 3292 riis
2602 3226 2956 3310 germanice
3001 3226 3201 3306 vertit,
3245 3224 3510 3291 alteram
3544 3225 3849 3294 Basileus
3876 3229 4054 3310 prelo
4088 3230 4397 3309 submisit,

2439 3311 2708 3378 alteram
2748 3314 2811 3378 si
2851 3313 3064 3379 autori
3094 3311 3410 3394 placuerit
3449 3313 3781 3397 Anqustae
3821 3314 4151 3382 submittet.

2441 3485 2633 3550 (Manu
2681 3485 2883 3554 scripta
2927 3501 3035 3537 non
3083 3489 3281 3538 exstat.
3363 3482 3592 3553 Legitur
3637 3499 3725 3554 ap.
3773 3485 3972 3539 Bezam
4022 3484 4156 3540 Gen.
4205 3504 4261 3557 p.
4313 3483 4397 3554 22,

2438 3554 2600 3608 Laus.
2636 3570 2756 3623 pag.
2791 3551 2856 3606 41
2874 3593 2888 3618 ,
2937 3552 3148 3605 Hanov.
3204 3568 3328 3622 pag.
3362 3549 3447 3617 46,
3497 3551 3709 3607 Chouet
3725 3570 3875 3676 θος.
3912 3552 3999 3618 26,
4050 3556 4230 3610 Amat.
4268 3572 4391 3625 pag.

2808 3620 2890 3686 12,
2927 3622 2992 3675 cf.
3028 3620 3275 3690 Prolegg.
3312 3626 3503 3675 nostra
3537 3621 3687 3674 Tom.
3786 3659 3799 3673 .
3838 3639 3891 3692 p.
3926 3621 4041 3690 40.)

2528 3777 2832 3843 Gratiam
2876 3784 2944 3841 et
2988 3775 3162 3842 vitae
3204 3776 3650 3928 irbnffisgnmtinam
3693 3798 3735 3841 a
3776 3776 3922 3843 Deo
3964 3787 4152 3860 patre
4195 3799 4312 3861 per

2613 3997 3076 4083 Superioribus
3140 3998 3368 4075 annis,
3439 3998 3544 4063 vir
3613 3998 4016 4076 doctissime,
4090 3999 4399 4083 epistolas

2439 4085 2604 4151 duas
2666 4083 2901 4150 dedisti
2962 4104 3095 4149 non
3151 4090 3416 4148 tantum
3476 4082 3729 4164 doctas,
3788 4082 3906 4150 sed
3963 4086 4160 4150 etiam
4206 4085 4399 4153 valde

2441 4171 2632 4237 utiles
2668 4179 2738 4236 et
2777 4169 3181 4237 necessarias
3222 4171 3512 4235 maxime
3554 4170 3884 4253 praesenti
3925 4190 4146 4235 rerum
4202 4179 4396 4238 statu.

2435 4256 2583 4323 Has
2639 4278 2761 4341 ego
2817 4256 3043 4322 ambas
3102 4256 3278 4321 verti
3320 4256 3726 4339 germanice,
3789 4264 3864 4320 ιιι
3906 4263 3972 4321 et
4014 4255 4062 4320 ii
4106 4257 4398 4323 fructum

2437 4343 2672 4408 harum
2704 4342 3120 4426 perciperent
3153 4340 3269 4425 qui
3298 4340 3500 4406 latine
3540 4341 3863 4426 ignorant.
3933 4340 4164 4406 Altera
4199 4363 4397 4425 quam

2436 4428 2520 4494 ad
2573 4428 2979 4512 Episcopum
3042 4427 3387 4511 scripsisti,
3454 4426 3720 4494 Basilea
3784 4446 4028 4494 excusa
4083 4437 4184 4494 est
4247 4449 4398 4494 mea

2434 4535 2664 4599 opera:
2709 4514 2987 4579 alteram
3030 4512 3390 4578 noluerunt
3410 4511 3783 4578 excuderet
3914 4512 4171 4598 graphi,
4212 4521 4397 4580 metu

2432 4600 2710 4684 periculi
2752 4601 3027 4666 fortasse
3072 4598 3390 4664 deterriti.
3457 4597 3632 4662 Nam
3670 4598 3743 4663 in
3836 4619 3913 4665 ac
3955 4597 4287 4664 liberrime
4329 4610 4400 4664 et

2431 4707 2554 4770 pro
2597 4686 2958 4753 christiana
3000 4684 3304 4785 παῤῥησίςι
3347 4683 3631 4768 loqueris
3659 4691 3998 4834 quodpacto
4045 4706 4115 4750 se
4155 4693 4395 4769 gerant

2433 4774 2549 4855 qui
2593 4771 2715 4837 sub
2756 4792 2965 4857 papae
3008 4770 3362 4856 tyranmde
3405 4769 3628 4838 vivere
3663 4791 3739 4836 ac
3825 4791 4017 4855 egere
4050 4778 4392 4855 coguntur,

2433 4857 2768 4924 damnans¹
2802 4857 3067 4923 interim
3110 4878 3220 4922 eos
3272 4855 3386 4940 qui
3437 4862 3713 4939 utroque
3760 4877 3938 4940 genu
3991 4854 4389 4923 claudicant:

2433 4954 2503 5008 et
2545 4964 2678 5009 non
2717 4954 2853 5009 tam
2891 4942 3037 5008 Deo
3065 4963 3265 5027 quam
3289 4963 3501 5027 papae
3524 4942 3772 5009 servire
3793 4942 4044 5021 volunt,
4081 4948 4393 5025 putantes

2609 5148 2702 5214 10)
2738 5149 3064 5218 deperditas.

2611 5218 2705 5283 11)
2745 5218 2835 5287 Ap
2965 5218 3084 5288 pha
3116 5218 3397 5273 exhibent.-
3430 5223 3505 5270 ut.

2611 5287 2704 5351 12)
2746 5285 2862 5341 Sam
2883 5303 3039 5342 ms.-
3083 5287 3172 5341 dis
3214 5285 3266 5344 4.
3310 5286 3534 5353 Martii,
3579 5287 3758 5340 nscio
3792 5289 3974 5338 utrum
4022 5299 4155 5340 casu
4201 5301 4276 5339 aa
4322 5284 4393 5341 ds

2434 5358 2716 5413 industria
2752 5357 3055 5424 mendam,
3092 5373 3137 5409 v.
3177 5371 3349 5427 supra
3383 5362 3489 5410 not.
3526 5354 3576 5409 9.
