5050 6167
637 411 771 480 467

636 621 819 667 nunc
853 599 1394 683 exspectabimus,
1432 598 1587 681 quid
1621 598 1752 663 illis
1788 598 2114 663 Dominus
2153 595 2423 661 dederit.
2491 596 2597 660 De

639 687 864 752 Iacobo
889 690 944 762 2)
991 685 1153 749 mihi
1198 706 1332 749 non
1369 684 1603 768 placet,
1657 684 1826 767 quod
1873 693 2009 748 tam
2051 682 2337 747 molliter
2371 701 2597 764 accep·

639 783 781 837 tum
827 771 1169 836 dimiseris,
1235 770 1408 835 Nam
1452 772 1507 834 si
1544 770 1810 836 nolebas
1845 789 2105 835 causam
2145 779 2325 833 tuam
2362 769 2593 844 facere,

637 877 759 924 cur
804 877 934 921 non
979 856 1339 939 simplicius
1374 856 1722 921 obiiciebas
1754 877 1904 920 eum
1941 856 2138 920 nimis
2183 852 2597 936 impudenter

637 944 870 1020 facere,
915 942 1087 1026 quod
1123 963 1262 1006 rem
1298 943 1395 1006 ita
1430 949 1860 1007 contestatam
1896 949 2183 1025 negaret,
2223 937 2596 1021 implevisse

638 1049 791 1095 enm
834 1036 1039 1093 totam
1093 1028 1399 1093 viciniam
1446 1029 1584 1092 suis
1628 1026 2094 1110 querimoniis?
2176 1024 2401 1105 Quum
2443 1025 2595 1107 plus

637 1114 1015 1197 quingentis
1069 1113 1349 1178 testibus
1406 1113 1707 1179 convinci
1762 1122 1983 1195 queat,
2043 1111 2324 1176 audetne
2379 1111 2594 1175 adhuc

637 1198 1106 1284 tergiversari?
1196 1199 1300 1262 'I'u
1354 1208 1575 1263 autem
1633 1213 1745 1263 tua
1789 1196 2305 1263 dissimulatione
2347 1195 2595 1261 videris

637 1285 803 1351 mihi
864 1284 1279 1350 audaciorem
1336 1284 1605 1366 posthac
1658 1283 2016 1349 reddidisse
2073 1282 2155 1348 ad
2201 1282 2589 1366 negandum.

633 1371 698 1437 E
745 1392 784 1436 o
827 1391 987 1436 vero
1030 1377 1408 1445 statueram,
1454 1370 1582 1433 nisi
1616 1371 1933 1435 memoria
1974 1366 2338 1446 excidisset,
2382 1367 2592 1432 literis

638 1478 678 1522 a
723 1456 1035 1522 scribere:
1096 1456 1317 1539 Legas
1363 1455 1599 1533 Iacche,
1655 1466 1722 1519 ει
1764 1456 1821 1519 si
1866 1476 2059 1537 quem
2115 1454 2318 1519 habes
2361 1452 2591 1517 huma-

636 1542 866 1606 nitatis
907 1561 1188 1620 sensum,
1234 1542 1408 1605 fleas.
1492 1537 1570 1606 Si
1613 1561 1876 1606 cansam
1922 1561 2002 1605 ex
2039 1560 2146 1604 me
2188 1539 2591 1623 quaesiisset,

635 1627 851 1692 multo
917 1628 1213 1710 asperius
1292 1627 1732 1708 exposuissem
1812 1647 2006 1708 quam
2076 1625 2385 1690 Farellua
2475 1623 2592 1691 Sic

633 1713 963 1778 tractandi
1008 1726 1166 1777 sunt
1207 1711 1319 1776 isti
1363 1711 1662 1790 ἀλάζονες.
1731 1713 1836 1777 Βε
1874 1710 2428 1776 Neocomensibus
2472 1730 2590 1792 pa-

635 1799 880 1863 tienter
927 1801 1077 1875 fero,
1126 1796 1297 1880 quod
1343 1797 1600 1877 nuncio,
1647 1805 1722 1861 ut
1766 1798 2106 1881 hucusque
2147 1797 2313 1862 meis
2357 1798 2590 1862 saltem

637 1879 1011 1967 sumptibus
1049 1883 1318 1956 veniret,
1366 1903 1500 1947 non
1536 1882 1951 1948 mandarunt.
2021 1881 2157 1948 Sed
2201 1880 2591 1965 iampridem

636 1970 796 2035 novi
836 1978 910 2034 ιιι
951 1969 1222 2051 sapiant.
1291 1968 1643 2052 Negotium
1665 1990 1824 2034 vero
1859 1971 2249 2049 κακολογητοῧ
2282 1968 2376 2033 sic
2420 1978 2591 2034 trac·

636 2055 766 2119 tari
842 2056 1146 2138 oportuit,
1225 2055 1354 2118 nisi
1419 2054 1589 2137 quod
1655 2066 1938 2120 vestram
2005 2056 2441 2119 constantiam
2517 2054 2592 2117 in

635 2149 963 2223 postremo
1019 2149 1168 2205 actu
1232 2160 1408 2204 nunc
1466 2138 1781 2206 desidero.
1871 2141 2016 2225 Ego
2074 2142 2131 2204 si
2186 2148 2408 2205 vestro
2452 2139 2592 2204 loco

636 2246 866 2302 essem,
913 2246 988 2290 ac
1030 2225 1268 2290 vellem
1314 2246 1572 2291 summa
1615 2224 1881 2291 lenitate
1927 2246 2078 2292 cum
2120 2246 2195 2291 eo
2240 2246 2452 2308 agere,
2498 2227 2592 2291 sic

634 2310 923 2375 rationes
968 2331 1149 2376 meas
1193 2310 1621 2377 instituerem.
1702 2312 1985 2377 Causam
2031 2320 2234 2377 totam
2279 2310 2590 2376 haberem

633 2397 1049 2475 instructam,
1110 2417 1185 2462 ac
1240 2397 1297 2461 si
1352 2396 1549 2462 iudici
1594 2396 1830 2462 vellem
1877 2396 2354 2474 demonstrare,
2413 2395 2589 2461 unde

631 2482 1111 2565 pronunciaret.
1223 2482 1470 2546 Darem
1549 2492 1774 2566 postea
1851 2485 2198 2565 optionem,
2277 2481 2588 2547 malletne

631 2569 1008 2634 missionem
1050 2566 1173 2633 hoc
1209 2573 1552 2650 praetextu
1588 2577 1827 2650 petere,
1872 2568 2044 2651 quod
2067 2569 2393 2633 Dominus
2416 2568 2587 2631 mul-

632 2653 721 2718 tis
765 2652 846 2718 de
889 2653 1103 2719 causis
1147 2673 1300 2717 eum
1345 2674 1384 2718 a
1429 2652 1791 2718 ministerio
1844 2653 2247 2719 excluderet:
2304 2673 2386 2716 an
2435 2674 2588 2719 cum

629 2739 907 2804 fratrum
955 2737 1351 2823 praeiudicio
1391 2739 1682 2804 Bernam
1741 2738 2060 2824 ablegari:
2122 2739 2244 2805 hoc
2286 2748 2402 2816 est,
2449 2760 2587 2804 om-

630 2824 824 2890 nibus
882 2824 1223 2890 sententiis
1285 2824 1601 2889 damnari.
1712 2825 1931 2907 Atque
1992 2825 2214 2890 habito
2277 2825 2417 2889 eius
2482 2847 2588 2889 re·

629 2930 870 2994 sponso
886 2961 904 2990 ,
973 2931 1278 2994 urgerem
1339 2908 1424 2974 ad
1503 2909 1699 2975 fidem
1774 2910 2254 2993 praestandam.
2360 2909 2589 2976 Sicubi

628 2995 1021 3074 deflecteret,
1089 3003 1247 3060 tunc
1304 2994 1522 3078 palam
1580 2996 1652 3060 in
1709 3005 2009 3079 apertum
2073 3016 2380 3079 campum
2436 3016 2587 3061 eum

627 3081 1052 3147 retraherem.
1163 3080 1396 3164 Neque
1456 3083 1631 3145 enim
1697 3102 1977 3164 aequum
2043 3091 2173 3159 est,
2248 3090 2326 3147 ut
2387 3082 2588 3148 totius

631 3166 942 3234 ecclesiae
994 3165 1307 3232 dedecore
1361 3167 1559 3233 unius
1612 3166 1925 3247 hominis,
1983 3188 2117 3232 non
2170 3167 2312 3233 dico
2356 3167 2586 3250 qualis,

627 3252 1027 3319 existimatio
1091 3250 1467 3317 redimatur.
1568 3251 1724 3319 Non
1787 3259 1889 3319 est
1951 3261 2173 3318 autem
2234 3273 2353 3318 cur
2415 3252 2587 3318 hanc

628 3336 1070 3406 conditionem
1145 3344 1431 3403 recuset:
1519 3337 1848 3404 Dominus
1934 3360 2064 3403 non
2155 3340 2404 3422 patitur
2479 3358 2587 3403 me

630 3422 915 3507 amplius
961 3423 1082 3489 hoc
1124 3424 1489 3489 ministerio
1548 3425 1753 3508 fungi.
1841 3423 2324 3507 Impedimenta
2363 3433 2587 3489 autem

630 3529 765 3573 non
810 3509 1167 3591 exprimat:
1212 3507 1329 3574 sed
1369 3509 1464 3573 ita
1507 3508 1873 3575 dissimulet
1915 3526 2030 3575 aut
2063 3510 2324 3576 silentio
2369 3521 2585 3575 trans-

628 3595 872 3672 mittat,
932 3614 1017 3659 ne
1071 3614 1199 3676 qua
1242 3594 1524 3676 suspicio
1569 3595 1641 3658 in
1685 3594 2025 3660 ecclesiam
2070 3596 2423 3673 derivetur,
2469 3593 2585 3660 sed

628 3681 700 3746 in
744 3680 885 3745 eius
927 3679 1177 3744 familia
1217 3680 1434 3762 potius
1476 3681 1762 3745 resideat
1803 3689 1955 3746 tota.
1987 3681 2045 3764 ⁸)
2124 3681 2318 3762 Quod
2363 3691 2582 3746 autem

627 3765 993 3850 periculum
1036 3764 1223 3832 vobis
1282 3765 1682 3831 denunciant
1728 3765 1977 3832 Sulzevi
2019 3767 2265 3844 literae,
2328 3768 2466 3832 fore
2508 3775 2584 3831 ut

626 3861 893 3918 senatus
928 3872 1044 3916 vos
1088 3850 1170 3916 ad
1213 3850 1613 3917 reddendam
1644 3853 1966 3917 rationem
2001 3863 2206 3932 vocet,
2235 3853 2293 3936 ⁴)
2333 3852 2403 3917 id
2437 3873 2585 3918 mea

628 3936 961 4001 sententia
1003 3935 1188 4002 vobis
1231 3936 1592 4021 optandum
1637 3945 1752 4003 est.
1831 3938 2098 4003 Literae
2141 3959 2399 4004 summa
2440 3958 2582 4002 mo-

627 4021 961 4088 deratione
1018 4023 1296 4104 scriptae
1341 4031 1512 4088 sunt.
1603 4021 1820 4088 Causa
1864 4023 2063 4090 nimis
2107 4023 2295 4090 bona.
2385 4022 2581 4105 Quod

629 4109 685 4174 si
724 4107 885 4174 illuc
928 4115 1201 4172 ventum
1244 4108 1459 4186 fuerit,
1503 4110 1718 4191 prima
1754 4109 1913 4174 haec
1947 4107 2235 4176 defensio
2272 4110 2453 4176 vobis
2498 4108 2582 4173 ad

627 4213 900 4258 manum
944 4192 1097 4259 erit:
1165 4193 1315 4259 Non
1372 4195 1705 4276 potuimus
1758 4203 2005 4260 tacere.-
2069 4196 2303 4279 quibus
2358 4203 2579 4260 autem

628 4279 866 4345 melius
894 4298 1372 4361 exponeremus
1407 4279 1579 4345 hanc
1614 4281 2091 4363 querimoniam
2120 4303 2314 4365 quam
2349 4279 2577 4348 vobis?

630 4364 982 4429 connivere
1024 4373 1167 4429 erat
1209 4365 1433 4431 deesse
1468 4366 1678 4432 officio
1715 4375 1941 4433 nostro
1985 4378 2050 4433 et
2093 4367 2369 4451 prodere
2403 4366 2579 4432 veri-

627 4455 866 4513 tatem:
925 4450 981 4514 si
1027 4451 1169 4532 quis
1212 4451 1569 4517 excessisse
1611 4452 1877 4517 modum
1934 4453 2288 4532 insimulet,
2350 4451 2579 4517 literae

627 4534 810 4617 ipsae
862 4543 978 4599 aut
1031 4556 1150 4618 pro
1204 4537 1392 4602 nobis
1449 4545 1562 4601 aut
1604 4544 1829 4603 contra
1872 4560 1992 4605 nos
2039 4539 2350 4604 iudicent.
2440 4536 2578 4604 Ob-

626 4620 871 4698 iicient,
930 4620 1091 4685 alios
1146 4623 1628 4688 communicare
1685 4624 2042 4709 sacrilegiis
2098 4645 2264 4709 quae
2308 4645 2348 4688 a
2389 4624 2577 4690 vobis

626 4705 1213 4790 reprehenduntur.
1280 4708 1598 4773 Vestrum
1641 4711 1782 4786 erit,
1827 4710 1974 4775 illos
2007 4711 2210 4777 libere
2252 4730 2364 4775 ore
2400 4708 2581 4774 dam-

628 4811 809 4870 nare,
855 4792 986 4856 imo
1030 4799 1236 4858 totam
1271 4793 1691 4876 asperitatem
1725 4795 2051 4880 stringere
2093 4798 2164 4862 in
2206 4798 2398 4879 ipsos,
2445 4795 2576 4879 qui,

833 5047 897 5106 2)
936 5047 1097 5102 Gallo
1132 5047 1461 5117 Moryiense.
1531 5051 1637 5118 (N.
1670 5050 1793 5120 419,
1829 5057 1940 5108 not.
1977 5052 2053 5119 3.)

837 5117 898 5182 3)
934 5115 1175 5185 Reliqua
1205 5117 1272 5171 in
1293 5117 1423 5199 ράά.
1455 5119 1855 5176 deuderemus.
2029 5191 2041 5203 ⁸
2262 5191 2274 5203 ·
2325 5190 2337 5200 ·

627 5257 1322 5395 mmbcjo'ca
1354 5257 1498 5312 bona
1542 5257 1910 5315 xcleeiauica
1955 5276 2026 5317 σω
2064 5194 2581 5330 partem

2194 405 2723 474 EPISTOLAE
2766 410 3107 472 436—437

2626 2939 2636 3018 μ

4520 409 4639 470 468

2701 616 2902 679 quum
2949 595 3329 678 praelucere
3372 595 3542 660 bono
3586 596 3886 678 exemplo
3931 593 4076 660 aliis
4120 593 4416 674 debeant,
4475 597 4641 661 exci-

2701 690 2847 746 tent
2889 681 3051 746 haec
3096 680 3505 746 offendicula.

2872 768 2977 832 De
3044 786 3267 832 socero
3333 767 3553 833 fratris
3617 768 3748 832 mei
3774 767 3834 850 5)
3889 774 4265 833 constanter
4322 766 4642 831 affirmare

2700 863 2884 935 potes
2943 873 3171 918 omnes
3214 852 3479 917 mentiri
3523 854 3636 936 qui
3692 853 3891 918 talem
3944 872 4274 918 rumorem
4318 860 4638 936 spargant.

2699 940 2988 1003 Emisset
3030 939 3244 1003 forsan
3292 938 3351 1002 si
3394 938 3788 1021 probassem.
3873 937 4006 1004 Sed
4042 960 4240 1021 quum
4276 958 4317 1002 a
4349 958 4456 1001 me
4497 956 4640 1001 con-

2699 1025 2919 1090 silium
2987 1032 3269 1107 peteret,
3334 1024 3528 1107 idque
3593 1035 3948 1106 antequam
4011 1024 4375 1090 celebratae
4438 1024 4646 1088 forent

2698 1112 2997 1193 nuptiae,
3078 1110 3385 1192 respondi
3448 1109 3622 1193 quod
3686 1111 4065 1176 sentiebam.
4153 1107 4521 1192 Respondit
4577 1129 4643 1173 se

2700 1197 3046 1279 pecuniam
3079 1217 3345 1278 prorsus
3376 1196 3445 1261 in
3470 1195 3866 1261 Rhodanum
3888 1196 4086 1261 malle
4120 1195 4433 1279 proiicere
4454 1215 4644 1277 quam

2699 1281 3015 1346 adversus
3058 1302 3277 1346 meum
3323 1281 3668 1347 consilium
3710 1282 4040 1348 collocare.
4109 1282 4215 1347 Ab
4251 1302 4327 1346 eo
4357 1289 4642 1363 tempore

2700 1388 2834 1432 non
2878 1367 3071 1432 modo
3114 1366 3361 1431 nullam
3407 1369 3559 1432 fecit
3599 1369 4016 1446 mentionem,
4062 1367 4177 1432 sed
4220 1388 4306 1431 ne
4350 1368 4419 1430 in
4464 1386 4641 1430 men-

2696 1461 2832 1517 tem
2874 1451 3135 1534 quidem
3175 1452 3271 1516 illi
3314 1454 3515 1518 venit.

2868 1537 3061 1619 Quod
3129 1547 3194 1603 te
3256 1560 3373 1621 pro
3443 1538 3701 1604 Sonerio
3764 1559 4029 1624 rogasse
4093 1538 4310 1616 aiunt,
4380 1536 4450 1602 id
4516 1557 4642 1602 non

2696 1623 2962 1689 aliunde
3000 1644 3198 1707 quam
3255 1624 3336 1689 ab
3384 1645 3460 1689 eo
3511 1625 3872 1708 profectum
3929 1625 4244 1707 suspicor.
4333 1623 4429 1687 Te
4472 1621 4643 1687 enim

2696 1711 2986 1793 proferre
3051 1710 3216 1775 solet
3279 1709 3432 1774 dum
3500 1712 3919 1776 excusatione
3984 1712 4206 1774 utitur.
4310 1706 4641 1790 Quemad-

2696 1795 2961 1860 modum
3029 1817 3240 1879 nuper
3306 1796 3477 1879 apud
3529 1797 3961 1876 Genistonum,
4028 1805 4251 1878 postea
4309 1793 4483 1877 apud
4539 1812 4643 1858 me

2695 1901 2969 1964 quoque,
3026 1901 3130 1956 an,
3186 1884 3241 1946 si
3285 1882 3529 1946 malum
3575 1895 3747 1946 esset
3789 1881 4069 1960 dicebat,
4129 1901 4247 1964 pro
4291 1901 4398 1945 me
4439 1880 4641 1943 inter-

2695 1967 3046 2032 cessissent
3090 1966 3389 2032 Farellus
3430 1976 3498 2031 et
3550 1967 3847 2033 Vir-etus?
3935 1968 4080 2050 Ego
4138 1986 4296 2032 vero
4340 1964 4646 2048 respondi

2696 2053 3009 2118 continuo
3061 2073 3179 2117 vos
3238 2073 3372 2116 non
3428 2055 3716 2136 potuisse
3771 2051 3840 2117 id
3896 2053 4108 2118 facere
4160 2054 4303 2120 sine
4357 2051 4648 2116 maxima

2697 2138 2999 2221 perfidia,
3060 2158 3260 2220 quum
3317 2138 3510 2203 aliter
3561 2159 3781 2203 coram
3823 2139 3969 2203 Deo
4024 2148 4299 2221 uterque
4352 2137 4642 2204 sentiret.

2697 2223 2833 2290 Sed
2875 2223 3059 2288 nullo
3102 2222 3294 2288 modo
3338 2223 3719 2306 persuaderi
3759 2224 3928 2288 mihi
3970 2244 4176 2307 posse.
4263 2223 4460 2289 Nunc
4503 2242 4645 2305 spe-

2695 2309 2934 2375 ciosam
2979 2310 3465 2374 excusationem
3510 2311 3753 2376 scilicet
3795 2309 4177 2376 obtendunt.
4251 2310 4403 2375 Non
4448 2310 4648 2374 fuisse

2694 2416 2764 2460 se
2817 2405 3151 2477 empturos
3206 2397 3335 2461 nisi
3388 2397 3851 2479 prostitissent.
3939 2397 4119 2480 Ergo
4171 2404 4497 2462 scortator
4538 2393 4647 2478 qui

2693 2481 3021 2564 publicum
3067 2480 3349 2563 lupanar
3391 2481 3761 2565 ingreditur
3793 2481 3952 2564 quid
3995 2481 4267 2564 peccat?
4329 2481 4645 2546 Prostant

2691 2566 2872 2632 enim
2936 2575 3167 2633 scorta.
3257 2566 3466 2649 Atqui
3524 2567 3850 2646 Sonerius,
3915 2574 3990 2632 ut
4044 2568 4243 2646 scias,
4307 2587 4442 2631 non
4508 2574 4646 2631 tam

2691 2654 3102 2718 verecundus
3146 2661 3266 2731 est,
3310 2662 3386 2717 ut
3429 2651 3511 2717 ad
3557 2652 3875 2718 eiusmodi
3918 2653 4324 2737 subterfugia
4365 2674 4437 2718 se
4484 2651 4647 2718 reoi-

2690 2739 2847 2821 piat.
2936 2738 3109 2803 Nam
3165 2739 3307 2803 sine
3364 2738 3499 2803 ullo
3551 2737 3796 2821 pudore
3852 2738 4011 2805 dicit
4051 2759 4164 2804 eos
4216 2739 4385 2804 bene
4426 2747 4501 2804 et
4540 2738 4648 2820 pie

2691 2824 2920 2889 fecisse
2983 2825 3093 2907 qui
3159 2825 3701 2907 proscripserunt,
3768 2833 3836 2889 et
3888 2845 3960 2890 se
4022 2825 4227 2891 fuisse
4289 2826 4359 2888 in
4423 2823 4648 2890 Deum

2691 2920 3110 2993 peccaturum
3154 2909 3281 2975 nisi
3324 2909 3606 2975 emisset.
3697 2910 3788 2976 Et
3840 2930 3963 2976 nos
4005 2922 4142 2975 tam
4181 2929 4473 2977 crassam
4518 2910 4642 2994 hy-

2691 2996 2976 3078 pocrisin
3015 2996 3088 3059 in
3131 2996 3375 3060 nostris
3417 2996 3763 3078 palpamus
3779 3045 3794 3076 ,
3854 2997 3968 3079 qui
4021 3004 4157 3062 tam
4210 3005 4393 3063 acres
4436 3013 4651 3080 nuper

2689 3103 2950 3146 eramus
2992 3081 3064 3146 in
3105 3081 3412 3164 papistas.

2859 3166 3015 3231 Itali
3072 3175 3137 3232 te
3194 3167 3550 3250 plurimum
3607 3168 3913 3246 salutant,
3972 3168 4085 3251 qui
4132 3168 4334 3234 Coelio
4385 3187 4649 3235 mecum

2689 3274 2772 3317 ex
2817 3253 3035 3318 animo
3092 3252 3449 3335 plurimum
3507 3253 3928 3337 gratulantur
3969 3253 4141 3337 quod
4183 3264 4250 3318 et
4293 3254 4521 3321 salvus
4566 3251 4647 3318 ad

2690 3359 2810 3403 nos
2854 3337 3124 3403 redierit
3166 3346 3234 3403 et
3266 3359 3539 3404 uxorem
3574 3337 3924 3404 adduxerit
3956 3360 4108 3407 cum
4149 3349 4336 3423 parte
4381 3339 4643 3406 sobolis.

2692 3423 3039 3489 Marotium
3058 3423 3114 3506 ⁶)
3150 3445 3353 3506 quum
3390 3423 3616 3490 videro
3655 3424 3953 3490 salutabo
3990 3427 4122 3491 tuis
4157 3426 4394 3492 verbis.
4457 3427 4647 3492 Haec

2688 3529 2888 3575 causa
2928 3508 3264 3588 adventus,
3310 3509 3482 3593 qnod
3517 3531 3719 3592 quum
3754 3530 3840 3575 ex
3880 3511 4030 3576 aula
4065 3511 4330 3577 domum
4374 3532 4445 3577 se
4492 3533 4646 3579 con-

2688 3596 2888 3660 ferret
2931 3593 3209 3659 audierit
3253 3594 3584 3660 decretum
3626 3596 3828 3661 fuisse
3872 3618 3913 3662 a
3945 3597 4130 3663 curia
4160 3597 4533 3664 Parisiensi
4571 3602 4649 3662 ut

2686 3690 2916 3764 captus
2970 3679 3128 3746 illuc
3172 3681 3653 3764 quamprimum
3711 3681 4159 3748 adduceretur.
4247 3683 4478 3748 Flexit
4519 3684 4646 3749 iter

2686 3766 2813 3832 alio
2869 3774 2947 3831 ut
3010 3764 3389 3849 diligentius
3453 3767 3832 3849 inquireret.
3922 3769 4025 3833 Re
4082 3769 4248 3834 bene
4305 3778 4646 3853 comperta

2686 3852 2819 3917 huc
2862 3860 3042 3917 recta
3085 3852 3423 3917 concessit.
3494 3853 3687 3918 Nunc
3722 3854 3985 3935 penitus
4021 3853 4258 3920 habere
4302 3856 4375 3919 in
4419 3855 4644 3920 animo

2686 3958 2756 4003 se
2799 3937 2973 4014 dicit,
3018 3935 3125 4003 hic
3168 3958 3451 4003 manere.

2858 4021 3054 4102 Quod
3110 4043 3216 4087 me
3264 4023 3555 4106 Payuetii
3611 4033 3844 4109 rogatu
3902 4024 4184 4091 hortaris
4242 4026 4327 4091 ad
4380 4037 4644 4093 nostros

2686 4107 3234 4174 exstimulandos:
3278 4109 3530 4174 utinam
3576 4110 3715 4194 ipse
3751 4119 3885 4174 tam
3923 4112 4092 4177 bono
4126 4112 4347 4178 animo
4389 4133 4466 4178 ac
4503 4121 4643 4178 tam

2682 4194 3041 4279 prudenter
3082 4195 3458 4261 observaret
3491 4194 3662 4278 quod
3703 4204 4027 4279 peccatur,
4073 4219 4274 4280 quam
4315 4219 4436 4283 ego
4478 4198 4640 4265 fide-

2681 4280 2834 4345 liter
2875 4301 3179 4363 cuperem
3236 4282 3307 4345 in
3360 4301 3540 4346 meas
3583 4293 3801 4364 partes
3844 4282 4164 4349 insistere.
4253 4282 4388 4349 Sed
4433 4304 4643 4369 quum

2682 4367 2886 4431 stulta
2921 4366 3275 4432 ambitione
3318 4387 3495 4432 nunc
3534 4367 3816 4450 ineptiat
3851 4388 4033 4434 nunc
4074 4368 4379 4449 insaniat,
4426 4388 4642 4453 neque

2681 4473 2786 4516 me
2829 4453 3077 4517 socium
3111 4450 3375 4517 habebit
3408 4474 3617 4537 neque
3650 4454 4047 4519 ministrum.
4117 4452 4265 4520 Scis
4306 4477 4428 4522 cur
4462 4454 4641 4522 male

2887 4705 4631 4779 &AntoniiCalviniuoeorinomeneratAmdeFen

2681 4776 3200 4856 soceroNicolaus.
3282 4777 4635 4860 Hoclocoayividpturdepmedioaliquo

2681 4844 2923 4912 emendo,
2989 4860 3140 4898 coroa
3192 4846 3340 4914 quod
3525 4852 3664 4900 tom
3724 4860 3910 4901 meto
3970 4849 4635 4916 quomo-tumores

2680 4914 2911 4968 volitare
2937 4919 3220 4982 poterant,
3255 4915 3515 4981 fortassis
3549 4920 3600 4968 et
3633 4915 3820 4983 ipsum
3855 4916 4127 4971 Nostrum
4154 4923 4414 4985 petentes.

2887 4983 2945 5041 6)
2984 4981 3314 5036 Ferrariam
3349 4999 3472 5037 cum
3505 4984 3635 5037 aliis
3666 4983 3844 5039 Gallis
3877 4986 4182 5054 relinquere
4216 4986 4631 5042 coactusVeno-

2681 5051 2885 5172 mepte
2916 5058 3214 5175 chgpzat,
3250 5053 3485 5176 uadeeia.
3536 5052 3670 5106 1536
3702 5053 4290 5179 marmana
4326 5057 4635 5112 Novas-rae

2680 5125 2891 5257 ¹⁶tivoeesptt‘
2893 5228 2906 5243 .
2976 5189 3066 5244 Dc
3105 5196 3345 5258 tempore
3379 5205 3487 5259 quo
3523 5190 3799 5266 Gemma.
3832 5207 3891 5247 se
3924 5141 4401 5250 'conmutpexmlggo
4432 5201 4633 5250 nom

2682 5258 3026 5314 mandanda
3058 5274 3201 5328 quae
3233 5258 3600 5314 habmHist.
3637 5261 3756 5315 eccl.
3798 5264 3841 5315 Ι.
3874 5278 3939 5331 p.
3977 5265 4044 5318 33
4077 5262 4337 5334 ειΗαας.
4356 5265 4483 5320 VII.
4523 5263 4630 5318 275

2682 5327 2781 5396 qui
2813 5342 2966 5382 amo
3001 5328 3214 5382 dmm
3250 5327 3384 5383 1543
3417 5327 3485 5382 {a
3511 5329 3722 5397 factum
3751 5335 3992 5399 moni..
