5050 6167
699 415 826 479 759

868 598 1135 666 Pastori
1168 604 1315 664 tum
1355 595 1739 664 fidelissimo
1779 606 1923 664 tum
1968 596 2342 666 doctissimo
2383 595 2479 662 Io.
2502 594 2657 663 Gal-

699 685 856 752 vino
896 685 1087 752 fratri
1121 691 1191 753 et
1233 693 1642 768 symmystae
1683 704 1885 768 quam
1923 683 2483 836 carissigignevao·

871 903 942 972 S.
1009 907 1144 973 Per
1188 905 1636 985 Franciscum,
1696 906 1808 990 qui
1864 927 2003 972 una
2045 924 2194 971 cum
2238 925 2445 970 uxore
2487 906 2660 970 istuc

695 1014 768 1059 se
822 991 1207 1077 recipiebat,
1273 992 1639 1058 scribebam
1695 991 1764 1056 id
1816 991 1989 1075 quod
2047 990 2412 1074 contigerat
2461 989 2660 1055 huius

695 1079 931 1164 gratia,
978 1088 1045 1143 et
1087 1099 1163 1144 eo
1206 1076 1312 1143 die
1355 1098 1484 1160 quo
1528 1076 1685 1143 hinc
1725 1075 1925 1142 solvit
1958 1076 2287 1143 Gerardus
2320 1075 2661 1142 Michaelis

693 1164 907 1243 filius,
962 1164 1069 1229 cui
1124 1173 1199 1229 tu
1242 1163 1696 1229 testimonium
1741 1162 2031 1241 dederas,
2087 1161 2285 1227 rediit
2328 1165 2658 1246 Argento-

696 1257 871 1328 rato,
950 1249 1136 1315 nulla
1199 1270 1478 1333 usquam
1556 1249 1929 1316 conditione
1994 1247 2288 1313 literaria
2362 1248 2655 1313 inventa.

696 1333 897 1403 Solus
940 1334 1232 1401 medicus
1276 1334 1540 1401 volebat
1582 1354 1733 1399 eum
1777 1334 1952 1417 apud
1990 1354 2061 1399 se
2103 1332 2362 1413 habere,
2409 1332 2526 1399 sed
2559 1333 2659 1398 ita

695 1432 776 1487 ut
844 1421 1268 1507 gymnasium
1338 1442 1471 1485 non
1541 1420 1850 1498 intraret,
1918 1418 2035 1485 sed
2099 1439 2357 1503 semper
2427 1439 2657 1503 seque·

694 1516 883 1572 retur
939 1504 1287 1573 medicum.
1374 1505 1626 1571 Attulit
1677 1504 1737 1571 is
1793 1503 2018 1570 literas
2077 1525 2238 1588 quas
2292 1504 2483 1569 mitto
2537 1524 2657 1587 pcr

694 1592 1009 1658 nuncium
1067 1611 1203 1657 non
1246 1589 1407 1656 adeo
1450 1590 1749 1668 celerem,
1796 1589 1911 1655 sed
1955 1590 2127 1655 alius
2169 1611 2303 1655 non
2348 1589 2655 1656 occurrit.

691 1678 871 1744 Boni
915 1676 984 1741 id
1028 1675 1345 1743 consules.
1434 1673 1543 1740 Ad
1586 1675 1895 1742 ecclesias
1935 1676 2278 1742 mittemus
2330 1677 2659 1741 rationem

696 1783 1013 1830 censurae
1055 1781 1251 1846 quam
1294 1759 1738 1827 observamus.
1772 1762 1816 1843 ¹)
1904 1759 2214 1835 Ἀνιίδικος
2233 1764 2289 1844 ⁴2)
2336 1761 2657 1844 quaedam

695 1848 1028 1932 congessit
1068 1869 1139 1914 se
1161 1846 1391 1931 digna:
1436 1868 1557 1913 nos
1587 1847 1917 1913 noluimus
1944 1849 2075 1913 nisi
2116 1847 2363 1912 nudum
2410 1848 2658 1912 factum

690 1954 1073 2018 proponere,
1118 1933 1287 2016 quod
1309 1932 1407 1997 ita
1429 1932 1646 1998 habet.
1692 1932 2082 1999 Censendus
2105 1933 2328 2017 egredi
2363 1931 2655 1998 iubetur:

693 2040 822 2103 quo
867 2039 1131 2103 egresso
1183 2017 1348 2101 petit
1404 2017 1690 2084 decanus
1742 2038 1784 2084 a
1841 2018 2075 2086 vicinis
2129 2017 2441 2085 censendi
2498 2016 2657 2101 quid

686 2104 914 2171 norint
934 2105 1003 2168 in
1024 2104 1228 2169 fratre
1246 2102 1415 2187 quod
1440 2104 1657 2187 palam
1681 2103 1975 2169 offendat
1995 2104 2354 2184 ecclesiam,
2392 2113 2458 2169 et
2480 2103 2657 2168 unde

686 2189 1091 2274 impediatur
1125 2187 1488 2254 aedificatio
1534 2190 1863 2269 ecclesiae,
1915 2199 1984 2255 et
2030 2190 2311 2274 pastoris
2358 2190 2655 2256 ministe-

687 2277 864 2342 rium
908 2274 1370 2357 vilipendatur,
1413 2283 1558 2340 tum
1601 2282 1867 2359 propter
1913 2276 2133 2359 ipsum
2186 2285 2324 2341 tum
2385 2284 2657 2359 propter

689 2382 859 2427 suos.
927 2358 1216 2425 Demum
1255 2361 1622 2445 generatim
1659 2361 1739 2426 ab
1763 2361 1909 2427 aliis
1942 2362 2193 2446 petitur
2226 2360 2384 2446 quid
2421 2369 2658 2445 putent

689 2446 964 2533 dignum
1011 2445 1200 2512 cuius
1229 2446 1433 2510 frater
1459 2445 1908 2512 admoneatur.
1996 2447 2126 2514 Ubi
2153 2467 2380 2513 omnes
2415 2446 2653 2512 suffra-

686 2533 867 2618 gium
916 2531 1192 2596 tulerint
1234 2540 1506 2596 vocatur
1549 2533 1780 2609 frater,
1835 2539 1902 2598 et
1944 2533 2303 2599 secundum
2348 2532 2654 2599 conclusa

686 2639 807 2702 per
851 2618 1088 2682 fratres
1145 2616 1421 2682 candide
1480 2625 1549 2681 et
1609 2618 1813 2682 amice
1859 2617 2253 2683 admonetur
2294 2631 2371 2683 ut
2426 2624 2653 2683 sancte

687 2704 973 2769 officium
1031 2703 1224 2767 saciat
1273 2710 1341 2767 et
1383 2704 1721 2768 ecelesiam
1769 2702 2083 2769 aedificet.
2173 2705 2323 2769 Non
2364 2702 2572 2769 habeo
2593 2704 2650 2780 8)

685 2809 852 2872 quae
896 2799 1040 2899 3100
1059 2791 1119 2866 ⁴)
1166 2789 1581 2871 conscripsit:
1641 2797 1866 2853 tamen
1925 2791 1981 2855 si
2025 2789 2308 2856 nuncius
2350 2809 2649 2855 occurre·

684 2874 778 2939 rit
810 2871 894 2938 ad
952 2887 1019 2938 to
1078 2873 1356 2937 mittam.
1461 2871 1595 2938 Vix
1655 2874 1990 2958 potuimus
2045 2876 2431 2957 impetrare,
2501 2884 2647 2938 tan·-

684 2967 832 3024 tum
886 2966 1103 3042 potest
1146 2979 1269 3023 sua
1309 2958 1705 3084 pervicacia,
1756 2969 1833 3024 ut
1868 2960 2306 3025 Germanicae
2350 2960 2651 3027 consule·
2753 2974 2821 3030 H

684 3052 917 3112 rentur
966 3043 1293 3110 ecclesiae.
1345 3052 1373 3120 )
1434 3043 1727 3111 Gallicas
1776 3052 2034 3111 tantum
2087 3044 2362 3125 volebat,
2409 3052 2477 3110 et
2519 3045 2650 3110 nisi

680 3131 868 3218 prius
903 3131 1078 3195 ultro
1115 3129 1575 3212 acquievisset,
1633 3150 1766 3195 non
1822 3131 2174 3197 verebatur
2229 3132 2373 3197 sine
2427 3131 2649 3195 fron'te

680 3218 972 3284 reiicere.
1059 3216 1240 3282 Istuc
1283 3215 1619 3281 mittemus
1664 3223 1730 3281 et
1796 3216 1880 3281 ad
1935 3216 2118 3283 alios.
2205 3217 2413 3283 Recte
2476 3218 2648 3281 fece-

680 3303 776 3368 ris
842 3303 900 3368 si
962 3309 1110 3367 tuos
1172 3300 1684 3385 praemonueris.
1784 3301 2108 3384 Quamvis
2177 3323 2284 3369 res
2355 3311 2493 3367 tam
2562 3302 2650 3367 sit

682 3396 913 3472 aperta
947 3398 1022 3453 ut
1056 3407 1187 3451 non
1224 3385 1591 3451 existimem
1628 3408 2018 3471 quemquam
2053 3407 2239 3455 secus
2274 3409 2646 3466 sensurum,

679 3473 817 3539 imo
849 3473 1044 3556 plura
1087 3470 1528 3537 admissurum
1571 3472 1642 3537 iu
1665 3494 1860 3539 usum
1902 3473 2227 3540 ecclesiae.
2293 3474 2545 3539 Tamen
2587 3473 2645 3539 si

681 3581 814 3645 qua
854 3561 943 3624 sit
986 3557 1205 3640 pestis,
1250 3577 1384 3622 non
1430 3555 1765 3624 dissimilis
1821 3558 1904 3625 iis
1946 3560 2056 3642 qui
2103 3559 2449 3625 Christum
2493 3580 2643 3625 cru-

680 3644 859 3729 cifigi
901 3643 1235 3726 petierunt
1268 3652 1336 3707 et
1378 3642 1448 3707 in
1493 3641 1616 3710 hoc
1657 3643 1916 3728 plebem
1951 3645 2379 3725 induxerunt,
2423 3653 2501 3711 ut
2546 3646 2642 3711 vi-

681 3730 804 3797 deo
873 3749 1016 3795 esse
1087 3726 1207 3793 hos
1274 3728 1595 3808 larvatos,
1681 3751 1813 3795 non
1882 3732 2132 3797 malum
2199 3732 2399 3797 fuerit
2470 3731 2643 3798 bono

680 3816 934 3882 malum
989 3821 1428 3898 praevertere.
1544 3815 1874 3882 Dominus
1935 3817 2121 3884 Iesus
2173 3838 2214 3883 a.
2268 3816 2460 3882 malis
2520 3839 2642 3882 nos

679 3902 937 3967 liberet.
1028 3898 1098 3963 Is
1141 3899 1343 3982 gestit
1383 3905 1457 3964 ut
1513 3900 1706 3966 video
1750 3900 1920 3984 quod
1965 3905 2241 3970 facessat
2283 3902 2640 3987 negotium,

681 3985 1061 4052 Herostrati
1102 3984 1332 4049 morbo
1367 3985 1690 4052 laborans.
1762 3986 2269 4071 christophorum
2310 3988 2446 4052 iam
2481 3996 2640 4070 puto

685 4081 752 4137 t'e
794 4071 1087 4136 omnium
1132 4067 1585 4149 admonuisse,
1643 4093 1835 4156 quem
1879 4082 1947 4138 et
1989 4073 2183 4152 alios,
2238 4081 2313 4138 ut
2354 4071 2640 4157 expedit,

681 4176 1110 4241 praemonere
1147 4156 1327 4222 velis.
1419 4157 1602 4222 Nihil
1649 4179 1913 4240 possum
1946 4159 2313 4243 intelligere
2356 4178 2485 4241 quo
2529 4159 2639 4242 pie

684 4263 967 4309 evasura
1009 4241 1125 4320 sit,
1185 4262 1272 4306 an
1317 4241 1482 4307 benc
1526 4244 2012 4329 coniungentur
2053 4243 2248 4310 corda
2289 4244 2434 4328 (sed
2478 4242 2639 4328 quid

682 4330 831 4394 fieri
874 4335 1092 4410 potest
1133 4327 1275 4393 sine
1297 4327 1653 4407 Christo‘P),
1699 4349 1786 4394 an
1830 4327 2205 4396 incendium
2246 4329 2638 4395 mainsinde

681 4413 1096 4480 excitabitur.
1184 4413 1464 4480 Praeter
1507 4414 1676 4480 bella
1715 4436 1884 4499 quae
1917 4437 2052 4481 non
2093 4421 2255 4482 sunt
2294 4415 2522 4500 sopita,
2567 4423 2639 4482 et

719 4633 851 4692 579.
890 4634 943 4702 1)
988 4633 1127 4687 Vide
1187 4634 1570 4689 documentum
1642 4636 1790 4705 quod
1852 4637 2104 4704 prostitue
2171 4642 2440 4706 sequetur.
2547 4637 2635 4704 Cf.

681 4699 1020 4768 Kirchhot‘er
1054 4702 1228 4757 Farel
1261 4704 1351 4758 II.
1380 4720 1443 4772 p.
1481 4703 1561 4756 76.

885 4773 945 4826 2)
985 4770 1375 4840 Capunculus,
1424 4773 1490 4826 de
1535 4787 1641 4841 quo
1676 4773 1957 4843 plurimae
2001 4774 2119 4830 ιάιιι
2161 4779 2325 4843 ayent
2370 4775 2637 4844 epistolae

679 4838 828 4894 hanc
859 4845 1209 4909 sequuturae.

886 4915 941 4970 3)
978 4910 1173 4977 Neque
1216 4927 1318 4963 nos
1368 4910 1657 4979 habemus,
1706 4912 1974 4981 siquidem
2016 4912 2085 4967 de
2127 4912 2240 4967 alio
2287 4913 2416 4968 sev-2⁶¹
2437 4918 2493 4966 to
2539 4912 2637 4981 αμι·

680 4976 920 5043 disceris,
940 5046 951 5057 υ
974 4984 1139 5056 atque
1189 4994 1250 5034 eo
1302 4980 1449 5047 quod
1494 4997 1623 5035 mox
1665 4981 1789 5051 ipse
1834 4981 2095 5038 Farellus
2138 4997 2265 5037 eum
2308 4982 2634 5050 Bullinqero

674 5047 1113 5166 eommugiealnt.

931 5129 942 5171 l
982 5129 1077 5168 ste.

886 5184 947 5240 ὃ)
986 5184 1194 5238 Νειηιε
1226 5185 1566 5255 Helveticae,
1624 5192 1676 5242 et
1718 5191 1956 5243 maxime
2011 5188 2331 5248 Turieeusis
2367 5188 2517 5243 (vide
2552 5187 2632 5243 N.

677 5248 997 5389 ἓὲθῖἑθῧηι
1032 5254 1198 5308 etiam
1244 5254 1725 5323 Argentoratensis
1772 5258 1864 5325 (ef.
1902 5258 1984 5313 N.
2018 5259 2150 5324 597)
2199 5263 2252 5313 et
2296 5257 2636 5312 Basileensis

2244 404 2774 476 BPIS'I'OLAE
2820 408 3159 472 579—582

4577 411 4690 472 760

2761 593 3003 659 famem
3024 594 3083 676 ⁸)
3139 613 3309 678 quae
3362 593 3541 660 lente
3596 594 3767 678 agit,
3836 600 3908 659 et
3959 595 4210 677 pestem
4267 611 4434 676 quae
4487 594 4690 678 serpit,

2762 680 3005 747 bestias
3044 679 3347 745 immittit
3378 678 3708 747 Dominus
3748 699 3916 763 quae
3957 676 4270 762 parvulos
4313 677 4555 761 aliquot
4591 678 4694 746 de-

2760 773 3098 832 vorarunt.
3185 765 3280 831 Et
3321 764 3633 849 quidquid
3678 786 3950 850 agamus
3993 772 4107 829 aut
4150 763 4516 850 loquamur,
4570 785 4695 831 non

2762 872 3108 935 possumus
3172 852 3527 934 impetrare
3597 860 3674 917 ut
3735 851 3808 916 in
3866 849 4229 916 Dominum
4293 856 4695 917 convertatur

2765 936 2945 1021 plebs
2988 946 3056 1002 et
3098 958 3253 1004 vere
3306 937 3662 1020 resipiscat.
3751 936 3970 1019 Quam
4028 955 4261 1002 vereor
4314 956 4400 1001 ne
4452 943 4697 1004 tantum

2762 1023 2851 1089 sit
2903 1022 3115 1106 plebis
3171 1021 3363 1106 culpa
3420 1022 3537 1088 sed
3594 1029 3929 1106 pastorum
3987 1042 4255 1105 quoque.
4354 1021 4697 1088 Precemur

2762 1128 2914 1259 3:35?
2927 1108 4016 1277 020303¹g¹2³0.m.0353515.?3⁸⁶aff
4056 1105 4699 1260 ”flzffioefflfmffss

2760 1278 2968 1346 tobris
3017 1285 3199 1346 1544.
3289 1277 3527 1346 Saluta
3559 1278 4061 1360 Rerum-diuum,
4102 1278 4436 1356 Davidem,
4486 1279 4702 1344 Genes-

2758 1370 2971 1432 tonum
3013 1372 3082 1431 et
3113 1366 3396 1450 reliquos
3438 1386 3683 1446 omnes,
3727 1386 3815 1432 ne
3855 1375 4264 1449 praeteream
4303 1384 4590 1430 uxorem.

3992 1500 4296 1568 Farellus
4333 1509 4508 1567 tuus.

3553 1762 3930 1771 -.—--—---

3668 1945 3824 2017 580.
3897 1915 3904 1926 '

2908 2081 3342 2151 causum
3384 2081 4121 2150 scenasIAsmoA
4162 2082 4283 2150 on
4295 2082 4551 2152 Ass1s

3396 2184 4078 2282 NEoooMENsIs.

2933 2354 3132 2421 Cuius
3163 2357 3553 2438 exemplaria
3587 2358 3675 2424 ad
3705 2357 3928 2422 varias
3960 2357 4248 2424 ecelesias
4274 2359 4483 2424 missa
4508 2358 4707 2440 fuisse

2757 2442 2923 2507 dooet
2961 2443 3220 2525 epistola
3255 2442 3503 2509 Farelli
3545 2444 3631 2509 ad
3658 2442 3990 2508 Calvinum
4031 2463 4222 2526 quam
4264 2445 4447 2510 modo
4492 2444 4707 2530 ῑεμίειί.

2757 2527 3106 2594 Adduntur
3147 2528 3249 2594 hie
3289 2529 3737 2596 observationes
3778 2529 4029 2594 criticae
4074 2527 4448 2612 Gapunculi.
4477 2533 4526 2606 ¹)

2757 2699 2983 2765 (Exstat
3025 2698 3083 2752 in
3121 2698 3377 2753 Archivis
3423 2698 3603 2754 Tui-ic.
3650 2700 3794 2753 Plut.
3832 2699 3928 2753 VI.
3965 2698 4089 2754 Vol.
4127 2697 4232 2752 114
4276 2701 4408 2754 olim
4457 2702 4522 2755 B.
4569 2700 4707 2782 Epp.

2755 2775 2795 2822 t.
2833 2767 2952 2821 v11.
2988 2768 3049 2822 P.
3088 2775 3289 2838 poster.
3326 2768 3418 2823 fol.
3440 2765 3597 2824 270¹.
3664 2768 3936 2822 Rubricae
3971 2773 4030 2821 et
4063 2785 4192 2838 pars
4224 2769 4506 2838 posterior
4538 2770 4557 2823 i
4627 2785 4710 2824 ms

2754 2837 2955 2892 Fau-elli
2988 2853 3150 2890 mauu
3174 2836 3425 2905 scriptae,
3464 2839 3558 2907 qui
3592 2837 3751 2890 huius
3785 2837 4096 2891 documenti
4130 2839 4415 2907 exemplar
4451 2839 4710 2892 Turicum

2755 2906 2905 2961 misit
2939 2906 3126 2958 addita
3170 2905 3550 2972 inscriptione:
3600 2904 3933 2960 Beatissimo
3978 2908 4031 2959 et
4066 2905 4209 2975 pari
4245 2907 4464 2974 pietate
4496 2904 4711 2976 insimu'

2858 2973 2870 2985 '
2951 2972 2963 2985 ‘
3104 2972 3428 3042 Bulliuqero
3471 2973 3726 3030 ecelesiae
3777 2973 4081 3042 Time-inae
4165 2976 4346 3030 aeteri
4394 2976 4711 3046 plurimum

3085 3043 3443 3113 observando,
3486 3044 3699 3113 Τι’μανί.
3735 3072 3804 3083 -
3838 3046 4050 3098 simler.
4142 3046 4212 3099 ol.
4244 3044 4361 3113 56.)

3357 3214 3607 3287 Classis
3645 3215 4096 3283 Neoeomensis.

2921 3335 3306 3403 Admonitio
3352 3343 3418 3400 et
3460 3336 3772 3402 correctio
3813 3337 3990 3402 inter
4033 3336 4217 3403 verbi
4250 3338 4601 3405 ministros
4642 3338 4713 3402 in

2750 3422 2928 3488 hunc
2969 3421 3237 3488 modum
3274 3428 3612 3487 tractatur.
3679 3419 3814 3503 Qui
3848 3421 4299 3488 admonendus
4343 3433 4453 3490 ost
4488 3420 4713 3509 egredi

2747 3507 3040 3574 iubetur:
3099 3527 3226 3590 quo
3281 3526 3544 3591 egresso
3583 3508 3840 3590 quaerit
3898 3507 4184 3574 decanus
4224 3529 4311 3574 ex
4357 3509 4602 3576 vicinis
4644 3515 4713 3573 et

2746 3592 3173 3658 familiaribus
3231 3592 3375 3657 eius
3431 3592 3488 3658 si
3541 3592 3699 3676 quid
3752 3593 3980 3658 norint
4034 3594 4105 3659 in
4147 3614 4224 3659 oo
4277 3595 4497 3661 fratre
4540 3592 4712 3679 quod

2744 3678 2962 3762 palam
3005 3677 3294 3743 offendat
3335 3677 3691 3756 ecclesiam,
3750 3677 3924 3744 unde
3967 3679 4369 3762 impediatur
4414 3682 4563 3748 eius
4604 3699 4710 3746 ae-

2746 3762 3028 3830 dificatio
3080 3770 3149 3828 et
3204 3762 3483 3847 pastoris
3536 3763 3981 3829 ministerium
4046 3766 4420 3849 vituperari
4487 3766 4711 3851 possit,

2745 3861 2887 3914 tum
2993 3856 3215 3931 ropter
3270 3849 3489 3931 ipsum
3555 3859 3697 3914 tum
3761 3862 4030 3934 propter
4090 3851 4301 3935 ipsius
4361 3852 4707 3918 familiam.

2747 3934 2916 3999 Dein
2966 3955 3003 3998 e
3044 3933 3425 4019 singulatim
3481 3956 3564 4000 ex
3620 3936 3896 4002 caeteris
3949 3937 4288 4019 quaeritur
4344 3937 4532 4022 quod
4573 3957 4712 4003 om-

2745 4019 2901 4085 nino
2945 4018 3217 4103 dignum
3268 4028 3504 4103 putent
3554 4020 3636 4086 de
3692 4042 3822 4104 quo
3875 4022 3987 4086 ille
4029 4021 4488 4091 admoneatur.
4580 4021 4710 4090 Ubi

2743 4106 2987 4190 singuli
3041 4106 3434 4172 sententiam
3494 4107 3785 4172 dixerint
3847 4118 4122 4174 vocatur
4181 4110 4427 4189 frater,
4498 4118 4572 4176 et
4623 4128 4709 4174 ex

2741 4191 3037 4256 omnium
3079 4190 3348 4257 consilio
3391 4199 3586 4276 atque
3626 4192 3865 4259 iudicio
3907 4192 4183 4258 candide
4225 4205 4296 4260 et
4338 4196 4558 4262 amico
4596 4192 4709 4259 ad·

2741 4286 3049 4428 ffignemr
3088 4286 3165 4342 ut
3220 4288 3446 4345 sancte
3502 4279 3789 4344 officium
3842 4278 4038 4345 faciat
4078 4278 4561 4366 ecclesiamque
4602 4300 4709 4346 ae-

2791 4365 2803 4378 '
2859 4370 2980 4429 cet.

3324 4499 3757 4568 Adversarius
3796 4501 4038 4569 classis.
4050 4501 4108 4586 ²)

2918 4642 2970 4702 1.
3036 4636 3373 4704 Oorrectio
3407 4641 3701 4705 fraterna
3738 4647 3841 4704 est
3873 4647 4056 4705 actus
4092 4640 4393 4708 caritatis
4429 4643 4556 4709 sub
4578 4638 4703 4708 Dei

2738 4730 3083 4806 praecepto
3126 4723 3383 4803 cadens,
3428 4744 3468 4789 a
3508 4725 3698 4792 cuius
3736 4724 4131 4808 obligatione
4174 4728 4522 4794 neminem
4566 4725 4703 4800 cxi,-

2738 4809 3048 4873 mendum
3091 4808 3407 4876 ducimus.

2935 4933 3074 4940 ..——..-
3085 4934 3148 4940 —

2937 4979 3000 5040 6)
3040 4979 3118 5033 Ν.
3155 4980 3250 5032 571
3289 4986 3388 5035 not
3439 4981 3491 5035 2.

2770 5048 2905 5108 580.
2949 5050 3000 5102 1)
3037 5049 3123 5115 Cf.
3158 5050 3324 5103 etiam
3356 5066 3442 5118 ep.
3480 5049 3698 5108 Fae-elli
3728 5049 3806 5104 ad
3838 5051 4224 5119 Bulliuqerum
4258 5050 4345 5105 20.
4380 5052 4507 5107 Dec
4571 5049 4700 5105 1544

2736 5122 2802 5170 et·
2831 5116 2917 5170 22.
2953 5116 3119 5172 Febr.
3175 5118 3304 5172 1545
3348 5125 3400 5173 et
3441 5120 3994 5186 Arqentorateusium
4037 5121 4116 5175 ad
4160 5121 4572 5178 Neoeomenses
4614 5118 4696 5172 29.

2738 5185 2858 5239 Dec
2915 5188 3061 5240 1544.
3142 5186 3419 5241 Censurae
3462 5188 3634 5242 huius
3687 5190 3908 5244 ,nodum
3965 5195 4016 5244 et
4049 5191 4517 5248 consuetudinem
4568 5185 4693 5245 olim

2734 5257 2889 5319 (ante
2922 5273 2977 5377 αἳ.
3019 5254 3175 5380 1328)
3198 5254 3438 5380 ηίζιαεῃαν
3473 5256 3785 5326 Μεμαηᾱεν
3817 5259 4083 5315 Neoeomi
4114 5259 4464 5318 instituerat.

2979 5335 3001 5390 )
3114 5338 3197 5395 Fu
3323 5340 3409 5380 “⁸-
3851 5343 3854 5346 ’
3961 5365 3966 5372 ·
