5050 6167
609 434 744 499 211
1416 414 1423 423 '
2154 425 2682 496 EPISTOLAE
2726 429 3086 493 sos—30⁷.
4501 426 4630 490 212

608 621 874 689 lumina
914 640 1036 705 pro
1076 617 1523 684 instaurandis
1566 617 1878 685 ecclesiis.
1964 617 2203 682 Visum
2248 619 2372 682 fuit
2412 618 2575 701 ipsis

608 708 854 775 fratres
900 706 1186 772 salutare
1227 705 1455 771 literis.
1530 703 1878 787 Philippus
1921 703 2035 770 ille
2050 707 2107 782 ⁸)
2165 704 2573 788 provinciam

612 792 903 876 suscepit
944 813 1020 857 ac
1062 792 1357 857 omnium
1400 791 1670 856 nomine
1713 791 1991 873 scripsit.
2078 791 2225 873 Ego
2259 790 2574 854 fratribus

610 878 784 944 dedi.
874 878 965 943 Et
1016 877 1321 961 quamvis
1377 883 1523 960 post
1573 876 1737 941 alios
1781 876 2086 959 legerem,
2140 885 2364 940 tamen
2407 875 2574 938 mihi

612 986 748 1030 non
816 971 972 1029 sunt
1033 964 1216 1029 visae
1279 963 1406 1028 nisi
1475 962 1624 1046 piae
1695 982 1770 1028 ao
1823 962 2061 1045 dignae
2116 982 2276 1043 quas
2343 960 2572 1025 audire

616 1048 897 1115 debeant
936 1049 1049 1132 pii.
1139 1049 1432 1133 Attingit
1473 1046 1649 1113 idem
1706 1047 1833 1112 alia
1878 1047 1957 1112 de
2001 1048 2412 1111 institutione
2454 1046 2573 1112 illa

615 1142 770 1201 ante
847 1155 1146 1212 coenam,
1224 1134 1573 1218 praecipue
1649 1133 1821 1216 quod
1887 1133 1969 1198 ad
2046 1132 2243 1197 fidem
2312 1134 2568 1208 attinet,

612 1220 784 1306 quod
841 1220 1157 1287 fratribus
1211 1241 1342 1285 uon
1411 1219 1674 1284 videtur
1747 1217 2135 1298 absurdum,
2199 1239 2330 1283 non
2396 1216 2572 1301 quod

612 1307 828 1373 velint
867 1307 1274 1390 pontificium
1320 1304 1569 1388 aliquid
1611 1325 1933 1383 revocare,
1972 1303 2289 1387 siquidem
2336 1304 2441 1369 vel
2486 1302 2571 1369 ad

613 1393 819 1458 solam
863 1393 1189 1475 pontificis
1247 1391 1621 1456 antichristi
1661 1391 2226 1456 nomenclaturam
2278 1390 2567 1469 horrent,

610 1479 876 1563 quidvis
918 1479 1138 1561 potius
1183 1476 1530 1543 admissuri
1575 1498 1774 1560 quam
1820 1486 2078 1541 tantum
2124 1477 2382 1541 hostem
2429 1477 2567 1561 pie·

608 1566 764 1630 tatis
817 1565 929 1629 vel
986 1562 1231 1646 aliquid
1292 1563 1375 1628 ab
1430 1584 1506 1628 eo
1551 1563 1933 1645 profectum.
2025 1560 2159 1627 Sed
2203 1584 2406 1645 quum
2451 1583 2567 1626 ex-

607 1650 947 1734 periamur
990 1670 1237 1726 omnes,
1283 1649 1764 1714 sanctissimam
1808 1668 2079 1713 coenam
2122 1657 2188 1711 et
2231 1648 2416 1712 nulla
2459 1669 2566 1712 ra-

606 1738 787 1802 tione
841 1733 1312 1819 profanandam
1378 1735 1690 1801 ecclesiae
1755 1735 2278 1799 communionem
2344 1735 2565 1799 offerri

610 1822 1087 1906 profanissimis
1131 1829 1198 1885 et
1237 1841 1490 1885 summe
1534 1820 1754 1903 impiis
1795 1819 2187 1896 hominibus,
2244 1821 2354 1901 qui
2398 1819 2564 1883 nihil

610 1914 844 1973 tenent
885 1928 1103 1990 neque
1148 1916 1395 1972 norunt
1439 1906 1722 1986 Christi,
1770 1925 1932 1989 quos
1978 1906 2034 1971 si
2077 1906 2261 1988 prius
2303 1906 2563 1970 intincti

607 2014 746 2059 uon
795 2002 1016 2058 essent
1068 2014 1260 2058 nemo
1316 1991 1723 2067 admitteret,
1792 1992 1923 2056 nisi
1989 1992 2426 2075 interrogatos
2483 1991 2565 2056 de

604 2079 753 2157 fide,
800 2077 884 2145 ad
928 2099 1188 2144 sacrum
1232 2077 1600 2143 lavacrum:
1657 2078 1897 2160 alioqui
1940 2078 2284 2161 profanare
2327 2077 2564 2142 merito

606 2164 933 2231 diceretur
996 2172 1477 2230 sacrosanctam
1544 2163 1798 2229 Christi
1870 2164 2382 2243 institutionem,
2450 2163 2561 2247 qui

604 2252 701 2316 ita
755 2252 897 2316 sine
953 2251 1172 2333 aliqua
1225 2250 1676 2333 exploratione
1732 2248 2156 2333 intingendos
2222 2248 2389 2315 tales
2455 2271 2564 2314 cu-

602 2345 802 2415 raret,
846 2357 977 2402 non
1023 2336 1263 2400 minori
1308 2336 1640 2419 religione,
1685 2358 1769 2401 ne
1813 2335 2026 2400 dicam
2077 2336 2326 2413 maiori,
2376 2355 2561 2400 sanc-

604 2423 859 2488 tissima
903 2443 1103 2487 coena
1137 2420 1354 2486 danda
1395 2422 1598 2502 venit,
1645 2443 1686 2486 a
1720 2442 1848 2503 qua
1881 2422 2116 2486 merito
2153 2420 2562 2486 excludimus

603 2530 764 2593 quos
819 2508 900 2573 ab
949 2507 1333 2573 intinctione
1387 2528 1526 2572 non
1581 2529 1897 2573 arcemus.
1999 2508 2250 2590 Atque,
2304 2515 2384 2572 ut
2439 2527 2562 2591 ego

601 2597 887 2679 ingenue
941 2596 1180 2671 fatear,
1237 2592 1423 2657 nulla
1476 2614 1550 2658 re
1602 2594 1814 2677 magis
1872 2613 2079 2678 angor
2132 2594 2380 2671 animo,
2439 2615 2560 2658 nec

601 2679 954 2764 quidquam
1020 2681 1088 2744 in
1156 2678 1429 2745 eeclesia
1491 2700 1616 2763 ago
1682 2679 1854 2762 quod
1908 2679 2003 2744 ita
2067 2700 2172 2743 me
2236 2687 2415 2756 urat,
2483 2687 2562 2743 ut

603 2788 841 2834 coenae
895 2765 1395 2832 administratio.
1486 2765 1600 2830 Me
1638 2771 1897 2829 tantum
1955 2785 2089 2829 non
2134 2764 2563 2847 perdiderunt

601 2854 713 2936 qui
758 2851 985 2917 multis
1042 2851 1242 2935 aliqui
1307 2871 1449 2915 esse
1490 2850 1828 2931 videntur,
1886 2849 2009 2915 sibi
2069 2872 2221 2916 vcro
2264 2850 2557 2929 maximi,

601 2960 763 3023 quos
851 2937 1199 3002 studebam
1305 2936 1606 3002 attollere
1697 2944 1775 3001 ut
1852 2936 2121 3002 Christo
2209 2936 2556 3002 servirent.

599 3023 856 3090 Verum
900 3023 1034 3088 illis
1080 3022 1246 3089 alius
1291 3043 1423 3087 non
1470 3030 1573 3088 est
1613 3021 1922 3088 Christus
1973 3043 2169 3105 quam
2226 3030 2555 3105 quaestus,

598 3110 810 3195 gloria
852 3131 1002 3176 cum
1046 3110 1178 3174 otio
1223 3108 1575 3191 voluptatis
1619 3108 1832 3193 pleno.
1932 3109 2029 3173 Hi
2074 3118 2206 3173 tam
2254 3109 2557 3191 perfunc-

597 3197 766 3262 torie
833 3202 1045 3278 agunt
1112 3195 1333 3260 omnia
1397 3215 1594 3278 quam
1654 3195 1786 3260 rasi
1851 3194 2009 3259 olim
2076 3216 2226 3260 suas
2293 3195 2557 3261 obmur-

598 3281 958 3347 murabant
1000 3299 1256 3363 preces:
1314 3281 1409 3344 ita
1460 3302 1730 3346 coenam
1796 3287 1863 3345 et
1929 3280 2383 3346 intinctionem
2440 3301 2558 3344 ex-

596 3367 893 3453 pediunt,
937 3366 1058 3430 vix
1099 3367 1260 3450 ipsis
1304 3365 1694 3451 denegaturi
1734 3365 2023 3445 canibus,
2067 3366 2260 3431 modo
2302 3366 2558 3450 placeat

597 3452 836 3537 populo
892 3472 1088 3536 quam
1145 3473 1178 3517 a
1276 3461 1354 3516 nt
1403 3451 1721 3517 fabulam:
1770 3452 1946 3517 aliud
2003 3473 2137 3517 non
2179 3460 2339 3536 puto
2383 3452 2555 3517 eius·

597 3538 779 3605 modi
820 3536 1103 3602 credere.
1265 3556 1386 3604 auc
1431 3538 1878 3604 confusionem
1921 3538 2229 3604 eeclesiae
2286 3560 2361 3604 ac
2414 3559 2554 3602 om-

597 3625 784 3691 nium
855 3623 1343 3706 dissipationem
1422 3634 1850 3707 catenamque
1916 3623 2273 3704 malorum,
2350 3645 2556 3708 quum

597 3731 773 3778 nova
832 3709 1046 3775 indies
1111 3717 1452 3794 emergant
1516 3710 1729 3776 auctis
1848 3710 2154 3790 rioribus,
2221 3720 2554 3793 acceptam

600 3797 738 3862 fero
801 3795 1241 3880 profanationi
1301 3797 1767 3880 mysteriorum
1882 3796 1975 3874 ei,
2036 3796 2194 3861 dum
2237 3795 2381 3861 sine
2447 3794 2556 3859 de-

600 3882 775 3948 lectu
834 3882 1049 3965 porcis
1119 3901 1194 3947 ac
1263 3883 1536 3947 canibus
1595 3880 2041 3948 obtruduntur
2084 3882 2318 3946 omnia.
2407 3880 2556 3946 Ma·

602 3969 923 4054 gistratus
968 3966 1290 4050 quomodo
1335 3990 1404 4033 se
1449 3978 1637 4052 gerat
1680 3967 1945 4052 passim,
1988 3968 2100 4033 alii
2143 3967 2398 4033 vident:
2446 3967 2556 4032 hie

645 4052 760 4118 uid
847 4052 1293 4119 desideremus
1372 4054 1561 4138 iuges
1649 4054 1880 4119 docent
1978 4052 2554 4135 expostulationes.

600 4076 739 4221 {ui
774 4139 1024 4222 primas
1060 4146 1259 4219 tenet,
1304 4141 1555 4221 primus
1580 4159 1655 4204 ac
1690 4140 2078 4224 praecipuus
2099 4160 2220 4222 per
2241 4138 2559 4203 familiam

602 4226 878 4291 offendit
932 4225 1292 4304 ecclesiam,
1352 4246 1474 4291 nec
1520 4225 1745 4290 dubit-o
1791 4247 1931 4291 esse
1981 4226 2091 4308 qui
2136 4232 2398 4290 tantum
2443 4244 2574 4306 pa·-

604 4332 753 4376 nem
810 4312 1121 4376 auferunt
1173 4333 1214 4376 a
1283 4332 1513 4389 coena,
1576 4313 1852 4377 verbum
1918 4332 2130 4394 neque
2195 4319 2561 4393 sequuntur

600 4416 816 4480 neque
859 4395 1149 4462 audiunt.
1169 4395 1228 4481 ⁴)
1316 4396 1460 4462 Has
1538 4396 1716 4463 labes
1792 4395 2132 4475 ecclesiae,
2193 4417 2277 4461 ne
2342 4404 2560 4479 pestes

604 4482 838 4560 dicam,
882 4484 938 4548 si
976 4482 1055 4547 de
1090 4481 1219 4547 fide
1258 4483 1442 4565 prius
1464 4481 1692 4549 liceret
1724 4484 2151 4566 interrogare,
2171 4482 2562 4548 haberemus

603 4588 874 4634 coenam
921 4568 1133 4652 magis
1199 4568 1625 4651 compositam
1682 4577 1750 4634 et
1800 4568 1949 4651 plus
2008 4570 2261 4634 fructus
2316 4589 2400 4632 ex
2454 4585 2557 4631 ea:

604 4662 672 4720 et
713 4661 960 4739 quanto
996 4653 1401 4737 frequentior
1433 4663 1623 4732 esset,
1670 4674 1746 4720 ac
1780 4655 1991 4719 maior
2025 4652 2562 4737 participantium

602 4762 774 4826 pane
830 4739 1102 4805 Domini
1159 4739 1324 4804 ratio
1381 4739 1759 4819 haberetur,
1818 4748 2003 4805 tanto
2047 4740 2258 4824 magis
2301 4738 2563 4822 experi-

602 4847 828 4892 remur
872 4826 1230 4891 Dominum
1291 4827 1653 4906 efficacem,
1712 4848 1831 4910 per
1883 4827 2184 4910 spiritum
2231 4846 2445 4906 suum,
2489 4825 2560 4889 in

604 4913 746 4978 suis
816 4911 1246 4977 sanctissimis
1311 4913 1663 4995 mysteriis.
1762 4913 1957 4978 Nunc
2037 4934 2238 4995 quum
2297 4921 2562 4977 vocatus

602 4998 714 5064 hic
750 4999 970 5063 omnia
1006 5005 1144 5062 tam
1178 4997 1553 5063 inordinata
1585 4999 1961 5082 repererim,
2006 5018 2081 5064 ac
2117 5018 2353 5083 querar
2387 4997 2562 5082 apud

604 5283 727 5341 ΠΙ
773 5218 1100 5342 13295112022
1136 5250 1201 5259 -
1238 5219 1684 5275 Metam-amas
1726 5220 2011 5290 epistolam
2055 5220 2223 5277 nabes
2265 5221 2331 5275 in
2377 5218 2438 5276 ο.
2485 5218 2562 5277 Β.

724 5324 739 5340 ”
817 5354 875 5423 4)
914 5327 1000 5423 bt.
1036 5356 1334 5427 Hoffinqor
1367 5355 1447 5412 K.
1485 5356 1555 5414 0.
1591 5357 1718 5413 111.
1756 5358 1876 5416 ⁷47.

2676 617 3039 682 Dominum
3095 623 3161 682 et
3210 616 3358 699 pios
3374 667 3391 695 ,
3449 636 3535 681 ex
3589 617 3807 682 animo
3845 616 4036 699 cupio
4078 613 4468 694 consult-um,
4514 622 4633 681 aut

2677 724 2785 766 me
2827 723 3099 786 prorsus
3141 703 3345 767 latere
3389 701 3673 767 liberum
3714 723 3755 768 a
3797 709 3978 767 tanto
4023 722 4249 781 onere,
4306 701 4479 783 qnod
4517 701 4630 767 de·-

2677 809 2920 871 ponere
2964 809 3100 853 non
3155 788 3362 853 audeo
3415 809 3615 872 quum
3674 809 3716 853 a
3756 787 4042 853 Domino
4097 787 4479 872 impositum
4522 788 4630 869 sit,

2677 895 2890 957 neque
2944 876 3118 939 ferre
3172 893 3468 957 possum:
3535 875 3679 957 pios
3760 873 4127 939 hortatores
4203 876 4273 938 in
4339 872 4632 940 Domino

2677 961 2930 1043 excipio
2987 969 3052 1025 et
3116 959 3398 1044 gratiam
3454 960 3665 1025 habeo
3731 958 4143 1026 studentibus
4208 958 4293 1025 ad
4357 960 4634 1025 meliora

2675 1068 2782 1111 me
2841 1047 3126 1112 invitare
3187 1046 3271 1111 ad
3335 1066 3503 1129 quae
3564 1047 3797 1129 aspir0.
3900 1046 4051 1110 Non
4117 1047 4292 1110 enim
4356 1046 4633 1128 quiescit

2677 1132 2939 1197 animus
3011 1132 3086 1196 in
3140 1139 3276 1196 tam
3342 1132 3790 1215 incompositis
3855 1132 4066 1197 rebus.
4169 1132 4364 1196 Hanc
4428 1132 4633 1216 igitur

2676 1238 2816 1283 esse
2859 1219 3040 1282 viam
3084 1226 3273 1301 puto,
3335 1239 3536 1299 quum
3580 1218 3759 1283 aliud
3813 1238 3948 1281 non
4003 1236 4296 1295 cernam,
4353 1226 4429 1281 ut
4465 1237 4632 1301 quos

2674 1324 2808 1369 non
2851 1306 3035 1388 prius
3077 1305 3409 1382 novimus,
3469 1325 3544 1370 ac
3602 1303 3683 1369 de
3726 1325 4004 1387 quornm
4056 1301 4185 1368 fido
4227 1303 4463 1368 merito
4505 1301 4629 1368 du-

2675 1389 2989 1467 bitamus,
3041 1390 3521 1474 interrogemus
3570 1387 3726 1472 quid
3779 1389 4052 1454 credant
4103 1398 4170 1453 et
4212 1390 4506 1454 sentiant
4547 1388 4630 1455 de

2672 1477 2753 1540 iis
2795 1476 2867 1540 in
2913 1475 3150 1557 quibus
3202 1474 3396 1542 cardo
3452 1485 3717 1540 nostrae
3761 1474 3993 1540 salutis
4035 1483 4366 1554 versatur,
4427 1483 4495 1540 et
4535 1476 4631 1540 sic

2673 1561 3055 1646 diligentius
3130 1562 3289 1644 quid
3356 1561 3599 1627 talibus
3664 1560 3969 1644 expediat
4031 1581 4492 1643 pernoscamus
4552 1581 4628 1627 ac

2672 1668 2996 1712 curemus
3097 1648 3268 1712 Nam
3325 1648 3380 1712 si
3436 1647 3585 1730 quis
3634 1656 3986 1729 rumpatur
4050 1646 4493 1711 concionando
4557 1653 4625 1711 et

2671 1755 2804 1798 non
2849 1733 2968 1799 hos
3011 1735 3366 1799 conveniat
3408 1744 3475 1797 et
3519 1732 3757 1809 audiat,
3819 1731 3988 1799 nihil
4028 1733 4282 1797 efficiet.
4370 1732 4624 1798 Paulus

2669 1841 2802 1883 non
2859 1828 3122 1884 tantum
3165 1839 3391 1884 omnes
3445 1840 3579 1883 una
3638 1817 3889 1896 docuit,
3943 1838 4175 1882 verum
4242 1819 4439 1883 etiam
4506 1839 4625 1901 per

2669 1904 2965 1988 singulas
3010 1904 3254 1969 domos.
3344 1905 3674 1970 Existimo
3731 1902 4013 1987 pastoris
4057 1924 4198 1969 esse
4242 1906 4461 1988 gregis
4508 1926 4625 1970 ex-

2669 1992 2978 2055 actiorem
3022 1989 3265 2055 habere
3309 2011 3556 2070 curam,
3623 2003 3701 2054 ut
3751 1989 4064 2073 singulas,
4121 2001 4440 2073 quantum
4480 1990 4626 2056 fieri

2667 2083 2915 2160 potest,
2972 2075 3454 2159 contempletur
3508 2096 3683 2155 oves,
3739 2096 3813 2141 ac
3857 2076 4206 2158 unicuique
4254 2083 4429 2142 recte
4473 2097 4624 2160 pro-

2668 2164 2916 2245 spiciat,
2960 2163 3133 2227 iusto
3176 2171 3244 2228 et
3284 2161 3518 2225 ordine
3561 2171 3628 2226 et
3670 2160 3882 2239 modo,
3925 2170 3999 2225 ut
4019 2170 4317 2227 errantes
4338 2169 4621 2242 revocet,

2668 2248 2996 2332 dispersas
3052 2256 3437 2332 congreget,
3493 2248 3715 2331 sicque
3771 2255 3926 2331 agat
3975 2258 4051 2312 ut
4103 2246 4272 2313 bene
4335 2248 4625 2314 habeant

2666 2346 2733 2399 et
2775 2355 2974 2399 sanae
3014 2335 3149 2400 sint
3190 2354 3375 2399 oves:
3422 2355 3587 2416 quae
3640 2333 4080 2417 negligentius
4134 2335 4376 2399 omissa
4414 2334 4618 2399 viden.

2665 2421 2816 2485 Non
2860 2421 3052 2505 pauci
3096 2420 3245 2503 plus
3289 2420 3447 2485 satis
3491 2430 3730 2502 putant
3773 2441 3844 2484 se
3879 2419 4106 2484 fecisse
4151 2421 4204 2484 si
4243 2420 4348 2484 vel
4383 2418 4622 2504 frigide

2665 2506 2923 2572 literam
2989 2506 3367 2571 enarrarint
3431 2513 3692 2570 tantum
3762 2504 4028 2570 Iudaeis
4105 2506 4382 2571 notatis:
4464 2505 4624 2589 quid

2666 2592 2849 2675 plebs
2927 2603 3112 2676 agat,
3194 2601 3271 2656 ut
3335 2591 3552 2670 vivat,
3632 2588 3789 2673 quid
3866 2592 4116 2657 fructus
4183 2600 4472 2675 reportet
4536 2614 4624 2657 ex

2668 2677 2928 2757 auditis,
2974 2699 3108 2742 non
3154 2684 3401 2741 curant.
3493 2679 3951 2760 Aegrotorum,
4003 2697 4386 2758 pauperum,
4433 2680 4619 2763 igno-

2665 2766 2983 2842 rantium,
3038 2763 3437 2842 iuventutis,
3495 2783 3582 2828 ne
3626 2762 3840 2828 dicam
3890 2765 4215 2841 omnium,
4273 2764 4460 2829 nulla
4503 2764 4621 2829 ha-

2665 2849 2856 2916 betur
2910 2849 2994 2915 ab
3049 2849 3156 2914 his
3212 2848 3411 2914 ratio:
3457 2849 3691 2931 quibu‘s
3734 2846 3939 2931 pudet
3980 2868 4089 2913 me
4132 2856 4391 2914 tantum
4435 2870 4618 2917 acce-

2664 2934 2851 3013 dere,
2914 2957 2991 3001 ac
3048 2955 3206 3000 uror
3263 2933 3436 3018 quod
3493 2935 3865 3018 prospicere
3908 2954 4044 2998 non
4092 2937 4355 3017 possim.
4442 2936 4620 3001 Nam

2665 3023 2771 3103 qui
2819 3022 2940 3087 hos
2984 3022 3249 3085 nomine
3292 3030 3488 3084 tenus
3541 3032 3834 3104 pastores
3892 3019 4269 3099 audierunt,
4326 3020 4478 3104 plus
4522 3024 4618 3087 eis

2663 3108 2965 3173 tribuunt
3007 3128 3201 3191 quam
3245 3104 3548 3172 omnibus
3587 3106 3946 3188 scripturis.
4045 3104 4261 3188 Quam
4307 3116 4410 3173 est
4450 3107 4622 3175 mihi

2663 3215 2812 3259 cum
2870 3194 2976 3258 his
3040 3192 3391 3258 molestum
3473 3191 3766 3258 certare?
3877 3190 4014 3257 Sed
4090 3191 4432 3272 Christus,
4502 3193 4620 3275 qui

2661 3280 2828 3344 mihi
2871 3279 3080 3343 adfuit
3123 3286 3353 3343 contra
3385 3279 3767 3361 pontificios,
3812 3299 3943 3343 non
3967 3276 4175 3342 deerit
4195 3278 4617 3344 contendenti

2662 3375 2736 3431 ut
2779 3366 3008 3449 purius
3066 3373 3135 3430 et
3188 3364 3571 3448 diligentius
3620 3366 3692 3428 in
3748 3363 4020 3430 ecclesia
4073 3372 4210 3427 tam
4263 3374 4490 3430 sancta
4546 3376 4616 3430 et

2660 3451 3106 3533 suscipiantur
3163 3456 3232 3515 et
3286 3448 3777 3515 distribuantur.
3877 3449 4052 3514 Nam
4108 3448 4345 3514 horreo
4389 3449 4614 3516 videre

2660 3538 2827 3603 tales
2884 3536 3077 3603 hodie
3120 3534 3427 3603 constitui
3470 3545 3782 3618 pastores,
3828 3556 3948 3618 per
3988 3555 4148 3618 quos
4198 3535 4422 3601 omnia
4463 3556 4615 3619 pro-

2659 3625 2987 3688 fanantur.
3076 3622 3289 3687 'l'aceo
3336 3621 3417 3686 de
3460 3622 3648 3704 plebe
3691 3623 3965 3705 passim,
4021 3642 4222 3703 quum
4280 3622 4351 3686 in
4394 3629 4615 3703 pasto-

2662 3710 2842 3775 ribus
2895 3716 3229 3791 utcunque
3279 3729 3429 3774 cum
3481 3706 3792 3772 fratribus
3848 3706 3954 3771 hic
4021 3715 4442 3790 prospectum
4506 3708 4610 3774 sit.

2660 3797 2813 3861 Non
2867 3793 3130 3862 videtur
3186 3793 3584 3878 negligenda
3637 3792 3841 3876 plebs,
3897 3792 4053 3876 quin
4094 3793 4332 3859 melius
4374 3795 4614 3858 forme-

2662 3890 2771 3946 tur
2833 3888 2900 3945 et
2962 3880 3254 3946 sanctius
3319 3880 3672 3946 conveniat
3736 3889 3804 3943 et
3879 3888 4103 3943 utatur
4164 3888 4302 3943 tam
4365 3878 4616 3945 sanctis

2661 3965 3011 4051 mysteriis.
3109 3964 3242 4031 Hic
3293 3965 3530 4030 lubens
3585 3985 3806 4029 meum
3862 3963 4046 4030 vobis
4104 3966 4325 4046 aperio
4359 3972 4608 4046 pectus.

2660 4051 2919 4118 Vellem
2956 4059 3032 4116 ut
3066 4052 3303 4134 plures,
3340 4052 3396 4116 si
3419 4050 3747 4115 Dominus
3783 4049 3985 4125 daret,
4024 4070 4155 4113 una
4178 4058 4609 4116 tractaremus

2665 4138 2746 4203 de
2793 4138 2915 4218 his,
2961 4137 3263 4202 invocato
3306 4135 3612 4202 Domino,
3701 4136 3964 4198 Interea
4009 4134 4160 4198 boni
4206 4135 4427 4199 omnia
4469 4156 4624 4201 con-

2665 4224 2926 4303 suletis,
2994 4223 3149 4307 plus
3205 4243 3347 4287 rem
3401 4224 3615 4305 ipsam
3681 4226 3748 4284 et
3802 4218 4108 4283 affectum
4174 4218 4622 4302 expendentes

2665 4332 2862 4394 quam
2898 4331 3064 4393 quae
3107 4308 3275 4374 mihi
3319 4308 3392 4373 in
3438 4308 3541 4373 his
3578 4304 4017 4372 anxietatibus
4053 4302 4378 4370 excidunt.
4448 4308 4620 4372 Nam

2665 4417 2866 4480 supra
2907 4394 3176 4460 modum
3220 4415 3478 4479 gravor,
3525 4402 3593 4457 et
3635 4410 3760 4472 quo
3803 4388 4023 4454 minus
4061 4411 4323 4472 possum
4359 4413 4434 4457 eo
4469 4391 4613 4475 plu·

2664 4483 2847 4547 ribus
2890 4481 3152 4559 obruor,
3198 4491 3274 4546 ut
3313 4480 3433 4547 vix
3476 4487 3702 4563 putem
3759 4474 3953 4540 hodie
3995 4476 4223 4540 vivere
4278 4477 4613 4544 bominem

2666 4569 2853 4633 cuius
2896 4588 3039 4632 sors
3083 4568 3169 4633 sit
3211 4563 3660 4632 calamitosior.
3749 4561 3856 4626 Ita
3896 4561 4111 4626 visum
4160 4570 4261 4626 est
4300 4562 4611 4644 Domino,

2667 4654 2849 4719 cuius
2905 4675 3142 4719 nomen
3199 4654 3287 4718 sit
3329 4648 3760 4716 benedictum.
3864 4645 4115 4713 Omnes
4170 4649 4283 4732 qui
4333 4650 4439 4716 hio
4496 4649 4614 4714 do-

2665 4761 2885 4806 cemus
2928 4761 3044 4806 vos
3088 4739 3506 4813 obtestamur,
3553 4742 3627 4798 ut
3670 4730 4030 4815 dignemini
4082 4754 4203 4799 nos
4259 4734 4614 4802 admonere

2665 4846 2893 4891 eorum
2935 4847 3103 4907 quae
3146 4825 3378 4908 cupitis
3424 4841 3542 4884 nos
3585 4820 3772 4902 sequi
3825 4818 3896 4885 in
3951 4818 4253 4885 Domino.
4354 4820 4613 4887 Intelli-

2666 4912 2836 4998 getis
2898 4933 3056 4978 sane
3122 4928 3314 4994 quam
3378 4907 3550 4990 grati
3614 4926 3842 4988 parere
3919 4906 4387 4973 contendemus
4476 4917 4610 4972 tam

2667 4999 2853 5064 nobis
2918 4999 2989 5062 in
3044 4996 3306 5063 Christo
3372 4991 3798 5057 observandis
3861 4991 4169 5056 ecclesiae
4233 4991 4607 5059 luminibus.

2667 5084 2987 5167 Cupimus
3064 5081 3240 5149 vobis
3317 5075 3805 5142 commendatos
3872 5098 4013 5142 esse
4087 5078 4272 5143 varie
4335 5080 4614 5146 afflictos

2666 5180 2932 5254 propter
2987 5163 3429 5247 evangelium,
3484 5173 3559 5227 ut
3613 5184 3730 5244 pro
3789 5163 4038 5229 viribus
4097 5185 4206 5229 eos
4261 5163 4612 5235 adiuvetis.

2667 5256 2903 5321 Valete
2932 5250 3138 5319 nostri
3163 5270 3481 5315 memores
3515 5249 3586 5312 in
3621 5249 3860 5315 vestris
3893 5248 4209 5332 precibus.
4283 5250 4610 5317 Dominus

2664 5341 2853 5408 Iesus
2896 5356 3205 5424 prospera
3251 5334 3433 5401 vobis
3477 5336 3698 5398 omnia
3742 5334 3952 5411 faciat,
4000 5346 4066 5406 et-
4109 5356 4268 5400 suae
4301 5337 4612 5405 ecclesiae
