5050 6167
372 448 483 510 737

362 632 493 719 quil
533 653 574 698 6
615 632 740 697 6116
784 651 868 696 en
911 651 1089 709 vous,
1134 632 1366 715 iusque
1409 653 1452 697 a
1487 653 1561 698 ce
1594 631 1733 715 (1611
1766 653 1932 698 vous
1974 634 2070 699 ait
2098 653 2292 698 mene

360 718 512 871 38161.
510 716 835 888 11(11161ἒ11616
888 717 1245 800 pei-fection
1297 715 1379 784 de
1434 738 1539 783 ses
1591 717 1843 784 enfans.
1943 718 2038 786 Oe
2079 718 2289 803 xxiiij.

750 940 994 1005 Vostre
1036 938 1391 1041 6611111661,
1447 939 1716 1005 humble
1758 941 1930 1005 frere
1973 948 2039 1004 et-
2082 940 2293 1004 entier

842 1046 993 1111 amy
1037 1046 1077 1090 a
1122 1045 1368 1103 1616616,

1491 1143 1766 1211 Oharles
1810 1103 2203 1228 Despeville:

1239 1588 1390 1660 5⁶3.

573 1725 926 1792 GALVIN
971 1727 1031 1791 A
1076 1724 1484 1792 MADAME
1527 1725 1655 1791 DE
1699 1723 2060 1792 FALAIS.

518 1895 762 1964 Manes
801 1897 1009 1979 sujets.

351 2065 619 2140 (original
653 2073 780 2121 auto
880 2067 1004 2137 phe.
1074 2066 1212 2120 Bibl.
1249 2066 1317 2120 de
1353 2066 1587 2121 Geneve.
1657 2066 1782 2119 Vol.
1823 2065 1886 2119 19
1972 2066 2066 2120 fol.
2108 2065 2185 2120 16.
2227 2097 2290 2106 -

493 2137 600 2191 Ed.
635 2136 705 2190 de
741 2135 771 2188 1
808 2134 880 2188 44
911 2152 964 2205 p.
998 2133 1083 2188 28.
1153 2135 1373 2189 Lettres
1408 2135 1471 2188 fr.
1509 2135 1556 2191 L
1593 2133 1693 2187 109
1728 2135 1869 2204 angl.
1936 2175 1947 2187 .
1982 2134 2132 2202 403.)

343 2329 405 2393 A
426 2323 924 2394 hia-damoiselle
968 2332 1035 2389 et
1077 2324 1289 2389 bonne
1332 2344 1501 2402 seur,
1544 2321 2039 2388 Madamoiselle
2081 2321 2289 2389 Kate-

1065 2410 1206 2474 rine
1249 2409 1310 2473 le
1352 2408 1588 2473 Franc.

510 2545 1012 2614 Madamoiselle
1045 2553 1114 2610 61
1154 2545 1306 2611 bien
1343 2566 1573 2629 aymee
1615 2565 1788 2624 seur,
1832 2545 2129 2612 combien
2165 2567 2290 2628 que

341 2635 590 2701 iaurois
633 2655 725 2698 un
770 2632 947 2697 desir
988 2631 1306 2715 sing-ulier
1349 2629 1429 2696 de
1474 2652 1634 2697 vous
1674 2632 1842 2709 voir,
1899 2638 1966 2695 et
2007 2631 2141 2714 quil
2186 2651 2290 2697 me

342 2722 481 2788 face
523 2721 684 2785 bien
726 2718 860 2783 mal
915 2716 1130 2783 destre
1172 2718 1419 2783 frustre
1476 2715 1556 2782 de
1597 2716 1972 2799 lesperance
2014 2736 2138 2798 que
2180 2717 2292 2781 ien

342 2827 559 2892 avoye
599 2824 860 2882 concon,
906 2802 1209 2868 toutefois
1251 2802 1313 2867 ie
1354 2823 1510 2867 rens
1549 2822 1776 2886 graces
1819 2823 1860 2866 a
1902 2810 2124 2867 nostre
2166 2803 2292 2867 sei-

341 2914 561 2977 gneur
615 2890 696 2956 de
750 2891 1122 2954 louverture
1176 2887 1315 2970 quil
1366 2908 1531 2953 vous
1584 2907 1626 2952 a
1679 2887 1898 2966 faicte,
1954 2907 2084 2969 que
2137 2907 2292 2952 sans

340 2999 503 3045 vous
567 2975 917 3061 eslongner
973 2973 1086 3040 des
1143 2980 1418 3052 vostros,
1448 2976 1498 3049 ¹)
1566 2973 1616 3038 11
1671 2993 1839 3039 vous
1890 2982 1994 3039 est
2050 2975 2292 3055 permis

343 3063 425 3129 de
469 3059 737 3129 ladorer
783 3082 867 3126 66
923 3080 1086 3143 6616
1135 3058 1545 3135 conscience,
1601 3065 1668 3123 et
1718 3058 1873 3123 hors
1921 3057 2034 3122 des
2080 3057 2289 3142 pollu-

342 3150 516 3215 tions
567 3147 649 3213 de
688 3144 1016 3212 [idolatrie
1058 3165 1143 3209 en
1199 3143 1475 3227 laquelle
1518 3163 1686 3210 vous
1731 3162 1886 3209 avez
1942 3151 2079 3209 este
2138 3162 2291 3226 cap·

343 3237 499 3303 tive.
599 3232 660 3297 11
718 3254 765 3317 y
807 3251 847 3296 a
887 3230 1124 3296 laultre
1181 3227 1591 3296 benediction
1643 3249 1768 3311 que
1809 3249 1977 3294 vous
2018 3249 2290 3312 pourrez

341 3320 607 3387 dresser
645 3318 853 3384 forme
895 3315 1144 3399 deglise
1184 3335 1353 3398 pour
1393 3314 1767 3397 linvocquer
1809 3334 1895 3378 en
1936 3313 2292 3380 assemblee

341 3405 802 3482 Ohrestienne,
860 3409 1032 3468 estre
1074 3400 1373 3466 consoles
1413 3421 1534 3484 par
1576 3420 1649 3464 sa
1690 3399 1908 3482 parole
1925 3449 1942 3478 ‚
1997 3407 2064 3464 et
2113 3420 2292 3466 rece-

340 3493 484 3557 voir
504 3491 581 3557 la
601 3491 849 3556 saincte
870 3509 1026 3555 cene
1062 3508 1225 3569 pour
1260 3485 1448 3572 gaige
1492 3485 1573 3551 de
1615 3505 1689 3551 sa
1729 3484 2006 3566 bonte,²)
2051 3485 2295 3550 faisant

342 3578 520 3644 aussi
570 3597 691 3659 par
733 3573 920 3640 icelle
975 3571 1412 3656 protestation
1465 3571 1546 3637 de
1602 3577 1828 3636 vostre
1869 3570 1933 3634 fo
1981 3618 1996 3634 .
2083 3570 2292 3635 Daul-

340 3670 489 3732 tant
530 3682 666 3745 que
707 3680 874 3726 vous
908 3660 1088 3726 aviez
1122 3659 1335 3725 moins
1369 3655 1641 3723 attendu
1675 3676 1807 3721 une
1842 3654 1929 3720 tel
1958 3677 1995 3719 e
2035 3655 2291 3733 faculte,

341 3770 507 3815 vous
572 3767 731 3812 avez
776 3744 1074 3811 occasion
1131 3742 1212 3808 de
1255 3764 1418 3808 vous
1457 3763 1540 3807 en
1585 3741 1877 3817 resiouir‚
1923 3748 2131 3823 quant
2167 3738 2293 3805 elle

341 3856 505 3901 vous
551 3839 657 3898 est
688 3831 965 3898 donnee.

516 3918 784 4000 Iespere
868 3935 952 3980 ue
1003 3913 1290 3979 lhomme
1346 3935 1470 3997 que
1525 3933 1688 3978 nous
1744 3932 1909 3976 vous
1963 3912 2292 3987 envoions,

340 4004 406 4071 le
449 4006 761 4088 seigneur
876 4001 1023 4066 avid
1064 4007 1131 4065 et
1175 4020 1347 4085 moy,
1392 4018 1540 4064 sera
1581 3998 1763 4062 selon
1806 4006 2030 4063 vostre
2074 4014 2288 4061 cueur.

342 4089 480 4158 Car
522 4096 673 4154 tant
714 4108 799 4152 en
843 4085 1138 4152 doctrine
1190 4104 1361 4167 quen
1421 4104 1641 4148 meurs
1698 4082 1746 4147 il
1805 4104 1845 4146 a
1898 4103 2031 4148 une
2090 4102 2294 4166 vraye

340 4175 696 4261 simplicite
741 4171 1194 4239 Chrestienne.

519 4262 632 4327 Au
674 4267 877 4336 reste,
932 4278 1005 4323 66
1049 4255 1373 4339 pendant,
1433 4254 1495 4320 le
1538 4253 1716 4320 desir
1756 4273 1861 4318 me
1912 4251 2295 4317 domeurera

343 4347 427 4414 de
485 4347 662 4413 iouir
716 4344 994 4428 quelque
1066 4341 1188 4406 fois
1243 4339 1324 4405 de
1379 4348 1596 4405 vostre
1661 4357 1970 4420 presence
2027 4345 2095 4401 et
2163 4358 2293 4402 nen

342 4432 627 4519 perdera
707 4430 892 4513 point
936 4425 1190 4510 lespoir.
1258 4425 1432 4491 Mais
1453 4426 1501 4489 il
1545 4446 1592 4509 y
1613 4446 1654 4488 a
1675 4445 1746 4488 66
1792 4424 1937 4488 bien
1985 4435 2292 4506 questans

344 4521 587 4586 absens
658 4536 729 4582 es
772 4535 899 4579 uns
943 4514 1057 4579 des
1102 4510 1345 4576 aultres
1389 4530 1551 4575 nous
1590 4530 1676 4574 ne
1720 4509 2067 4575 laisserons
2109 4508 2295 4591 point

344 4603 427 4670 de
471 4625 642 4669 nous
685 4598 1016 4666 entrevoir
1058 4619 1141 4664 en
1185 4596 1445 4679 esperit,
1491 4602 1713 4661 estans
1757 4595 1910 4659 unis
1952 4615 2036 4659 en
2078 4592 2294 4678 celluy

342 4689 461 4774 qui
502 4688 829 4755 conioinct
869 4686 964 4750 les
1006 4683 1239 4751 choses
1280 4681 1679 4764 eslongnees.
1763 4680 2020 4746 Pource
2062 4699 2188 4762 que
2230 4678 2294 4744 le

341 4782 620 4860 porteur
676 4772 930 4838 servira
993 4768 1073 4834 (16
1136 4768 1363 4834 lettres
1427 4788 1510 4832 en
1565 4765 1775 4850 partie
1791 4815 1807 4844 ‚
1870 4765 1933 4830 16
1988 4786 2073 4830 66
2131 4785 2296 4831 vous

342 4860 697 4944 fascheray
741 4856 822 4922 de
862 4856 1010 4940 plus
1051 4854 1208 4937 long
1249 4873 1502 4938 propos.
1568 4852 1661 4916 Et
1702 4851 1889 4930 ainsi,
1934 4848 2295 4915 Madamoi-

646 4999 760 5007 ...α-

382 5079 518 5143 563.
558 5079 613 5146 1)
650 5077 891 5147 Παρτὲε
923 5076 981 5131 la
1011 5075 1092 5143 fin
1138 5073 1205 5129 de
1241 5075 1297 5129 la
1338 5074 1490 5129 lettre
1534 5089 1607 5128 on
1650 5077 1732 5126 est
1756 5068 2022 5140 peut-&tre
2056 5067 2298 5152 amoriqd

345 5150 388 5206 ὰ
430 5165 499 5204 su
611 5163 698 5202 661
741 5164 843 5218 que
893 5145 1070 5199 Made·
1119 5143 1187 5198 (16
1234 5143 1431 5197 Falsis
1472 5139 1606 5196 έεατί
1645 5141 2090 5209 pronisoiremeat
2131 5145 2297 5193 reme

346 5234 419 5276 611
561 5219 621 5287 q·
724 5254 736 5268 .
813 5213 1124 5283 Gependam
1170 5212 1284 5268 cela
1328 5228 1396 5266 ne
1444 5210 1826 5266 s’accorderait
1868 5209 2204 5289 9661661166
2249 5207 2298 5261 16

345 5288 460 5357 fait
492 5285 563 5342 de
632 5286 790 5340 envoi
821 5285 859 5340 ὰ
892 5290 1015 5339 tous
1048 5283 1124 5336 166
1157 5280 1298 5336 deux
1334 5279 1468 5334 d’un
1500 5278 1614 5334 seul
1645 5286 1695 5334 et
1728 5277 1890 5334 1116166
1922 5281 2183 5330 munstre.

561 5353 621 5418 2)
660 5353 842 5408 Coena
874 5354 993 5407 loco
1028 5350 1285 5421 pignoris.
1359 5345 1528 5418 (Note
1560 5348 1628 5403 de
1665 5347 1748 5402 M.
1782 5337 1848 5404 cle
1886 5343 2124 5410 Fuluia.)

563 5438 786 5495 Oalm'ni
815 5454 1000 5508 opera.
1078 5436 1197 5492 Vol.
1232 5435 1342 5491 xl.

1994 448 2157 511 1544
2201 443 2657 513 HJK—1111..

4216 453 4343 530 738

2393 629 2551 697 selle
2594 639 2664 697 et
2703 638 3071 718 tresaymee
3113 655 3294 716 seur,
3355 654 3545 719 apres
3601 643 3844 704 mestre
3885 638 4353 720 humblement⁴

2393 715 2850 784 recommande
2921 739 2963 783 a
3025 727 3245 785 vostre
3315 719 3530 788 bonne
3557 739 3564 746 “
3593 743 4006 790 souvenance
4071 746 4156 804 66
4220 749 4346 794 voz⁴

2391 802 2659 884 prieres,
2703 803 2767 868 ie
2809 804 3084 890 supplye
3118 805 3183 870 le
3214 826 3370 888 pere
3405 806 3486 872 de
3520 814 3699 874 toute
3733 809 4150 875 misericorde
4194 812 4339 877 des-

2392 887 2597 972 largir
2639 885 2720 954 de
2762 889 2911 971 plus
2951 912 3034 955 en
3079 890 3226 973 plus
3267 913 3343 958 sa
3381 893 3561 957 main
3616 916 3781 977 pour
3833 916 3998 961 vous
4052 895 4132 962 de
4178 899 4340 963 artir

2396 973 2476 1039 de
2532 994 2635 1039 ses
2695 995 2952 1058 graces,
3019 976 3259 1041 faisant
3312 998 3438 1061 que
3493 999 3657 1046 vous
3714 980 4077 1046 continuiez
4166 991 4340 1048 estre

2393 1081 2485 1124 66
2526 1059 2927 1126 instrument
2982 1061 3163 1127 esleu
3219 1061 3299 1128 de
3356 1085 3429 1129 sa
3470 1065 3678 1149 gleire
3720 1065 3949 1149 iusque
3993 1089 4077 1132 en
4117 1067 4184 1131 16
4225 1069 4335 1134 fin.

2565 1144 2641 1210 Ie
2683 1166 2768 1209 ne
2812 1165 2969 1230 scay
3023 1168 3138 1230 pas
3195 1147 3262 1214 la
3315 1151 3722 1234 compaignie
3778 1151 3891 1234 qui
3933 1159 4034 1217 est
4076 1173 4341 1236 presen-

2395 1236 2644 1295 tement
2697 1250 2857 1296 avec
2909 1253 3090 1298 vous.
3179 1234 3355 1300 Mais
3403 1236 3462 1300 si
3516 1257 3682 1301 ceux
3740 1257 3867 1319 (166
3919 1236 3982 1302 16
4036 1239 4341 1322 seigneur

2393 1314 2617 1381 David
2649 1337 2697 1399 y
2730 1315 2927 1382 laissa
2959 1339 3117 1385 avec
3151 1318 3365 1404 celluy
3399 1340 3574 1403 quon
3610 1321 3931 1387 attendoit
3964 1345 4009 1408 y
4043 1325 4338 1404 estoient,

2393 1399 2457 1464 ie
2501 1400 2830 1467 souhaiste
2874 1402 3089 1469 destre
3132 1405 3584 1472 recommande
3629 1429 3669 1472 a
3703 1406 3847 1471 leur
3880 1408 4092 1473 bonne
4126 1429 4339 1493 grace,

2394 1483 2654 1550 aultant
2697 1487 3272 1555 affectueusement
3316 1490 3455 1573 quil
3499 1500 3598 1557 est
3639 1492 3937 1576 possible.
4025 1494 4090 1560 N
4091 1514 4175 1559 66
4219 1516 4339 1579 pas

2394 1591 2520 1653 que
2562 1572 2623 1637 ie
2667 1593 2829 1639 vous
2877 1574 3115 1640 vueille
3175 1574 3429 1640 donner
3482 1585 3656 1642 ceste
3709 1579 3931 1661 peine,
3989 1580 4156 1645 mais
4210 1600 4341 1645 eux

2393 1677 2674 1722 mesmes

2393 1762 2519 1824 que
2577 1743 2639 1808 ie

2756 1666 3029 1724 ourront
3061 1659 3213 1725 bien
3246 1662 3545 1727 recevoir
3576 1662 3671 1728 les
3707 1664 4339 1731 recommandations

2739 1744 2908 1809 esire
2962 1744 3107 1810 leur
3160 1753 3334 1812 estre
3389 1757 3747 1830 presentes.
3849 1748 3953 1813 De
4006 1749 4234 1816 rechef
4277 1750 4339 1815 ie

2393 1847 2561 1911 prye
2596 1836 2820 1894 nostre
2855 1831 3158 1915 seigneur
3181 1830 3261 1898 de
3294 1853 3457 1897 vous
3479 1831 3708 1916 guider
3730 1835 4053 1901 tousiours
4086 1855 4341 1901 comme

2392 1912 2443 1976 il
2485 1932 2528 1977 a
2563 1913 2717 1979 faict
2757 1914 2989 1998 iusque
3023 1917 3147 2002 icy.
3237 1916 3331 1983 Oe
3375 1919 3581 2002 xxiiij.
3627 1917 3705 1984 de
3747 1918 3960 2003 Iuing.

2566 2049 2807 2116 Vostre
2849 2052 3175 2118 serviteur
3216 2063 3283 2118 et
3324 2053 3593 2120 humble
3634 2056 3804 2120 frere
3850 2078 3890 2120 6
3929 2058 4228 2122 iammais

3581 2173 3859 2240 Charles
3903 2174 4298 2260 Despeville.

3167 2467 3572 2474 --————-—-

3302 2683 3453 2756 564.
3741 2759 3744 2760 ⁷

2894 2833 3360 2904 OALVINUS
3408 2836 3842 2906 S'PURMIO.

2566 3003 2748 3071 Bello
2789 3005 3074 3086 instante,
3121 3006 3275 3086 quid
3315 3009 3714 3089 mandam,
3757 3008 3911 3090 quid
3951 3010 4343 3076 metuendum

2392 3090 2481 3154 sit
2511 3090 2669 3172 piis,
2717 3091 2985 3174 ambiqit.
3070 3089 3428 3157 Dummodo
3485 3114 3740 3159 sacrum
3781 3094 4094 3161 amicitiae
4133 3095 4345 3162 vinou-

2393 3175 2528 3240 lum
2564 3194 2688 3240 non
2728 3177 3031 3256 solvatur,
3075 3181 3316 3243 caetera
3357 3177 3493 3244 Deo
3520 3180 3958 3261 permittenda.

2399 3345 2509 3410 (Ex
2546 3344 2883 3466 61116ῧὲ6666
2917 3345 3047 3399 Cod.
3083 3345 3284 3402 Genev.
3322 3345 3463 3399 107⁸,
3509 3347 3598 3400 sol.
3635 3345 3755 3404 306.
3801 3375 3868 3386 ·—
3915 3348 4143 3419 Legitur
4176 3351 4343 3406 etiam

2395 3414 2452 3467 in
2487 3412 2617 3468 Ood.
2652 3412 2684 3465 1
2755 3454 2769 3480 ,
2806 3413 2897 3468 fol.
2941 3412 3043 3468 166
3075 3415 3133 3468 16
3172 3416 3509 3549 Εφὸθὲἓ).
3539 3415 3661 3470 vn.
3698 3434 3749 3485 p.
3790 3414 3859 3470 26
3906 3423 3962 3470 et
4006 3435 4088 3487 611.
4128 3419 4339 3474 8116161.

3147 3670 3230 3734 Ι).
3278 3667 3594 3736 Sturmio.

2570 3803 2650 3870 Si
2690 3826 2890 3871 verus
2934 3813 3035 3872 est
3067 3827 3293 3871 rumor
3334 3806 3447 3889 qui
3480 3817 3748 3889 repente
3791 3808 3960 3890 apud
4007 3830 4125 3875 nos
4162 3821 4345 3894 spar-

2396 3910 2509 3955 sus
2553 3897 2670 3970 est,
2714 3911 2848 3956 non
2877 3891 3100 3974 procul
3138 3892 3272 3956 iam
3316 3891 3397 3956 ab
3428 3912 3762 3956 armorum
3805 3893 4085 3976 strepitu
4117 3896 4345 3962 abesse

2397 3996 2514 4041 vos
2559 3983 2831 4058 oportet.
2862 3978 2912 4061 ¹)
2999 3976 3273 4043 Utinam
3330 3986 3590 4060 saperet
3647 3978 3948 4043 mundus.
4045 3979 4215 4045 Nam
4260 3982 4346 4047 ad

2397 4081 2624 4143 pacem
2672 4059 2792 4127 sub
2836 4062 2965 4128 Dei
3007 4061 3312 4145 auspiciis
3356 4061 3691 4128 colendam
3780 4062 3988 4129 ridem
4022 4067 4344 4132 assuefac-

2398 4157 2502 4211 tus
2540 4145 2721 4211 foret.
2810 4144 2944 4212 Sed
2979 4148 3134 4230 quia
3172 4146 3409 4212 bonam
3443 4155 3695 4230 partem
3820 4147 3984 4213 llum
4028 4169 4177 4215 cum
4198 4149 4344 4217 Deo

2396 4230 2595 4296 nimis
2638 4229 2934 4310 delectat,
2991 4233 3106 4314 qui
3147 4232 3322 4314 pacis
3365 4234 3577 4297 autori
3633 4231 3888 4315 placide
3942 4255 4011 4299 se
4068 4236 4343 4302 submit-

2395 4325 2537 4381 tere
2577 4324 2911 4396 recusant‚
2970 4337 3195 4382 omnes
3249 4318 3424 4383 inter
3477 4339 3547 4383 se
3601 4318 4063 4384 tumultuando
4105 4321 4345 4388 misere

2396 4402 2629 4468 confici
2671 4423 2950 4486 aequum
2994 4410 3110 4468 est.
3194 4402 3379 4469 Haec
3416 4403 3666 4482 saltem,
3712 4412 3787 4468 ut
3827 4404 3902 4468 in
3935 4404 4146 4485 malis,
4192 4427 4345 4474 con·

2397 4487 2626 4553 solatio
2669 4489 2897 4554 iuvare
2939 4508 3060 4553 nos
3104 4485 3312 4566 debet,
3358 4486 3530 4570 quod
3564 4488 3928 4554 turbulenti
3968 4489 4081 4555 isti
4124 4498 4345 4559 motus

2396 4573 2646 4654 aliquas
2711 4573 3018 4639 ecclesiae
3076 4570 3206 4637 Dei
3272 4572 3569 4640 inducias
3636 4574 3927 4639 afferent.
4034 4577 4346 4644 Antiochi

2398 4660 2689 4741 potentia
2750 4656 3171 4724 fraenabitur.
3281 4657 3545 4724 Pharao
3611 4660 3867 4725 vicinus
3932 4671 4153 4727 noster
4217 4663 4344 4730 alio

2398 4743 2720 4810 violentos
2763 4764 2913 4810 suos
2968 4745 3250 4826 impetus
3302 4754 3689 4810 convertens
3744 4744 3990 4829 aliquid
4048 4747 4218 4813 forte
4261 4748 4345 4814 de

2396 4830 2714 4894 intestina
2755 4829 3034 4894 saevitia
3067 4830 3375 4894 remittet.
3459 4829 3781 4894 Nonnihil
3816 4831 4015 4896 etiam
4051 4833 4344 4918 mitigari

2433 5066 2563 5127 562.
2604 5065 2661 5128 1)
2701 5066 3016 5122 Communis
3049 5067 3292 5121 omnium
3325 5068 3515 5137 opinio
3550 5074 3668 5122 erat
3703 5068 3895 5123 bellum
3927 5069 3991 5122 in
4022 5070 4155 5137 ipsa
4174 5067 4341 5125 Alsa-

2396 5135 2481 5190 tia
2511 5141 2722 5203 yestum
2755 5136 2848 5190 iri.
3067 5136 3133 5191 (16
3157 5150 3329 5191 causa
3365 5138 3466 5190 hoc
3498 5136 3622 5206 ipso
3644 5138 4013 5192 menseIunio
4130 5138 4141 5149 ‘
4170 5153 4346 5207 copus

2398 5205 2884 5273 Arqentomtmis
3108 5206 3225 5259 im
3271 5206 3347 5260 ad
3380 5205 3579 5274 Reyem
3624 5208 3777 5262 misit
3815 5212 3881 5260 ut
3913 5207 4014 5260 1166
4084 5207 4343 5285 iscvimen

2398 5279 2681 5329 averteret.
2742 5275 2810 5330 V.
2847 5274 3085 5330 San-mii
3116 5290 3202 5344 ep.
3240 5274 3806 5330 adMelanchthonem
3842 5275 3893 5329 d.
3934 5276 4014 5329 11.
4052 5275 4345 5334 11411544.

2401 5341 2567 5413 06111.
2605 5342 2730 5411 Ros.
2772 5343 2840 5398 V.
2873 5343 2990 5399 442.
4042 5345 4056 5352 “
