5050 6167
534 428 653 491 341

531 640 650 705 pro
685 617 812 683 loci
849 625 916 680 et
948 617 1260 699 temporis
1303 617 1617 699 qualitate
1662 617 2008 701 designare
2053 639 2486 701 accusareque

535 705 811 785 denique
867 714 933 767 et
985 703 1241 785 insequi
1298 703 1640 785 intrepide.
1730 703 2086 769 Possemus
2129 725 2293 786 quae
2337 726 2485 787 pro-

532 792 871 876 posuimus
930 787 1243 853 hactenus
1301 798 1814 854 commonstrare
1868 791 2234 872 praeceptis
2290 799 2487 874 atque

536 875 856 959 exemplis
901 875 1168 952 Christi,
1229 874 1694 957 prophetarum
1739 886 1808 939 et
1852 876 2313 959 apostolorum,
2359 877 2487 940 nisi

538 963 856 1028 sciremus
913 981 990 1026 eo
1050 960 1272 1025 labore
1325 982 1444 1025 nos
1501 961 1673 1043 apud
1729 969 1827 1036 te,
1871 983 2104 1044 ¹rerum
2149 983 2485 1027 sacrarum

536 1049 1026 1132 peritissimum,
1085 1067 1320 1130 aquam
1367 1045 1665 1110 derivare
1708 1048 1779 1111 in
1825 1068 2160 1131 oceanum.
2252 1046 2485 1112 Caete-

535 1156 684 1199 rum
729 1134 986 1198 vulneri
1031 1135 1276 1198 inflicto
1333 1133 1528 1196 iussit
1581 1131 1752 1197 idem
1796 1134 1906 1198 ille
1963 1135 2276 1216 magister
2315 1136 2487 1198 vitae

537 1219 860 1284 medelam
916 1220 1226 1284 adhibere
1285 1218 1532 1283 Christi
1587 1220 1931 1292 meritum,
1989 1220 2362 1301 praeteritis
2420 1227 2488 1283 et

537 1306 795 1371 reiectis
849 1307 1155 1369 omnibus
1223 1304 1370 1368 aliis
1435 1304 1739 1368 medendi
1804 1305 2183 1369 rationibus.
2298 1304 2485 1385 Quae

537 1392 800 1457 tametsi
841 1392 1371 1472 praesentissima
1416 1391 1501 1455 sit
1544 1411 1620 1456 ac
1664 1392 2151 1473 pretiosissima,
2196 1392 2488 1456 exoritur

536 1486 761 1544 tamen
806 1501 891 1543 ex
931 1479 1072 1560 ipsa
1115 1476 1476 1540 ministerio
1512 1487 1578 1539 et
1612 1478 1932 1541 ministris
1967 1478 2152 1541 varia
2194 1478 2486 1553 tentatie,

539 1565 758 1630 odium
801 1564 1029 1628 mundi
1076 1573 1142 1627 et
1182 1563 1603 1646 persequutio
1648 1564 1887 1645 gravis,
1977 1562 2321 1626 Praedixit
2364 1562 2488 1628 hoc

537 1652 836 1717 futurum
876 1652 1015 1733 ipse
1056 1647 1387 1712 Dominus
1431 1649 1503 1710 in
1549 1649 1916 1731 evangelie,
1975 1659 2037 1712 et
2095 1650 2188 1712 ita
2242 1648 2487 1712 fact-um

541 1758 682 1803 esse
726 1738 1119 1802 confirmant
1162 1732 1463 1814 exempla
1507 1734 1888 1817 apostolica,
1947 1754 2113 1814 quae
2153 1746 2218 1797 te
2262 1755 2485 1798 conso-

539 1823 764 1888 lantur
807 1820 980 1885 haud
1027 1820 1248 1894 dubie,
1305 1821 1355 1882 si
1405 1820 1586 1901 paria
1640 1842 1789 1884 cum
1834 1820 1992 1901 ipsis
2036 1819 2182 1883 odia
2226 1829 2490 1902 propter

539 1910 886 1974 veritatem
930 1907 1244 1983 sustines,
1307 1906 1600 1986 cogitans
1653 1905 1880 1987 utique
1939 1904 2110 1968 nihil
2171 1905 2322 1968 novi
2368 1906 2490 1969 11111

543 1994 855 2060 obvenire
910 2014 950 2057 a
1005 1993 1307 2057 Domino.
1413 1990 1728 2070 Quinimo
1789 1991 2057 2073 spiritus
2099 1989 2370 2054 Domini
2425 1999 2491 2055 et

544 2080 845 2163 exempla
901 2078 1338 2161 apostolorum
1394 2075 1818 2157 pollicentur,
1879 2096 1989 2140 eos
2045 2077 2156 2157 qui
2213 2075 2493 2140 oderunt

545 2163 895 2248 aliquando
938 2164 1375 2228 infensissimo
1429 2184 1579 2225 mox
1639 2171 1975 2225 amaturos
2020 2160 2489 2227 ardentissime.

544 2253 732 2317 Nosti
777 2249 929 2334 quid
974 2271 1098 2313 usu
1145 2247 1402 2312 venerit
1425 2247 1683 2312 Galatis
1727 2255 1792 2310 et
1816 2248 2044 2324 Paule,
2088 2247 2244 2329 quid
2284 2247 2491 2311 Atha-

543 2339 730 2403 nasio
789 2346 856 2401 et
910 2333 1405 2408 Alexandrinis,
1466 2333 1819 2415 multisque
1873 2333 2016 2396 aliis
2072 2334 2492 2398 ecclesiarum

544 2420 953 2508 praesidibus
1011 2441 1159 2485 cum
1213 2420 1346 2483 suis
1405 2419 1709 2483 ecclesiis.
1800 2417 2086 2483 Proinde
2131 2440 2262 2483 non
2306 2429 2492 2502 puta-

547 2531 696 2575 mus
733 2509 868 2584 tibi,
909 2507 1111 2569 frat-er
1146 2508 1213 2570 in
1239 2505 1525 2568 Domino
1562 2502 1949 2578 venerande,
1988 2503 2069 2567 ob
2105 2513 2491 2569 commotam

547 2593 809 2659 turbam
855 2601 924 2656 et
965 2590 1112 2655 odia.
1155 2592 1510 2654 multorum
1569 2591 2060 2671 relinquendam
2107 2612 2248 2653 esse
2291 2590 2492 2654 ecclc-

495 2681 502 2688 ’
548 2681 732 2746 siam.
823 2677 1183 2760 Speramus
1241 2677 1417 2740 enim
1474 2687 1805 2740 amaturos
1860 2683 1925 2738 te
1984 2673 2331 2756 aliquando
2391 2696 2494 2738 so-

545 2766 722 2832 brios
765 2764 877 2847 qui
920 2783 1095 2828 nunc
1138 2761 1479 2827 affectibus
1522 2762 1775 2844 abrepti
1818 2769 1882 2824 10
1927 2761 2073 2843 plus
2119 2782 2314 2843 quam
2357 2761 2495 2825 Va·-

545 2852 795 2916 tiniano
851 2850 997 2913 odio
1055 2859 1552 2931 persequuntur.
1643 2848 1996 2912 Praeterea
2053 2847 2380 2910 Dominus
2423 2848 2495 2910 in

547 2936 914 3020 evangelio:
962 2933 1371 3016 Quicunque,
1418 2934 1526 3010 ait,
1572 2955 1705 2998 non
1750 2933 2079 3015 exceperit
2121 2952 2236 2996 vos
2284 2954 2494 3015 neque

548 3022 831 3089 audierit
881 3043 1212 3086 sermones
1259 3033 1525 3094 1001100,
1587 3031 1896 3082 exeuntes
1944 3043 2020 3081 ex
2072 3018 2336 3083 aedibus
2382 3029 2496 3082 aut

548 3131 632 3174 ex
675 3109 940 3171 civitate
979 3106 1094 3170 illa
1128 3106 1411 3171 excutite
1447 3103 1782 3184 pulverem
1821 3103 2061 3186 ped-um
2107 3113 2493 3168 vestrorum.

546 3195 728 3278 Ergo
781 3193 1156 3275 quicunque
1221 3191 1561 3273 excipiunt
1627 3200 1694 3254 et
1754 3190 2030 3254 audiunt
2096 3199 2159 3254 te
2218 3190 2494 3254 verbum

547 3279 799 3346 Christi
860 3277 1339 3360 praedicantem
1396 3297 1530 3339 non
1576 3285 1728 3340 sunt
1771 3276 2202 3358 relinquendi.
2292 3275 2497 3339 Venit

547 3363 943 3432 Corinthum
1009 3363 1366 3444 apostolus,
1442 3362 1840 3443 praedicavit
1904 3363 2181 3426 verbum
2249 3361 2495 3436 salutis,

549 3449 662 3516 sed
701 3461 890 3515 erant
925 3451 1036 3531 qui
1083 3447 1304 3511 audire
1341 3459 1711 3524 renuerent,
1760 3458 1951 3511 erant
1993 3448 2102 3529 qui
2148 3469 2232 3510 ex
2278 3447 2495 3510 animo

548 3537 822 3602 verbum
859 3534 1184 3616 evangelii
1220 3544 1550 3617 cuperent,
1587 3555 1746 3615 quos
1783 3535 2161 3614 neutiquam
2199 3532 2321 3596 sibi
2359 3543 2499 3595 tan-

547 3629 651 3686 tus
689 3620 1020 3703 apostolus
1059 3619 1446 3683 deserendos
1483 3630 1748 3702 propter
1783 3618 2236 3682 insolentiores
2273 3617 2499 3683 relicta

549 3708 710 3772 urbe
755 3707 1024 3788 putavit.
1126 3705 1489 3770 Perdurato
1549 3727 1704 3784 ergo
1762 3719 1823 3767 et
1882 3714 1951 3767 tu
2007 3705 2074 3766 in
2135 3704 2499 3768 ministerio

548 3803 696 3870 tuo,
757 3792 839 3856 ad
885 3791 1056 3874 quod
1113 3799 1385 3855 vocatus
1441 3811 1527 3854 es,
1620 3791 1758 3855 Ora
1802 3789 2158 3852 Dominum
2206 3801 2498 3853 autorem

551 3891 616 3944 et
659 3887 1017 3943 amatorem
1065 3876 1268 3959 pacis,
1332 3889 1408 3939 ut
1464 3897 1618 3939 oves
1664 3887 1810 3939 tuas
1855 3876 1976 3938 sibi
2021 3875 2500 3955 aliquantulum

550 3973 807 4046 ereptas
853 3964 1185 4040 restituat,
1248 3971 1322 4025 ut
1376 3961 1456 4024 ad
1515 3961 1685 4025 ovile
1730 3960 2032 4034 redeant,
2092 3960 2500 4041 disciplinam

552 4063 618 4115 et
669 4050 1136 4115 correctionem
1189 4069 1318 4110 non
1378 4047 1652 4130 fugiant.
1756 4045 2028 4109 Interim
2084 4065 2234 4108 01110
2296 4045 2501 4108 Paulo

549 4136 622 4200 in
666 4155 893 4199 omnes
937 4145 1002 4198 te
1042 4135 1283 4196 formas
1328 4146 1636 4196 converte
1689 4143 1763 4196 ut
1807 4131 2184 4194 aberrantes
2229 4130 2502 4194 reducas

551 4222 624 4286 in
669 4223 843 4285 viam
889 4220 1137 4284 salutis.
1229 4219 1430 4292 Haec,
1476 4219 1762 4299 inquam,
1808 4226 1875 4278 et
1907 4215 2010 4279 his
2048 4215 2286 4278 similia
2329 4217 2501 4280 exis-

551 4308 863 4371 timamus
928 4307 1025 4369 tui
1093 4326 1233 4368 esse
1290 4304 1517 4381 officii,
1587 4325 1624 4367 o
1683 4317 1905 4385 pastor
1961 4301 2153 4365 bone:
2224 4323 2387 4381 0000
2446 4300 2502 4364 01

551 4413 811 4457 summa
854 4390 982 4456 fide
1028 4401 1095 4455 et
1136 4390 1489 4473 diligentia,
1534 4388 1851 4472 religione
1896 4397 1962 4450 et
2004 4385 2351 4469 prudentia
2386 4407 2500 4449 ex-

553 4485 868 4561 sequutus
933 4477 1167 4550 fueris,
1237 4474 1402 4539 nihil
1468 4473 1841 4538 dubitamus
1907 4473 2255 4548 Satanam,
2326 4494 2502 4537 nunc

551 4562 858 4629 nonnihil
887 4562 1427 4645 triumphantem,
1473 4568 1872 4643 prostratum
1894 4560 1995 4632 iri,
2042 4559 2503 4641 captivumque

550 4671 731 4714 nunc
777 4648 990 4712 denuo
1035 4647 1287 4711 Christi
1343 4648 1585 4711 virtute
1640 4666 1757 4727 per
1812 4654 1878 4707 te
1933 4643 2303 4708 ducendum
2347 4644 2500 4707 fore.

553 4735 633 4801 Id
679 4734 852 4818 quod
895 4733 1013 4797 tibi
1059 4732 1370 4797 concedat
1413 4731 1720 4797 Christus
1765 4731 1987 4795 victor.
2080 4732 2314 4806 Amen.

728 4819 836 4884 Ad
879 4840 999 4883 vos
1043 4826 1283 4895 autem,
1344 4840 1381 4883 o
1425 4818 1661 4882 fratres
1706 4822 2142 4899 symmystae,
2211 4824 2506 4897 pastores

555 4926 630 4972 ac
691 4903 1174 4989 praedicatores
1232 4903 1558 4986 evangelii
1624 4903 1740 4966 filii
1795 4901 1951 4978 Dei,
2020 4921 2137 4983 per
2202 4900 2506 4964 ecclesias

552 4992 738 5058 urbis
783 4997 851 5055 et
891 4991 1037 5074 agri
1079 4991 1216 5055 sive
1271 4991 1619 5055 comitatus
1663 4987 1991 5062 Neocomi‚
2038 4987 2177 5068 ipse
2221 4985 2509 5051 salvator

551 5088 783 5144 noster
814 5078 883 5140 in
921 5075 1263 5159 evangelio
1298 5074 1495 5139 dixit:
1541 5074 1681 5138 Vos
1725 5073 1883 5137 estis
1918 5071 2015 5137 sal
2051 5081 2295 5151 terrae;
2337 5071 2508 5154 quod

554 5164 616 5231 si
659 5163 759 5228 sal
801 5163 1166 5227 infatuatus
1209 5161 1409 5225 fuerit
1450 5180 1580 5243 quo
1618 5156 1933 5224 salietur?
1995 5156 2075 5221 ad
2121 5157 2290 5221 nihil
2336 5156 2510 5222 valet

554 5250 732 5316 ultra
773 5249 906 5315 nisi
949 5255 1028 5313 ut
1068 5247 1452 5331 proiiciatur
1492 5246 1666 5312 foras
1710 5252 1777 5309 et
1814 5244 2230 5309 conculcetur
2266 5244 2347 5309 ab
2392 5242 2509 5307 ho-

555 5338 859 5402 minibus.
950 5332 1329 5417 Intelligitis
1384 5353 1502 5416 pro
1557 5331 1921 5397 eruditione
1964 5338 2033 5394 et
2075 5330 2316 5413 pietate
2359 5349 2510 5393 ves-

2224 435 2380 495 1541
2430 430 2840 498 NOVEMB.

4418 449 4547 511 342

2589 628 2693 683 tra
2727 620 2888 702 quid
2924 623 3312 703 exspectetis
3356 632 3425 687 et
3459 621 3613 705 quid
3647 624 3838 690 vobis
3881 628 4309 695 metuendum
4354 631 4442 697 sit
4474 634 4546 698 in

2588 705 2918 788 praesenti
2962 707 3229 790 negotio
3255 707 3517 786 Fanni,
3564 710 3619 772 si
3662 710 3917 775 fueritis
3960 713 4258 796 insipidi„
4290 715 4543 799 impru-

2591 790 2820 855 dentes
2865 800 2932 856 et
2972 793 3218 876 ignavi.
3310 792 3430 859 Sal
3485 796 3840 859 acrimonia
3894 818 4016 862 sua
4074 808 4295 866 servat
4340 823 4381 866 a
4423 825 4545 885 pu-

2589 875 2846 941 mdine
2890 884 2960 942 et
2992 880 3429 962 corruptione.
3495 879 3636 945 Vos
3681 881 3902 963 itaque
3947 885 4205 964 pietate,
4249 888 4542 968 consilio,

2590 962 2945 1044 prudentia
2987 985 3062 1030 ac
3106 965 3453 1030 sedulitate
3508 976 3889 1031 conservate
3938 969 4243 1036 ecclesias
4288 982 4543 1040 vestras

2590 1055 2659 1112 et
2728 1049 3095 1114 ministeria
3160 1050 3616 1115 commendata
3681 1074 3721 1117 a
3780 1053 4088 1119 Domino,
4201 1058 4542 1124 Luxatum

2590 1154 2750 1198 1010
2793 1134 2919 1198 0111
2940 1135 3381 1200 ministerium
3417 1147 3710 1202 vestrum
3745 1139 3800 1203 si
3838 1148 4105 1222 propter
4139 1143 4544 1223 parrhesiam

2590 1220 2871 1302 pelletur
2927 1220 3255 1299 Ferreum,
3314 1242 3527 1304 neque
3582 1244 3735 1287 vero
3793 1234 3862 1288 et
3916 1226 4224 1292 ecclesiae
4281 1237 4544 1295 vestrae

2591 1305 2813 1370 salvae
2856 1292 2998 1371 es⁶se
3043 1308 3336 1389 quibunt,
3379 1308 3521 1372 sine
3563 1308 3797 1373 idoneo
3839 1319 3906 1374 et
3948 1311 4227 1378 heroicis
4270 1314 4544 1381 faculta—

2590 1391 2767 1456 tibus
2822 1389 3061 1456 donato
3121 1414 3196 1457 ac
3249 1393 3493 1476 insigni
3551 1396 3853 1477 quopiam
3911 1398 4245 1475 ministro,
4305 1401 4418 1483 qui
4474 1403 4544 1465 in

2591 1478 2755 1541 urbe
2820 1486 3041 1542 vestra
3097 1479 3410 1561 primaria
3464 1499 3687 1544 curam
3754 1495 3943 1564 gerat
3999 1493 4065 1547 et
4121 1483 4383 1550 urbicae
4441 1507 4545 1552 ec-

2593 1562 2829 1628 clesiae
2873 1573 2938 1627 et
2983 1565 3277 1628 omnium
3314 1565 3558 1647 pariter
3592 1565 4014 1631 ecclesiarum
4057 1579 4429 1635 vestrarum
4472 1572 4545 1636 in

2594 1668 2771 1731 agro.
2862 1647 3078 1728 Quem
3124 1658 3345 1714 autem
3387 1650 3759 1730 invenietis,
3814 1673 4073 1734 000000,
4123 1655 4375 1720 Farello
4417 1657 4545 1721 isto

2594 1743 2816 1799 nostro
2889 1734 3091 1812 (absit
3146 1736 3349 1800 verbo
3403 1735 3719 1819 invidial)
3787 1737 4093 1803 idoneum
4162 1740 4261 1804 rei
4326 1750 4547 1807 tantae

2594 1819 2850 1902 magis?
2944 1820 3238 1886 Farellus
3292 1823 3438 1903 pius
3497 1831 3629 1899 est,
3688 1832 3971 1900 sanctus,
4027 1824 4333 1907 prudens,
4380 1837 4547 1891 tem-

2594 1925 2850 1988 perans,
2896 1906 3103 1983 fortis,
3148 1907 3534 1988 intrepidus,
3582 1907 3993 1973 doctissimus
4043 1918 4110 1974 et
4153 1911 4548 1994 eloquentis·

2594 1992 2831 2056 simus:
2892 1991 3170 2074 denique
3213 1993 3460 2076 optima
3501 2013 3795 2075 quaeque
3851 1994 4051 2073 dona,
4109 2017 4274 2078 quae
4330 1999 4545 2080 requi-

2595 2084 2837 2141 runtur
2893 2097 2933 2141 a
2984 2075 3155 2141 fideli
3225 2078 3561 2161 episcopo,
3630 2078 3851 2143 divina
3907 2081 4164 2146 bonitas
4227 2083 4301 2146 in
4365 2083 4545 2150 hunc

2598 2183 2801 2226 unum
2858 2160 3216 2227 transfudit
3273 2163 3742 2229 liberalissime.
3847 2163 3981 2229 Sed
4039 2175 4107 2229 et
4163 2167 4370 2232 multa
4427 2189 4546 2251 per

2597 2246 2873 2311 eandem
2929 2248 3058 2312 Dei
3116 2249 3399 2330 gratiam
3461 2249 3712 2314 diutino
3769 2272 3894 2314 usu
3960 2258 4027 2315 et
4082 2254 4547 2319 exercitatione

2598 2334 2783 2396 varia
2850 2332 3093 2408 didicit,
3161 2345 3501 2415 praeterea
3568 2356 3774 2398 senex
3844 2344 3944 2400 est
4016 2344 4083 2400 et
4150 2338 4545 2403 senescendo

2597 2417 2927 2500 permulta
2969 2417 3155 2483 vidit.
3245 2420 3465 2484 Huius
3508 2420 3876 2484 ministerio
3931 2422 4144 2504 prima
4200 2421 4372 2505 apud
4429 2443 4547 2488 vos

2599 2502 2969 2567 rudimenta
2999 2525 3074 2568 00
3109 2505 3533 2568 fundamenta
3568 2506 3904 2588 religionis
3938 2528 4135 2570 verae
4171 2508 4341 2573 iacta
4375 2516 4545 2573 sunt.

2574 2589 2820 2654 ·Huius
2873 2591 3239 2654 ministerio
3298 2611 3452 2655 usus
3512 2599 3613 2654 est
3656 2592 3981 2655 Dominus
4038 2591 4118 2656 ad
4176 2614 4282 2657 res
4335 2595 4547 2658 maxi-

2601 2696 2774 2752 1000,
2833 2685 2898 2739 01
2941 2683 3208 2740 exstant
3263 2676 3502 2759 ubique
3558 2696 3755 2759 quam
3809 2677 4091 2758 plurima
4149 2679 4549 2760 apostolatus

2602 2762 2742 2825 eius
2786 2761 3051 2844 egregia
3110 2762 3502 2825 testimonia.
3608 2761 3940 2827 Sustinuit
3996 2764 4107 2827 ille
4165 2765 4229 2828 in
4278 2785 4549 2847 corpore

2601 2867 2718 2911 suo
2781 2847 3316 2928 persequutiones
3375 2868 3450 2912 ac
3514 2849 3789 2913 verbera
3850 2859 4118 2931 propter
4173 2851 4554 2915 Dominum.

2602 2932 3065 2997 Perseveravit
3106 2931 3426 2997 hactenus
3480 2933 3552 2996 in
3596 2935 3868 2998 summis
3922 2934 4229 3016 periculis
4271 2936 4555 3002 invictus

2601 3018 2672 3081 in
2754 3018 3098 3100 praeconio
3176 3032 3243 3082 et
3318 3018 3718 3083 confessione
3796 3020 4112 3084 veritatis.
4218 3021 4413 3086 Unde
4490 3028 4560 3088 et

2601 3125 2843 3186 magna
2908 3113 2973 3167 et
3038 3103 3316 3168 illustris
3382 3112 3483 3167 est
3542 3104 3784 3168 Farelli
3839 3107 4014 3169 fama
4072 3126 4147 3169 00
4212 3107 4424 3190 gloria
4480 3108 4553 3171 in

2603 3188 2868 3254 Christo
2912 3188 3087 3271 apud
3130 3190 3534 3266 Germanos,
3591 3189 3698 3271 qui
3745 3190 3869 3254 hoc
3925 3192 4191 3255 nomine
4236 3192 4555 3258 hactenus

2600 3274 3144 3339 Neocomensium
3204 3275 3543 3340 ecclesiam
3611 3275 4046 3340 iudicavimus
4114 3277 4556 3343 felicissimam

2601 3381 2762 3438 esse,
2809 3380 2971 3442 0000
3017 3381 3056 3424 0
3100 3360 3385 3424 Domino
3438 3367 3695 3424 tantum
3746 3362 4100 3444 accepisset
4153 3364 4552 3428 ministrum.

2601 3445 2854 3510 Idcirco
2899 3467 3030 3509 non
3066 3446 3388 3527 oportebit
3431 3467 3566 3520 vos,
3615 3467 3651 3510 o
3687 3447 3942 3524 fratres,
3988 3447 4177 3512 facile
4213 3447 4558 3513 admittere

2603 3540 2679 3595 ut
2717 3532 2820 3594 vir
2864 3543 3087 3594 tantus
3125 3541 3388 3614 praeter
3422 3531 3729 3596 meritum
3768 3542 3835 3595 et
3868 3532 4117 3598 indicta
4167 3555 4365 3599 causa
4419 3534 4558 3616 pel-

2603 3617 2797 3681 latur.
2889 3614 3005 3681 Sal
3051 3617 3206 3682 estis
3268 3617 3688 3681 ecclesiarum
3736 3627 4139 3683 vestrarum:
4206 3619 4560 3702 prudentes

2605 3724 2760 3785 ergo
2804 3711 2872 3766 et
2915 3712 3287 3766 constantes
3322 3713 3548 3776 estote,
3594 3711 3817 3767 curate
3861 3714 3935 3767 ut
3968 3705 4238 3769 valeant
4279 3707 4458 3788 leges
4494 3714 4562 3770 et

2605 3790 2769 3852 iura.
2860 3788 3060 3870 Agite
3103 3786 3273 3869 quod
3319 3789 3398 3850 ab
3443 3789 3887 3870 apostolorum
3947 3790 4347 3871 temporibus
4391 3812 4562 3855 sem-

2606 3875 2882 3957 peregit
2904 3873 3152 3937 Christi
3183 3873 3470 3938 ecclesia.
3532 3872 3949 3938 Convocetur
3973 3896 4128 3957 ergo
4165 3875 4457 3957 synodus
4479 3897 4564 3940 ex

2610 3959 2992 4041 pastoribus,
3032 3959 3457 4036 senatoribus,
3495 3958 3783 4041 adeoque
3820 3982 3901 4023 ex
3934 3960 4079 4042 ipsa
4116 3960 4304 4042 plebe
4336 3961 4565 4043 optimi

2611 4045 2852 4127 quique
2898 4055 2964 4107 et
3008 4044 3422 4109 sanctissimi.
3512 4044 3850 4109 Vocentur
3894 4054 3962 4109 et
4005 4046 4253 4111 Farelli
4295 4066 4559 4111 accusa·

2609 4141 2801 4194 tores.
2891 4130 3247 4206 Audiatur,
3315 4139 3744 4213 cognoscatur
3801 4139 3866 4195 et
3923 4131 4306 4196 discutiatur
4361 4151 4561 4195 causa

2610 4214 3112 4298 diligentissime
3178 4235 3251 4280 ac
3308 4215 3667 4279 iustissime
3732 4216 4261 4298 aequissimeque.
4363 4214 4562 4295 Quod

2610 4301 2667 4365 si
2712 4300 2868 4384 quid
2913 4299 3395 4383 deprehensum
3438 4301 3637 4365 fuerit
3672 4321 3711 4364 a
3735 4301 3987 4365 Farelzo
4023 4323 4163 4366 esse
4198 4309 4557 4383 peccatum,

2610 4409 2761 4470 age,
2829 4406 3151 4450 memores
3228 4393 3433 4450 estote
3493 4387 3839 4450 verborum
3914 4385 4184 4469 apostoli
4253 4385 4559 4451 dicentis:

2610 4472 2948 4536 Adversus
3017 4471 3472 4556 presbyterum
3541 4473 4010 4536 accusationem
4068 4492 4153 4536 ne
4218 4470 4562 4536 admiseris

2611 4558 2735 4621 nisi
2781 4557 2902 4621 sub
2947 4555 3197 4622 duobus
3241 4565 3359 4621 aut
3411 4556 3622 4622 tribus
3666 4559 3970 4622 testibus:
4031 4578 4139 4621 eos
4185 4566 4405 4621 autem
4450 4557 4563 4639 qui

2609 4658 2878 4725 peccant
2919 4662 3136 4708 coram
3182 4643 3487 4708 omnibus
3531 4662 3732 4726 argue
3769 4651 3843 4706 ut
3875 4650 3942 4705 et
3985 4643 4222 4707 caeteri
4261 4644 4564 4707 timorem

2612 4727 2915 4793 habeant.
3006 4727 3202 4808 Quod
3257 4729 3315 4792 si
3373 4727 3537 4792 nihil
3596 4728 3889 4809 peccavit
3934 4728 4261 4806 Far-ellae,
4304 4749 4390 4791 ne
4448 4726 4564 4790 ad-

2609 4814 2890 4878 mittatis
2947 4821 3022 4877 ut
3075 4835 3159 4878 ex
3203 4814 3507 4890 ecclesia,
3565 4835 3730 4895 quae
3775 4835 4012 4877 nomen
4056 4813 4308 4878 Christi
4352 4811 4565 4877 adhuc

2612 4902 2956 4964 confitetur
2999 4906 3065 4962 et
3121 4900 3190 4963 in
3246 4920 3374 4981 qua
3417 4900 3564 4963 iura
3608 4919 3681 4964 ac
3725 4898 3905 4981 leges
3949 4898 4167 4964 valere
4211 4896 4425 4962 adhuc
4466 4898 4566 4962 vi·

2613 4985 2754 5049 deri
2798 4984 3047 5064 volunt,
3092 4985 3405 5050 eiiciatur.
3476 4984 3739 5067 Alioqui
3777 4985 3951 5049 enim
3996 4985 4243 5050 factum
4281 4984 4401 5049 hoc
4440 4983 4566 5047 im·

2612 5070 3073 5154 probissimum
3113 5070 3364 5135 malum
3421 5070 3796 5153 exemplum
3857 5071 4036 5135 dabit
4077 5067 4379 5134 omnibus
4422 5068 4569 5133 aliis

2614 5156 2920 5222 ecclesiis.
3011 5154 3147 5221 Sed
3192 5165 3259 5220 et
3300 5156 3525 5220 hostes
3568 5157 3776 5220 nostri
3819 5158 4114 5239 papistae
4160 5154 4571 5219 damnabunt

2612 5243 2787 5308 hano
2850 5241 3193 5307 levitatem
3257 5261 3454 5323 quam
3518 5242 3645 5324 ipsi
3710 5262 4043 5324 nunquam
4122 5238 4568 5305 admitterent.

2614 5329 2759 5393 Iam
2817 5335 2884 5392 et
2925 5333 3113 5392 tanta
3155 5326 3482 5392 iniustitia
3525 5335 3591 5392 et
3638 5326 3835 5392 libido
3880 5325 4162 5392 infirmis
4206 5327 4569 5411 quibusque

4044 5425 4160 5481 22*
