5050 6167
649 410 770 473 531

643 596 900 679 piorum
959 602 1026 662 et
1080 601 1157 659 ut
1211 601 1478 679 possent
1532 592 1712 660 Galli
1767 591 2007 658 multos
2063 591 2333 675 perdere
2390 612 2593 674 quum

643 681 929 748 Gorzam
982 680 1285 748 venirent
1327 680 1419 764 pii
1459 679 1791 745 Metenses
1835 686 2210 762 (antequam
2252 698 2370 760 pro
2413 676 2593 761 lega-

643 767 750 845 tis,
795 768 905 849 qui
947 766 1173 831 arbitri
1229 767 1500 831 fuerunt
1539 766 1612 830 in
1656 765 2014 829 Dominum
2057 763 2359 830 comitem
2404 763 2592 828 Guil-

642 852 907 932 lelmum,
954 862 1020 918 et
1062 852 1411 929 Metenses,
1467 850 1858 916 constitutus
1903 850 2132 915 fuisset
2173 848 2592 915 concionator

642 937 842 1004 Metis
895 947 972 1003 ut
1025 936 1328 1003 audirent
1383 937 1657 1003 verbum
1710 943 1778 1002 'et
1830 936 2031 1020 legati
2089 935 2460 1018 principum
2525 944 2592 1001 et

642 1024 906 1089 urbium
941 1032 1200 1088 tantum
1244 1023 1367 1088 hoc
1410 1022 1776 1088 effecissent
1819 1029 1891 1087 ut
1934 1021 2211 1086 verbum
2254 1021 2589 1104 praedica-

641 1116 826 1175 retur
883 1118 950 1174 et
991 1130 1126 1175 non
1171 1118 1343 1174 esset
1387 1128 1732 1174 concessus
1778 1114 2332 1173 sacramentorum
2378 1108 2588 1190 usus),

641 1195 1062 1261 coniicientes
1102 1194 1342 1260 multos
1388 1193 1465 1259 ad
1511 1214 1778 1259 coenam
1822 1201 2137 1259 venturos
2181 1195 2248 1257 in
2296 1192 2399 1258 die
2442 1215 2588 1276 pas·

639 1282 831 1359 chae,
892 1287 1213 1363 apparant
1265 1301 1336 1345 se
1393 1280 1634 1344 milites
1690 1285 1758 1344 et
1811 1279 2008 1362 paulo
2063 1288 2209 1361 post
2268 1277 2585 1344 decimam

635 1374 981 1450 postquam
1034 1387 1235 1431 coena
1287 1366 1415 1430 fuit
1469 1372 1747 1448 peracta.
1837 1363 1973 1430 Sed
2014 1365 2182 1429 miro
2237 1364 2477 1430 affectu
2521 1372 2590 1430 et

634 1459 813 1518 recto
857 1451 1085 1517 ordine
1129 1472 1274 1518 cum
1327 1450 1637 1518 concione
1676 1449 1790 1515 ubi
1835 1450 2114 1533 populus
2159 1449 2462 1516 veniebat
2504 1450 2586 1516 ad

637 1537 991 1604 secundam
1046 1537 1423 1602 concionem
1477 1546 1549 1600 ut
1604 1536 1988 1619 tempestive
2046 1544 2264 1619 posset
2320 1536 2588 1601 domum

637 1623 869 1701 redire,
916 1623 1295 1706 priusquam
1330 1622 1564 1706 aliquis
1606 1622 1944 1706 ingressus
1988 1622 2219 1687 fuisset
2253 1642 2469 1688 arcem
2513 1622 2588 1687 in

635 1729 765 1793 qua
797 1709 995 1774 fiebat
1030 1710 1271 1784 concie,
1318 1728 1463 1775 ecce
1500 1707 1683 1774 Galli
1717 1708 1987 1791 equites,
2032 1707 2111 1773 116
2146 1707 2382 1790 quibus
2419 1707 2585 1772 nihil

632 1815 899 1878 prorsus
942 1794 1294 1859 timebatur
1327 1815 1526 1877 quum
1563 1793 1811 1858 bellum
1844 1815 1978 1858 non
2014 1793 2335 1859 haberent
2372 1815 2586 1877 neque

634 1901 785 1947 cum
840 1879 1095 1946 Gemite
1160 1900 1370 1964 neque
1435 1899 1584 1944 cum
1649 1880 1775 1962 piis
1838 1879 2268 1958 Metensibus,
2335 1881 2587 1944 intrant

638 1965 966 2049 oppidum,
1043 1966 1203 2031 tuba
1265 1966 1444 2032 canit
1517 1965 1879 2043 classicum,
1959 1973 2235 2031 currunt
2311 1966 2583 2048 equites,

636 2072 916 2136 magnus
954 2053 1031 2116 fit
1071 2051 1314 2117 clamor
1355 2053 1654 2134 equitum
1699 2058 1766 2115 et
1809 2051 2285 2136 oppidanorum
2329 2052 2400 2116 in
2442 2052 2585 2117 Lu-

639 2137 948 2203 tberanos
991 2138 1353 2203 Metenses:
1418 2137 1492 2200 hi
1555 2137 1850 2202 indicant
1913 2137 2044 2202 illis
2087 2135 2584 2221 persequendos,

637 2222 745 2288 hic
787 2223 934 2307 pius
968 2244 1171 2289 senex
1212 2224 1283 2288 in
1318 2223 1460 2289 vico
1495 2222 1837 2305 impetitur
1872 2230 1938 2288 et
1965 2223 2187 2289 Iesum
2222 2223 2586 2289 invocando

638 2306 942 2375 deiicitur
1005 2310 1073 2373 in
1135 2316 1381 2374 terram
1446 2310 1745 2393 cogitque
1809 2330 2008 2392 eques
2072 2309 2279 2391 ipsius
2343 2329 2586 2391 equum

637 2394 1014 2479 conculcare
1047 2395 1396 2473 iacentem,
1442 2404 1701 2460 mortuo
1748 2395 1963 2459 aufert
2006 2395 2061 2460 si
2104 2394 2261 2477 quid
2307 2395 2588 2460 habebat

634 2481 967 2564 pecuniae.
1054 2480 1249 2546 Miles
1307 2480 1682 2547 Germanus
1748 2478 2104 2545 bombarda
2161 2480 2331 2547 ictus
2397 2487 2587 2545 extra

633 2586 854 2633 arcem
918 2564 1076 2631 dum
1139 2573 1429 2632 curreret
1492 2566 1575 2631 ad
1651 2585 1870 2631 arcem
1931 2567 2227 2631 moritur.
2334 2566 2585 2632 Mirum

637 2672 839 2736 quum
892 2653 1156 2735 saepius
1207 2653 1281 2716 in
1346 2660 1631 2717 turmam
1682 2653 1940 2734 piorum
2007 2653 2281 2717 emissae
2337 2652 2586 2717 fuerint

635 2737 1046 2816 bombardae,
1100 2738 1293 2803 modo
1336 2738 1601 2821 fugiunt
1639 2737 1771 2803 huc
1814 2738 2004 2804 modo
2046 2738 2206 2802 illuc
2244 2746 2438 2821 prout
2479 2759 2585 2804 sa-

634 2822 946 2908 tagebant
988 2823 1079 2907 pii
1121 2824 1367 2889 evitare
1412 2823 1757 2889 Gallorum
1801 2831 1867 2888 et
1907 2823 2227 2889 Italorum
2268 2824 2474 2890 furias
2516 2831 2585 2889 et

633 2931 868 2975 manus
924 2909 1275 2975 mulierum
1331 2930 1591 2976 summa
1652 2916 1799 2975 cute
1857 2910 2126 2974 fuerunt
2180 2916 2459 2975 attactae
2519 2916 2586 2974 et

633 2995 881 3062 circum
917 2995 1134 3079 capita
1166 2996 1463 3060 virorum
1497 2995 1800 3060 volarent
1841 2993 2093 3079 lapides
2127 3016 2320 3061 nemo
2362 3003 2585 3060 tamen

632 3081 849 3147 laesus
906 3081 1047 3146 fuit.
1137 3079 1634 3147 Convertuntur
1696 3080 1938 3146 milites
1998 3080 2081 3145 ad
2148 3081 2458 3164 praedam
2516 3088 2586 3146 et

633 3165 953 3250 diripiunt
1015 3166 1331 3250 quidquid
1387 3166 1735 3233 inveniunt
1798 3165 1967 3249 quod
2032 3166 2121 3231 sit
2161 3166 2583 3235 Metensium.

628 3251 825 3335 Oapti
868 3253 1251 3318 vinciuntur
1284 3253 1398 3336 qui
1440 3260 1718 3335 possunt
1751 3261 1901 3335 post
1934 3251 2246 3336 praedam
2286 3254 2361 3317 in
2404 3252 2583 3319 aedi-

630 3338 752 3403 bus
804 3338 1091 3403 inveniri
1145 3342 1214 3404 et
1267 3347 1415 3403 tum
1468 3337 1779 3404 mulieres
1823 3346 1966 3402 tum
2020 3338 2277 3421 puellae
2333 3347 2585 3422 septem

630 3421 1072 3503 abducuntur,
1130 3444 1297 3507 quae
1341 3432 1603 3508 accepta
1655 3421 2102 3508 redemptione
2158 3425 2586 3490 remittuntur

630 3508 773 3574 sine
815 3508 1073 3587 iniuria,
1104 3512 1158 3588 ⁷)
1199 3507 1371 3593 quod
1412 3530 1612 3592 supra
1651 3509 2046 3576 miraculum
2089 3508 2270 3589 duce,
2318 3518 2384 3576 et
2422 3531 2584 3576 sane

629 3592 802 3659 nihil
843 3595 1055 3679 magis
1097 3595 1326 3680 rogavi
1363 3595 1722 3661 Dominum
1765 3616 1978 3680 neque
2021 3597 2162 3680 pios
2207 3604 2343 3661 tam
2386 3596 2585 3662 anxie

631 3679 951 3746 obsecrati
973 3701 1200 3747 sumus
1244 3689 1322 3746 ut
1355 3686 1652 3765 peterent
1686 3701 1726 3745 a
1748 3679 1892 3747 Deo
1930 3703 2126 3765 quam
2169 3689 2245 3748 ut
2286 3682 2584 3767 integrae

630 3773 1057 3832 servarentur
1123 3788 1241 3833 nec
1314 3767 1714 3834 cessavimus
1777 3788 2005 3834 omnes
2068 3769 2323 3851 precari
2388 3767 2583 3835 valde

630 3852 847 3931 anxii,
906 3852 1111 3917 donec
1170 3860 1463 3920 servatas
1506 3852 1879 3919 audivimus
1923 3852 2190 3919 domum
2247 3854 2580 3921 remissas.

627 3936 898 4002 Iactura
938 3939 1252 4022 pecuniae
1309 3939 1431 4004 fuit
1484 3939 1735 4023 gravis,
1792 3938 1908 4005 sed
1952 3939 2118 4004 nihil
2175 3939 2322 4006 ideo
2365 3939 2585 4006 affecti

628 4023 892 4089 fuimus.
981 4024 1160 4088 Dum
1205 4024 1366 4091 haec
1409 4026 1580 4090 fiunt
1621 4024 1694 4090 111
1737 4025 1996 4109 oppidu,
2055 4032 2129 4091 ut
2172 4033 2316 4091 erat
2356 4024 2583 4090 multi-

629 4108 787 4174 tudo
843 4108 1131 4175 militum
1191 4110 1435 4194 passim
1499 4130 1727 4195 sparsa
1789 4130 2188 4194 persequens
2253 4111 2582 4196 fugientes

628 4215 747 4278 per
790 4195 1007 4273 silvas,
1052 4217 1170 4278 per
1213 4196 1356 4261 vias
1391 4217 1635 4276 omnes,
1679 4196 2182 4280 properantibus
2217 4197 2465 4279 aliquot
2498 4196 2583 4262 ad

513 4286 520 4293 ’
626 4288 890 4363 portum
933 4290 1010 4345 ut
1044 4281 1422 4347 traiicerent
1442 4282 1806 4361 Mosellam,
1843 4282 2087 4347 milites
2123 4302 2272 4347 cum
2317 4281 2583 4349 rusticis

629 4570 844 4632 rendre,
879 4586 948 4623 en
975 4577 1121 4625 ceste
1155 4571 1434 4626 meritoire
1469 4571 1716 4624 occasion
1766 4577 1920 4625 toute
1956 4572 2286 4626 l'assistance
2359 4571 2450 4625 u’il
2485 4573 2581 4644 luy

626 4639 799 4693 seroit
819 4639 1076 4708 possible.
1151 4641 1223 4721 Et
1256 4639 1505 4693 d’sutant
1538 4656 1645 4710 que
1681 4611 1856 4694 dorae
1891 4641 2061 4696 estoit
2095 4657 2303 4695 comme
2322 4588 2392 4694 (la
2464 4641 2581 4696 lace

626 4707 856 4762 d’armes
891 4713 949 4760 et
982 4708 1034 4761 le
1068 4708 1285 4762 bastion
1320 4708 1390 4763 de
1425 4725 1513 4762 ces
1540 4725 1824 4762 nonveaux
1841 4709 2237 4779 Evangelistes,
2274 4658 2476 4764 claudi,
2510 4710 2582 4765 de

628 4776 812 4848 Guyse
859 4778 1019 4846 iugea
1063 4776 1192 4847 qu'il
1243 4779 1324 4831 les
1375 4777 1554 4831 falloit
1605 4778 1742 4831 aller
1793 4778 2080 4832 desnicher
2131 4780 2200 4832 de
2252 4779 2323 4833 la.
2403 4779 2449 4832 n
2499 4780 2582 4833 les

762 4847 837 4898 rit
868 4845 1011 4900 donc
1042 4846 1095 4899 le
1129 4862 1329 4915 propre
1364 4847 1486 4900 iour
1506 4847 1575 4899 de
1593 4846 1836 4915 Pasques
1872 4847 2114 4917 pendant
2187 4847 2305 4901 u¹ils
2342 4848 2582 4902 estoient

628 4914 661 4967 ὸ,
694 4916 844 4996 table
878 4918 976 4968 etc.
1011 4913 1313 4995 (Meruisse
1335 4929 1398 4995 p.
1437 4913 1546 4995 ⁸.⁰·)
1617 4914 1775 4970 Idem
1819 4920 1984 4969 autor
2010 4930 2075 4985 p.
2112 4864 2184 4969 thl
2228 4916 2583 4972 transscribit

861 4999 916 5037 m
941 4981 1169 5038 Comme
1187 4982 1468 5038 Gut'lndmz
1490 4982 1545 5038 d.
1570 4983 1621 5036 8.
1651 4983 1764 5038 Oct.
1803 4984 1938 5037 1542
1973 4984 2166 5040 datam
2200 4985 2277 5040 ad
2312 4985 2582 5041 Senatum

700 5058 931 5107 demuma
962 5052 1027 5108 in
1060 5068 1173 5122 qua
1206 5068 1314 5107 sua
1351 5053 1578 5122 &exponit
1609 5054 1962 5121 gravamina.

838 5121 896 5190 7)
931 5123 1202 5193 Quelques
1249 5123 1371 5175 huit
1422 5138 1492 5175 ou
1547 5122 1642 5176 dix
1697 5124 1920 5178 femmes
1967 5123 2152 5177 {urent
2196 5124 2500 5179 emmenees
2548 5123 2582 5177 a

630 5190 901 5245 Madieres
951 5190 1079 5261 pres
1123 5192 1176 5246 le
1221 5190 1719 5260 Fontei-Momm,
1772 5190 1892 5245 11ὀύ
1940 5191 2045 5246 l’on
2099 5191 2184 5245 dit
2236 5192 2456 5262 qn'elles
2509 5208 2580 5246 ne

630 5259 1012 5396 1111181111ῗὸ1661
1045 5277 1149 5331 pas
1192 5262 1350 5315 telles
1386 5259 1607 5329 qu’elles
1651 5278 1688 5331 y
1736 5261 1971 5316 estoient
2016 5260 2199 5316 alle'es.
2272 5261 2583 5327 (Mauricae

2133 403 2679 473 'EPISTOLAE
2723 408 2849 470 463

4518 402 4629 469 532

2694 599 3052 677 coegerunt
3090 591 3340 675 aliquot
3394 611 3655 657 amnem
3709 592 3959 658 intrare
4002 598 4071 658 et
4109 592 4440 677 ingressos
4481 590 4634 674 lapi-

2694 675 2884 743 dibus
2924 677 3329 761 impetebant
3368 676 3545 744 unde
3596 678 3841 744 factum
3886 684 3987 745 est
4037 685 4116 743 ut
4158 678 4284 744 duo
4326 676 4453 744 viri
4494 678 4635 742 toti-

2695 761 2971 847 demque
3004 763 3311 831 mulieres
3346 764 3499 830 licet
3534 770 3667 829 tres
3701 763 3999 829 serantur
4023 764 4271 830 fuerint
4304 763 4633 843 submersi,

2695 855 3046 917 evaserunt
3105 850 3355 933 aliquae
3408 849 3700 917 vestibus
3767 850 4061 934 expassis
4125 850 4314 934 aquis
4378 859 4634 916 evectae

2694 956 2835 1001 sese
2878 936 3184 1001 manibus
3229 942 3544 1002 tenentes.
3633 936 3928 1001 Tubicen
3973 934 4327 1019 perductus
4369 934 4452 1000 ad
4493 956 4635 1020 por-

2693 1028 2831 1087 tam
2896 1022 3063 1087 arcis
3132 1021 3348 1088 effecit
3408 1030 3482 1087 ut
3547 1028 3828 1106 quatuor
3889 1021 4138 1087 fuerint
4202 1021 4449 1106 egressi
4513 1042 4633 1105 quo

2691 1115 2960 1189 possent
3001 1107 3274 1191 colloqui
3322 1129 3472 1174 cum
3518 1105 3680 1173 duce
3733 1116 3989 1173 turmae
4030 1108 4324 1190 equitum
4367 1107 4480 1191 qui
4520 1107 4636 1175 hos

2692 1200 2972 1275 quatuor
3026 1192 3377 1260 voluerunt
3420 1190 3741 1271 occidere,
3801 1192 3916 1259 sed
3969 1215 4089 1277 pro
4133 1193 4449 1278 colloquio
4492 1214 4634 1278 cap-

2692 1279 2811 1343 tivi
2856 1278 3123 1344 fuerunt
3165 1279 3446 1344 abducti.
3516 1279 3703 1345 Haec
3738 1286 3840 1345 est
3873 1279 4109 1363 gallica
4146 1287 4213 1345 et
4245 1280 4469 1345 italica
4503 1280 4635 1363 pie-

2691 1372 2824 1443 tas,
2883 1385 3078 1430 suum
3137 1364 3230 1430 ita
3284 1363 3701 1431 celebrarunt
3752 1365 4012 1448 pascha.
4100 1365 4286 1430 Haec
4328 1372 4486 1430 sunt
4526 1365 4635 1431 he-

2690 1451 2866 1516 roica
2925 1450 3111 1529 facta,
3185 1451 3420 1516 armati
3484 1451 3772 1517 inermes
3838 1451 4103 1516 consilio
4168 1450 4637 1534 oppidanorum

2690 1536 2866 1603 cauti
2922 1544 2990 1601 et
3030 1535 3255 1621 <parati
3305 1536 3604 1603 incautos
3659 1544 3726 1601 et
3778 1535 3950 1601 nihil
4006 1538 4224 1603 minus
4281 1538 4635 1621 cogitantes

2689 1630 2764 1687 ut
2806 1622 3094 1687 latrones
3138 1621 3321 1687 nullo
3365 1621 3756 1688 denunciato
3802 1621 3972 1687 bello
4013 1622 4261 1707 agressi
4305 1630 4478 1689 sunt.
4556 1623 4636 1687 In

2691 1708 3047 1774 crastinum
3091 1707 3334 1773 fecialis
3369 1708 3655 1772 mittitur
3697 1707 3807 1792 qui
3854 1707 4046 1773 valde
4090 1708 4411 1774 tremulus
4456 1709 4639 1793 petiit

2690 1813 2905 1858 arcem
2951 1793 3102 1859 dedi
3150 1794 3437 1858 Guisano
3478 1794 3655 1878 regis
3699 1794 3979 1860 nomine.
4057 1794 4243 1859 Haec
4285 1802 4446 1861 sunt
4487 1794 4637 1860 belli

2689 1879 2836 1944 iura
2894 1879 3051 1945 dum
3104 1888 3333 1946 contra
3381 1879 3522 1962 pios
3579 1879 3943 1963 gerendum
3987 1887 4104 1959 est,
4164 1888 4312 1963 post
4368 1901 4639 1965 gravem

2687 1964 2941 2030 illatam
2997 1966 3304 2031 iniuriam
3361 1964 3656 2031 fecialem
3711 1965 3989 2031 mittere.
4079 1965 4246 2047 Quis
4299 1964 4409 2030 hic
4464 1987 4638 2033 nunc

2688 2049 2860 2116 dicet
2903 2051 3136 2116 merito
3192 2050 3514 2116 saevitum
3567 2049 3637 2115 in
3681 2051 4017 2117 Metenses
4069 2052 4246 2135 pios,
4306 2073 4425 2136 per
4482 2073 4639 2136 quos

2689 2136 2937 2202 scilicet
2999 2135 3352 2221 impeditus
3414 2137 3539 2201 fuit
3595 2137 3745 2202 Rex
3803 2144 3919 2202 aut
3981 2137 4311 2203 Guisanus
4372 2159 4459 2204 ne
4522 2159 4641 2203 arx

2691 2221 3039 2288 dederetur
3079 2244 3278 2305 quum
3324 2232 3515 2287 extra
3555 2244 3772 2288 arcem
3815 2230 4037 2289 essent
4078 2232 4145 2287 et
4186 2244 4410 2288 eorum
4449 2244 4640 2289 nemo

2687 2308 3003 2373 intrasset
3045 2308 3172 2373 nisi
3208 2309 3525 2391 depositis
3560 2309 3778 2374 armis.
3848 2308 4029 2390 Quid
4074 2309 4368 2392 responsi
4412 2308 4640 2375 datum

2688 2392 2891 2459 fuerit
2930 2394 3144 2460 feciali
3187 2416 3321 2459 non
3360 2395 3531 2459 novi.
3621 2393 3874 2460 Audivi
3912 2393 4083 2477 quod
4126 2394 4382 2461 dicebat
4426 2395 4642 2479 palam

2689 2500 2905 2546 arcem
2944 2479 3248 2563 petendo:
3297 2479 3453 2563 quid
3493 2479 3738 2545 milites
3780 2480 3849 2545 in
3896 2501 4043 2546 arce
4089 2489 4453 2547 tractarent
4494 2501 4641 2546 cum

2688 2566 2817 2648 piis
2872 2586 3075 2649 agens
3129 2565 3375 2631 crebris
3429 2565 3851 2632 concionibus
3906 2574 3975 2631 et
4029 2566 4295 2652 iugibus
4336 2568 4641 2650 precibus

2687 2673 2820 2716 non
2882 2652 3041 2717 adeo
3099 2652 3426 2718 curabam.
3516 2650 3647 2716 Die
3701 2652 4019 2721 Mercurii
4072 2653 4260 2717 venit
4308 2653 4642 2719 Guisanus

2689 2745 2755 2802 et
2790 2757 3035 2822 magnu
3061 2738 3423 2821 sequitatus
3467 2745 3534 2801 et
3577 2758 3781 2821 quum
3815 2758 3954 2817 arx,
3998 2738 4072 2803 in
4114 2759 4241 2822 qua
4276 2746 4378 2804 est
4409 2759 4642 2805 coeno-

2687 2822 2870 2888 bium
2925 2822 3397 2888 monachorum
3473 2844 3576 2888 no.
3604 2822 3663 2909 Β)
3722 2821 3839 2888 6611
3909 2823 4271 2908 insignium
4328 2831 4644 2891 scortato-

2686 2930 2856 2987 rum,
2902 2909 3030 2975 sita
3065 2910 3153 2975 sit
3194 2909 3266 2973 in
3302 2908 3476 2973 valle
3511 2917 3580 2975 et
3612 2907 3904 2993 undique
3940 2909 4275 2976 montibus
4309 2912 4644 2994 saepiatur

2685 3002 2752 3060 et
2794 2994 2977 3062 velut
3016 2995 3234 3061 fauces
3276 3015 3434 3061 sane
3476 3002 3543 3059 et
3584 2994 3743 3080 gula
3785 2993 4122 3079 quaedam,
4179 2995 4357 3062 unde
4400 3016 4646 3062 nomen

2687 3080 2906 3147 Gorze
2941 3081 3245 3165 gallicum
3288 3082 3595 3160 retinent,
3639 3088 3830 3146 erant
3862 3080 4105 3148 milites
4148 3083 4220 3146 in
4263 3081 4646 3169 editioribus

2686 3166 2846 3233 locis
2888 3175 2964 3232 ut
3006 3167 3251 3252 singuli
3307 3165 3520 3234 videri
3572 3173 3842 3250 possent
3897 3188 3981 3232 ex
4025 3187 4174 3235 arce
4219 3168 4463 3234 armati
4507 3189 4644 3235 om-

2686 3273 2805 3319 nes
2861 3254 3085 3318 omnia
3127 3252 3511 3336 occupantia
3534 3255 3571 3291 ⁶
3614 3252 3803 3337 quasi
3858 3252 4024 3318 nihil
4080 3253 4360 3319 evadere
4399 3260 4643 3338 posset.

2688 3339 2935 3405 Actum
2987 3337 3117 3404 fuit
3169 3359 3321 3405 cum
3370 3337 3672 3420 Guysano
3726 3337 3807 3404 de
3865 3361 4015 3406 arce
4055 3347 4123 3404 et
4165 3338 4647 3406 conditionibus

2687 3424 2924 3508 quibus
2967 3425 3251 3492 occurrit
3290 3425 3363 3489 in
3405 3443 3641 3490 manus
3684 3424 3878 3508 regis.
3946 3423 4052 3490 De
4077 3425 4437 3492 Germanis
4479 3423 4646 3490 nihil

2688 3518 2832 3576 erat
2873 3510 3046 3594 quod
3090 3509 3458 3594 impediret,
3503 3518 3570 3575 et
3612 3508 3890 3576 abituris
3933 3519 3999 3576 et
4041 3512 4369 3577 mansuris
4412 3512 4648 3576 offere-

2687 3596 2930 3662 bantur
2972 3596 3200 3676 multa,
3244 3595 3416 3680 quod
3457 3595 3668 3679 pridie
3710 3595 3960 3662 dictum
4000 3598 4218 3662 fuerat
4261 3597 4342 3662 ab
4376 3595 4647 3680 oppida-

2687 3683 2812 3763 nis,
2859 3704 2930 3748 se
2972 3684 3184 3750 iussos
3229 3702 3372 3748 esse
3413 3679 3731 3765 quidquid
3774 3689 3947 3748 esset
3988 3683 4185 3749 officii
4226 3687 4642 3766 praestarent

2698 3769 2774 3833 D.
2818 3767 3063 3834 Comiti
3106 3776 3173 3834 et
3237 3768 3377 3834 suis
3440 3766 3782 3847 militibus,
3850 3789 4079 3834 verum
4120 3768 4459 3834 Metenses
4479 3773 4515 3807 ¹*
4578 3772 4644 3831 et

2685 3855 2847 3921 alios
2889 3875 3041 3921 cum
3085 3853 3182 3920 eis
3216 3855 3270 3919 si
3307 3854 3419 3938 qui
3453 3851 3926 3937 egrederentur
3960 3854 4133 3937 capti
4167 3852 4640 3920 detinerentur.

2684 3941 2844 4006 Ideo
2871 3939 3199 4007 Guisanus
3285 3940 3504 4006 etebat
3525 3939 3860 4005 Metenses
3904 3939 4018 4005 sed
4063 3959 4167 4003 me
4208 3958 4345 4004 non
4388 3947 4642 4022 postre-

2685 4047 2873 4092 mum
2914 4026 3087 4109 quod
3131 3962 3368 4092 Gafius
3406 4045 3634 4091 essem.
3726 4023 4044 4091 Germani
4087 4044 4291 4106 quum
4332 4032 4485 4108 post
4528 4045 4643 4090 ex-

2687 4112 3057 4179 cursionem
3100 4112 3400 4197 gallicam
3443 4111 3777 4177 Metenses
3820 4109 4144 4192 cepissent
4185 4109 4257 4174 in
4300 4130 4526 4176 arcem
4569 4116 4642 4174 ut

2686 4219 2823 4264 una
2855 4198 3163 4265 viverent
3204 4202 3272 4263 et
3304 4203 3736 4273 morerentur,
3784 4201 3858 4258 ut
3891 4192 4017 4258 dici
4054 4194 4235 4274 solet,
4280 4195 4645 4261 noluerunt

2688 4283 2850 4351 haec
2902 4282 3255 4350 concedere
3315 4282 3430 4349 sed
3488 4290 3563 4348 ut
3615 4301 3840 4347 omnes
3900 4280 4128 4345 eadem
4168 4280 4644 4365 egrederentur

2686 4368 3086 4436 conditione:
3134 4368 3306 4454 quod
3343 4377 3680 4454 peractum
3721 4366 3851 4430 fuit
3892 4364 4251 4450 obsignatis
4292 4366 4453 4434 hinc
4489 4364 4644 4433 inde

2685 4456 2912 4522 literis.
3001 4453 3138 4523 Sed
3191 4476 3328 4521 non
3384 4462 3544 4520 tunc
3596 4452 3924 4535 frigebant
3975 4472 4200 4535 preces
4243 4452 4325 4519 ob
4380 4453 4644 4519 instans

2685 4541 3068 4626 periculum,
3131 4549 3198 4607 et
3240 4561 3318 4607 ea
3403 4559 3524 4605 uae
3578 4534 3954 4603 absentibus
4004 4536 4318 4604 fratribus
4362 4539 4643 4605 timeba-

2685 4648 2854 4706 mus,
2914 4628 3256 4694 conciones
3297 4628 3382 4693 fie
3426 4630 3539 4689 ant
3581 4630 3648 4688 et
3699 4621 3934 4706 psalmi
3977 4624 4385 4690 canebantur
4427 4624 4644 4709 magis

2686 4714 3150 4780 convenientes
3206 4713 3291 4778 iis
3331 4711 3444 4795 qui
3486 4717 3837 4775 versantur
3890 4709 3962 4773 in
4007 4711 4266 4795 magnis
4308 4709 4641 4793 periculis,

2685 4799 2857 4883 quod
2916 4797 3110 4866 valde
3183 4795 3563 4881 displicebat
3626 4793 3950 4877 aliquibus
4014 4817 4099 4860 ex
4163 4796 4513 4863 monachis
4577 4800 4645 4859 et

2686 4885 2999 4950 attonitos
3075 4883 3403 4949 reddebat.
3507 4878 3895 4945 Inviserunt
3968 4901 4078 4946 me
4153 4881 4355 4966 aliqui
4438 4879 4641 4961 Galli,

2684 4992 2859 5037 unus
2914 4991 3072 5053 prae
3110 4992 3180 5037 se
3234 4968 3484 5034 ferebat
3526 4968 3839 5051 pietatem
3855 5018 3871 5045 ,
3933 4966 4102 5032 alter
4143 4966 4639 5045 adversabatur,

2685 5056 2921 5122 tertius
2986 5077 3094 5122 me
3157 5053 3558 5139 obiurgabat,
3627 5052 3942 5119 offerebat
4002 5054 4257 5138 primus
4320 5072 4640 5119 mansuro

2684 5141 2897 5207 multa
2939 5163 3138 5225 seque
3180 5147 3440 5206 tantum
3482 5159 3673 5222 posse
3719 5148 3795 5203 ut
3835 5137 4039 5205 libere
4082 5159 4304 5206 secum
4347 5157 4636 5224 agerem.

2891 5328 2951 5396 8)
2989 5328 3266 5384 nobilium.
