5050 6167
406 436 522 499 441

405 628 807 709 liberumque
873 633 1281 710 cogerentur.
1405 627 1671 692 Interea
1733 628 1945 692 fertur
2016 627 2098 694 de
2161 628 2357 695 Gallo

405 711 589 806 queri
630 711 944 777 turcicam
989 711 1402 796 legationem,
1447 712 1621 795 quod
1656 713 1876 779 minus
1910 723 2133 779 sancte
2174 714 2357 781 initis

406 805 532 867 stet
569 798 809 880 pactis,
868 807 934 862 et
991 799 1119 863 nisi
1175 809 1462 881 praestet
1515 798 1838 882 pollicita,
1895 800 2113 865 nescio
2170 820 2354 883 quae,

403 884 777 970 praedicere
841 881 1085 947 bellum
1162 904 1247 948 ex
1309 884 1676 951 Pannoniis
1752 882 2063 950 adversus
2140 887 2356 969 ipsum

406 970 796 1037 translatum
839 969 941 1033 iri.
1014 967 1129 1035 Sic
1171 971 1339 1034 forte
1380 971 1719 1036 constituit
1753 971 2082 1035 Dominus
2124 971 2356 1054 impio·

404 1078 552 1123 rum
616 1056 1123 1140 syneretismum
1187 1053 1507 1138 dissipare
1573 1056 1857 1121 tandem.
1981 1057 2357 1140 Accipimus

403 1143 610 1219 varia,
655 1141 787 1204 imo
830 1139 1176 1220 horrenda,
1217 1139 1297 1205 de
1333 1142 1667 1223 copiarum
1713 1143 2044 1225 regiarum
2089 1143 2160 1207 in
2187 1143 2356 1210 Ger-

403 1228 624 1293 mania
687 1226 993 1290 inferiore
1059 1226 1468 1292 successibus
1532 1240 1599 1292 ct
1655 1228 2185 1310 populationibus
2239 1249 2357 1310 per

402 1312 792 1379 Flandriam
872 1313 1191 1377 exercitis.
1221 1315 1268 1398 ¹)
1376 1312 1622 1378 Manus
1703 1323 1805 1377 est
1868 1314 2355 1378 Germanorum

402 1399 688 1464 militum
747 1418 786 1462 a
835 1397 1092 1463 Gelan-io
1149 1409 1405 1476 coacta,
1462 1420 1628 1481 quae
1682 1409 1750 1464 et
1798 1400 2174 1464 Lovanium
2231 1401 2354 1462 im-

401 1485 666 1570 provisa
710 1484 882 1565 cepit
923 1483 1311 1566 irruptione,
1368 1483 1823 1567 studiososque
1866 1484 2124 1549 circiter
2166 1486 2355 1566 quin-

401 1579 652 1657 gentos,
707 1568 877 1634 solos
920 1590 1111 1635 ausos
1155 1570 1363 1652 captis
1407 1570 1609 1634 armis
1651 1570 1955 1635 resistere
1997 1570 2353 1644 interemit,

399 1677 519 1741 per
562 1664 822 1722 caetera
856 1675 1013 1719 vero
1058 1665 1125 1719 et
1169 1654 1338 1720 hanc
1388 1667 1454 1719 et
1511 1655 1796 1739 reliquas
1849 1655 2041 1720 urbes
2096 1654 2358 1737 reliquit

400 1742 584 1808 nullo
628 1740 982 1807 constituto
1027 1741 1347 1822 praesidio
1391 1762 1625 1806 versus
1670 1743 2042 1826 Pyrenaeos
2098 1749 2354 1807 montes

399 1848 779 1911 properans,
823 1825 1069 1908 reliquo
1112 1826 1247 1890 illie
1288 1825 1624 1908 iungenda
1666 1827 2004 1902 exercitui,
2049 1827 2161 1908 qui
2207 1849 2354 1892 ver-

400 1934 512 1979 sus
559 1913 950 1996 Hispaniam
1012 1912 1255 1988 tendit,
1324 1913 1435 1977 ubi
1478 1912 1849 1994 Imperator
1907 1912 2060 1977 belli
2113 1913 2355 1977 molem

399 1998 702 2082 excipere
759 1998 1117 2063 constituit.
1218 1998 1302 2062 In
1347 1999 1708 2063 Pannoniis
1766 1998 1962 2072 nihil,
2023 2007 2098 2062 ut
2141 1998 2354 2076 audio,

397 2086 757 2169 perficitur.
845 2084 1204 2149 Dominum
1246 2083 1593 2149 laudamus
1638 2084 1808 2166 quod
1845 2082 2187 2148 nulladum
2225 2085 2354 2148 cla-

399 2169 513 2236 des
578 2172 665 2235 sit
720 2178 1000 2252 accepta.
1092 2170 1545 2234 Protcstantes
1588 2171 1885 2234 fecerunt
1925 2169 2099 2252 quod
2142 2170 2216 2233 in
2285 2189 2354 2235 se

397 2265 560 2332 erat,
606 2265 673 2320 et
713 2256 965 2322 faciunt
1005 2255 1400 2331 etiamnum,
1459 2253 1574 2319 sed
1632 2255 1796 2319 nihil
1840 2257 2190 2339 proficiunt
2235 2254 2357 2320 soli

399 2347 465 2408 et
519 2341 929 2424 reliquorum
986 2340 1232 2406 auxilio
1284 2353 1400 2405 aut
1461 2349 1827 2407 commeatu
1886 2343 2107 2423 potius
2163 2349 2356 2424 atque

397 2428 562 2494 belli
620 2448 825 2495 nervo
878 2429 1154 2510 pecunia
1209 2426 1526 2491 destituti.
1631 2426 1854 2508 Quare
1898 2437 2013 2491 aut
2054 2427 2356 2494 induciae

399 2515 876 2597 suscipientur,
931 2534 1160 2579 vereor
1201 2512 1371 2577 male
1415 2513 1680 2590 faustae,
1739 2523 1855 2577 aut
1897 2511 1977 2578 de
2019 2533 2196 2578 nova
2237 2534 2353 2579 ex-

395 2599 735 2683 peditione
778 2600 1073 2682 aerisque
1116 2599 1453 2665 exactione
1500 2598 1999 2680 providendum,
2046 2621 2241 2682 quam
2287 2607 2356 2663 et

395 2687 618 2751 moliri
662 2685 988 2751 feruntur.

571 2772 708 2838 Nos
751 2771 1016 2854 quidem
1063 2770 1345 2853 quietem
1386 2791 1562 2834 nunc
1605 2770 1863 2853 agimus
1907 2770 2032 2848 hic,
2078 2769 2192 2835 sed
2236 2789 2352 2834 ve-

394 2878 547 2924 reor
585 2857 760 2923 male
806 2877 935 2940 pax
990 2865 1068 2921 ut
1121 2858 1312 2920 firma
1368 2855 1811 2936 duraturaque
1871 2863 2047 2921 stare
2104 2856 2226 2921 hac
2283 2856 2351 2920 in

393 2944 674 3010 ecclesia
708 2945 929 3026 possit,
967 2963 1043 3007 eo
1081 2942 1359 3008 durante
1395 2941 1660 3006 homine
1679 2943 1735 3026 ²)
1772 2943 1883 3025 qui
1921 2942 2351 3007 assertionem

391 3031 570 3096 sacri
613 3029 964 3095 ministerii
1022 3049 1170 3094 cum
1228 3027 1368 3092 suis
1423 3026 1719 3108 partibus
1764 3077 2094 3092 ......
2115 3031 2172 3110 ⁸)
2217 3049 2350 3093 non

390 3116 685 3194 videtur,
729 3135 925 3198 quam
969 3123 1189 3178 tamen
1226 3133 1346 3178 nos
1381 3113 1726 3177 obmittere
1759 3134 1973 3195 neque
2009 3132 2353 3197 possumus

389 3222 613 3285 neque
658 3201 996 3277 debemus,
1057 3205 1457 3274 constanter,
1517 3207 1836 3280 quantum
1879 3199 1952 3262 in
1996 3199 2187 3264 nobis
2230 3210 2349 3278 est,

388 3287 821 3372 advigilaturi
857 3286 956 3352 uti
977 3284 1328 3351 ministerii
1350 3291 1743 3367 agnoscatur
1777 3285 2106 3350 autoritas.
2154 3283 2352 3369 Sym-

386 3375 698 3439 bolorum
739 3393 903 3438 usus
945 3391 1129 3437 sacer
1163 3379 1605 3453 augustusque
1641 3368 1976 3449 habeatur,
2023 3379 2089 3434 et
2131 3368 2351 3436 catho-

387 3460 517 3527 lica
563 3459 987 3525 ecclesiarum
1044 3457 1442 3541 pervehatur
1495 3474 1570 3520 ac
1613 3457 2037 3521 confirmetur
2078 3476 2351 3521 consen-

389 3547 520 3612 sio:
573 3565 704 3629 qua
743 3546 815 3609 in
859 3566 933 3610 re
977 3543 1286 3609 Christus
1328 3542 1496 3605 faxit
1531 3541 1875 3619 Dominus,
1921 3563 2004 3606 ne
2048 3539 2204 3624 quid
2243 3542 2353 3607 vel

390 3653 514 3715 per
557 3631 899 3716 ignaviam
943 3630 1047 3694 vel
1083 3628 1575 3711 incogitantiam
1611 3628 2095 3692 committamus
2128 3635 2352 3691 nostra

387 3719 748 3804 indignum
793 3717 1124 3782 functione
1159 3714 1582 3798 publicaeque
1622 3712 2051 3778 aedificationi
2096 3712 2353 3778 obfutu-

389 3826 569 3870 rum.
663 3803 882 3869 Pestis
933 3803 1007 3867 in
1049 3822 1208 3887 agro
1249 3808 1474 3864 nostro
1518 3798 1891 3883 germanico
1933 3797 2348 3876 recrudescit,

390 3909 564 3974 quae
614 3897 682 3954 et
722 3888 1087 3973 absumpsit
1136 3886 1323 3951 nobis
1366 3884 1612 3968 aliquot
1656 3884 1898 3949 eximia
1940 3904 2220 3968 organa,
2277 3893 2353 3949 ut

387 3978 460 4041 in
504 3977 773 4059 copiosa
812 3995 1024 4040 messe
1057 3975 1501 4056 operariorum
1537 3969 1949 4053 deploremus
1987 3971 2349 4052 penuriam.

390 4061 533 4128 Sed
605 4069 673 4126 et
733 4062 895 4126 haec
949 4060 1217 4124 Domini
1285 4077 1523 4122 manus
1579 4063 1678 4121 est
1732 4055 1815 4120 ad
1879 4056 2351 4139 poenitentiam

389 4148 717 4215 vocantis.
824 4145 1154 4210 Dominus
1217 4144 1405 4208 Iesus
1464 4152 1529 4206 te
1594 4151 1812 4206 servet
1875 4150 1942 4205 et
2000 4161 2120 4205 nos
2185 4161 2350 4219 ama,

392 4233 852 4298 amantissime
878 4231 1173 4298 Calvine.
1241 4229 1489 4294 Literis
1525 4228 1657 4292 tuis
1701 4226 1964 4292 obsecro
2009 4246 2202 4309 saepe
2246 4246 2352 4290 me

389 4319 767 4402 interpella,
815 4319 1044 4394 excita,
1091 4336 1302 4380 mone.
1392 4313 1628 4379 Saluta
1661 4312 1898 4377 fratres
1942 4319 2008 4377 et
2051 4332 2352 4396 coopera-

390 4406 527 4471 rios
575 4407 651 4470 in
697 4404 1000 4468 Domino.
1069 4399 1348 4467 Salvum
1391 4406 1454 4464 te
1497 4399 1769 4480 cupiunt
1811 4397 1964 4464 DD.
2018 4395 2353 4476 camenus,

391 4490 678 4566 Beatus,
743 4493 1106 4571 Grynaeus,
1166 4486 1653 4565 TelamoniuS,⁴)
1711 4486 1841 4547 iam
1898 4482 2095 4549 ducta
2149 4504 2354 4548 uxore

393 4585 461 4640 et
505 4576 836 4659 locuplete
871 4585 938 4639 et
973 4573 1246 4638 honesta
1281 4591 1575 4653 sponsus.
1641 4569 1826 4634 Bene
1867 4568 2032 4634 vale.
2101 4567 2353 4652 Scripsi

390 4663 664 4728 Bernae
721 4666 808 4725 16.
856 4658 1186 4742 Septemb.
1234 4677 1408 4721 anno
1459 4658 1638 4718 1542.

1702 4775 1776 4839 Τ.
1823 4772 2180 4840 Sultzerus.

393 4890 618 4899 0-——..-=
773 4888 814 4894 .--

426 4956 570 5017 422.
613 4954 670 5018 1)
713 4970 758 5005 v.
799 4951 997 5005 Ranke
1032 4950 1139 5003 IV.
1174 4966 1226 5018 p.
1265 4945 1381 5000 195.
2190 5013 2201 5025 ⁸

614 5024 675 5089 2)
725 5019 918 5075 Utrum
973 5019 1244 5073 Ritterum
1291 5017 1572 5085 siqnificet,
1620 5030 1696 5068 cm
1745 5012 2069 5067 Senatorum
2120 5015 2352 5082 <atquem

393 5097 690 5153 κεκίνηκε.

614 5163 675 5224 3)
709 5175 816 5216 vose
852 5158 1039 5212 dubia.
1336 5203 1344 5214 ,

615 5233 677 5295 4)
717 5229 924 5282 Beatus
967 5225 1203 5291 Ger-unq,
1263 5223 1496 5276 Thomas
1537 5221 1827 5303 Grynaeus
1863 5227 1912 5274 et
1946 5219 2061 5271 nist·
2100 5218 2355 5300 fallimur

399 5301 741 5358 Bernartius
788 5297 1056 5350 Tillmann
1100 5292 1246 5362 prof.
1289 5292 1488 5359 philos.
1536 5308 1627 5359 qm
1679 5291 1742 5343 in
1788 5290 1892 5344 hac
1935 5287 2196 5368 cathedra
2241 5290 2352 5356 ipse

402 5373 638 5427 Saltem
671 5368 748 5424 ad
783 5366 1130 5432 theoloyicam
1159 5362 1554 5431 professionem
1583 5365 1830 5427 promoto
1866 5363 2136 5412 sacceam.

2085 445 2243 505 1542
2292 439 2745 508 SEPTEMB.

4287 458 4418 520 442

3358 718 3512 790 423.

3004 853 3467 924 CALVINUS
3513 855 3880 924 VIRETO.

2641 1022 3027 1090 Zebedaeum
3087 1031 3279 1104 notat,
3364 1026 3642 1092 Viretum
3705 1029 3791 1094 ad
3856 1033 4112 1112 nuptias
4173 1032 4417 1101 Franci

2462 1109 2707 1184 invitat,
2754 1111 3309 1177 Lausanncnsium
3364 1133 3469 1177 res
3521 1119 3770 1193 tractat,
3827 1118 4036 1197 quoad
4093 1119 4417 1187 minas-tros

2462 1198 2517 1258 et
2548 1197 2936 1278 professore-s·
2978 1198 3293 1263 vocandos,

2466 1365 2575 1428 (Ex
2614 1367 2949 1435 autographo
2985 1368 3116 1421 Ood.
3154 1367 3356 1423 GeneV.
3396 1367 3523 1435 106,
3570 1371 3659 1423 fol.
3708 1368 3792 1423 85.
3876 1371 4240 1442 Apographon
4289 1374 4411 1429 Ion·

2463 1434 2646 1486 villaei
2682 1437 2911 1502 praebet
2949 1437 3077 1490 Cod.
3118 1436 3258 1489 111⁸.
3296 1438 3385 1490 sol.
3423 1437 3508 1504 24,
3557 1439 3832 1493 Turretini
3868 1439 3998 1494 Ood.
4036 1442 4153 1506 111,
4199 1442 4289 1496 fol.
4325 1442 4412 1513 68,

2462 1502 2738 1556 Bernense
2773 1505 2827 1555 in
2864 1505 3025 1558 Arch.
3063 1506 3327 1628 lippis}
3347 1506 3776 1645 ymilipbdggbo
3793 1508 3990 1562 Versio
4035 1511 4247 1580 anglica
4280 1512 4411 1582 legi·

2459 1776 2661 1840 Petro
2711 1774 2944 1840 Vireto
2987 1780 3229 1861 pastori
3275 1781 3771 1847 Lausannensis
3818 1782 4125 1849 ecclesiae
4167 1784 4410 1852 fidelis-

2867 1864 3033 1928 simo
3075 1863 3267 1928 fratri
3309 1876 3374 1929 et
3418 1867 3623 1930 amico
3667 1868 4016 1933 carissimo.

2632 2000 2816 2064 Petis
2860 2009 2935 2063 ut
2977 2007 3128 2065 tuae
3170 2000 3530 2083 prolixitati
3574 2003 3926 2087 ignoscam.
3955 2007 4006 2080 ¹)
4094 2006 4238 2089 Ego
4281 2007 4407 2091 igi-

2461 2091 2571 2148 tur
2624 2106 2710 2150 ne
2765 2084 3045 2150 similem
3094 2086 3357 2151 veniam
3415 2095 3633 2170 petere
3690 2087 3805 2153 abs
3860 2100 3925 2153 te
3985 2110 4211 2174 cogar,
4272 2111 4408 2157 non

2459 2169 2655 2235 modo
2700 2171 2921 2237 brevis
2964 2190 3096 2250 ero,
3143 2171 3259 2236 sed
3303 2173 3622 2238 abscissus
3666 2175 3880 2239 etiam.
3951 2173 4055 2239 De
4101 2176 4409 2244 Zebedaeo

2461 2277 2594 2319 non
2638 2266 2737 2320 est
2779 2257 2969 2323 facile
3014 2257 3387 2337 consilium,
3445 2260 3599 2341 quia
3641 2279 3875 2341 parum
3919 2260 4211 2341 proderit
4251 2283 4407 2327 con-

2460 2341 2693 2405 sultari
2771 2343 2942 2425 quod
3008 2344 3279 2427 exsequi
3344 2344 3535 2409 simul
3610 2365 3914 2428 nequeas.
4026 2346 4408 2428 Duplicavit

2460 2427 2719 2510 culpam
2763 2428 3002 2493 stultae
3060 2450 3217 2494 suae
3273 2430 3721 2513 profectionis,
3777 2438 3845 2495 et
3900 2432 4153 2513 profani
4211 2432 4406 2499 iuris-

2458 2511 2740 2590 iurandi,
2786 2535 2919 2578 non
2956 2516 3259 2580 correxit.
3324 2515 3597 2583 Utinam
3641 2516 3784 2581 istis
3829 2515 4234 2582 documentis
4266 2539 4406 2583 mo-

2459 2600 2639 2662 nitus
2694 2598 3039 2679 aliquando
3097 2600 3302 2665 discat
3353 2622 3482 2665 non
3535 2601 3631 2665 ita
3687 2601 3810 2667 sibi
3863 2602 4224 2686 indulgere.
4328 2601 4406 2669 Si

2457 2683 2576 2747 tibi
2619 2684 3026 2749 commodum
3072 2695 3246 2751 esset
3280 2685 3407 2752 huc
3441 2708 3645 2769 usque
3680 2707 4062 2766 commeare,
4106 2707 4405 2754 sermone

2455 2771 2622 2835 forte
2686 2770 2834 2852 plus
2892 2792 3089 2853 quam
3158 2771 3365 2836 literis
3433 2773 3857 2839 efficeremus.
3957 2772 4103 2839 Hoc
4165 2773 4407 2855 partim

2457 2855 2600 2921 dico
2643 2857 2796 2939 quia
2833 2855 3153 2922 Claudius
3196 2856 3490 2922 Francus
3528 2856 3612 2921 ad
3653 2878 3806 2924 suas
3849 2860 4116 2940 nuptias
4150 2858 4299 2922 vult
4338 2865 4406 2924 te

2458 2961 2816 3020 accersere,
2918 2963 3036 3008 uas
3092 2943 3297 3007 altero
3354 2941 3434 3008 ab
3493 2941 3650 3007 hinc
3710 2943 4029 3008 dominico
4082 2941 4186 3008 die
4239 2943 4406 3010 cele-

2455 3027 2690 3094 brabit.
2783 3025 2872 3093 Se
2975 3028 3169 3094 altius
3224 3036 3476 3111 specto,
3536 3036 3611 3092 ut
3662 3027 3912 3093 scilicet
3952 3027 4297 3112 paululum
4338 3037 4406 3095 te

2456 3114 2801 3179 nobiscum
2842 3114 3096 3179 reficias
3140 3134 3226 3178 ex
3269 3114 3401 3179 illis
3444 3113 3792 3192 molestiis,
3850 3134 4015 3197 quae
4059 3121 4127 3179 te
4171 3135 4406 3180 excru-

2456 3199 2652 3274 ciant,
2698 3212 2765 3264 et
2799 3199 2992 3265 simul
3026 3199 3202 3265 inter
3234 3220 3355 3265 nos
3389 3200 3819 3266 conferamus.
3886 3198 3993 3263 De
4036 3219 4406 3265 successore

2457 3285 2658 3350 etiam
2700 3285 2970 3351 haesito.
3060 3285 3269 3350 Nemo
3313 3286 3490 3349 enim
3532 3283 3807 3351 idoneus
3848 3285 4008 3364 erit,
4066 3285 4196 3350 nisi
4240 3284 4406 3351 bene

2456 3370 2872 3436 exercitatus.
2964 3370 3194 3435 Talem
3248 3391 3382 3435 non
3435 3370 3753 3438 habemus
3808 3370 3917 3436 hic
3973 3369 4057 3436 ad
4112 3392 4404 3436 manum.

2458 3454 2535 3521 Si
2584 3455 2831 3522 Coelius
2877 3455 3033 3521 illue
3090 3456 3312 3538 potius
3364 3455 3676 3523 adiiceret
3734 3456 4029 3521 animum
4125 3477 4280 3521 uam
4321 3454 4406 3521 ad

2455 3541 2830 3608 scholarum
2872 3541 3347 3625 praefecturam
3404 3563 3537 3607 non
3590 3542 3978 3626 displiceret.
4129 3546 4407 3606 urterum

2457 3648 2614 3693 vero
2659 3628 2872 3693 suffici
2915 3627 3132 3692 nescio
3189 3648 3273 3692 an
3327 3626 3648 3710 expediat
3737 3627 3893 3693 Una
3928 3626 4045 3691 illa
4098 3648 4204 3692 me
4246 3648 4408 3693 cura

2457 3714 2645 3798 angit
2686 3734 2761 3779 ac
2808 3720 3078 3795 torquet,
3124 3733 3207 3778 ne
3253 3712 3310 3779 si
3352 3712 3599 3778 diutius
3635 3712 4032 3790 differamus,
4076 3711 4407 3793 inquietus

2452 3798 2569 3865 ille
2622 3798 2889 3881 spiritus
2944 3805 3259 3881 tanquam
3328 3798 3397 3862 in
3456 3819 3730 3864 vacuam
3787 3798 4261 3882 possessionem
4314 3798 4407 3862 ir-

2458 3894 2736 3966 rumpat.
2807 3882 2983 3965 Quid
3027 3884 3082 3948 si
3130 3882 3214 3948 ad
3255 3882 3560 3948 Natalem
3604 3885 3771 3949 istuc
3816 3893 3932 3948 aut
3977 3882 4254 3947 Ribittus
4290 3891 4408 3948 aut

2457 3970 2627 4035 alius
2672 3969 2988 4053 quispiam
3045 3967 3453 4036 concederet:
3512 3976 3579 4033 et
3632 3969 3882 4033 interea
3938 3966 4408 4051 dispiceremus

2457 4053 2537 4120 de
2592 4055 2868 4121 certiore
2927 4054 3226 4120 ratione?
3329 4053 3477 4121 Hoc
3535 4052 3676 4119 dico
3727 4055 3879 4136 quia
3942 4053 4113 4117 nihil
4169 4052 4406 4118 melius

2456 4142 2758 4207 occurrit.
2855 4141 3106 4223 Atque,
3166 4148 3240 4204 ut
3281 4141 3521 4218 fatear,
3576 4160 3783 4222 quum
3836 4137 3917 4203 de
3973 4147 4039 4204 te
4094 4146 4163 4202 et
4216 4137 4404 4203 vobis

2456 4226 2759 4291 omnibus
2823 4227 3037 4310 cogito
3114 4226 3251 4291 fere
3324 4226 3679 4291 exanimor.
3796 4222 4085 4289 Obsecro
4162 4230 4404 4302 tamen,

2457 4311 2670 4395 quoad
2731 4332 3027 4395 possum,
3094 4321 3171 4377 ut
3241 4312 3383 4376 sine
3438 4311 3674 4388 literis,
3741 4316 3859 4375 aut
3909 4309 4128 4392 aliqua
4195 4316 4406 4374 status

2458 4396 2556 4461 tui
2614 4397 3090 4481 significatione
3144 4398 3471 4463 neminem
3536 4396 3664 4460 huc
3728 4395 3953 4460 venire
4019 4395 4212 4460 sinas.
4299 4395 4406 4459 De

2459 4484 2726 4548 Imberto
2778 4484 2871 4547 ita
2913 4492 2991 4547 ut
3040 4482 3273 4565 scripsi
3339 4482 3501 4546 mihi
3553 4489 3898 4546 narratum
3955 4480 4200 4545 fuerat:
4271 4480 4404 4545 imo

2458 4569 2658 4633 etiam
2700 4567 2862 4634 urbe
2919 4569 3250 4652 aufugisse
3306 4573 3376 4632 et
3428 4587 3499 4632 se
3542 4576 3655 4632 aut
3706 4566 3775 4631 in
3820 4566 4247 4632 Germaniam
4291 4573 4408 4630 aut

2459 4653 2588 4718 alio
2654 4653 2882 4738 procul
2946 4654 3329 4719 contulisse:
3410 4652 3524 4718 sed
3590 4673 3723 4716 non
3799 4651 4072 4716 memini
4138 4652 4402 4716 autoris.

2458 4740 2749 4805 Tametsi
2800 4739 2988 4805 illum
3047 4739 3305 4804 salvum
3366 4739 3586 4820 cupio,
3642 4738 4001 4803 moriamur
4057 4747 4293 4810 tamen,
4339 4744 4409 4799 et

2456 4826 2596 4908 ipse
2640 4835 2707 4889 et
2747 4844 2868 4890 nos
2905 4846 3152 4902 omneS,
3206 4846 3404 4907 quam
3448 4832 3525 4888 ut
3565 4822 3697 4887 tale
3739 4822 4142 4888 crudelitatis
4184 4841 4405 4884 exem-

2458 4910 2639 4992 plum
2683 4921 2750 4975 et
2793 4918 3012 4976 nostro
3055 4910 3312 4976 saeculo
3357 4909 3586 4975 demus
3628 4917 3696 4973 et
3739 4908 3823 4973 ad
3865 4918 4163 4990 posteros
4204 4905 4405 4970 relin-

2458 5017 2755 5078 quamus.
2846 4995 3032 5078 Vale,
3091 4997 3295 5061 frater
3344 4994 3768 5079 integerrime
3823 5007 3891 5058 et
3946 4993 4110 5060 mihi
4152 4992 4224 5055 in
4267 4992 4404 5056 Do-

2489 5288 2623 5349 423.
2669 5292 2721 5353 l)
2774 5290 2945 5343 Vireti
2978 5289 3259 5357 epistolam
3296 5286 3636 5342 intercidisse
3670 5291 3883 5340 statuas
3928 5288 4138 5351 oportet
4181 5282 4236 5336 ei
4274 5283 4407 5339 haee

2463 5357 2686 5412 Caluini
2716 5374 2907 5412 revera
2941 5357 3047 5412 lme
3078 5360 3326 5426 pertinet.
