5050 6167
388 430 506 494 621

1295 613 1447 685 ⁵05.

867 766 1314 836 POLLANU
1316 764 1368 834 S
1411 765 1878 835 FARELLO.

571 944 835 1011 Petrum
876 939 1094 1023 Bruly
1139 941 1622 1006 concionatorem
1671 939 2007 1007 Gallorum
2050 938 2359 1022 Argento-

393 1032 992 1198 wmffltm
1025 1026 1288 1107 iniquas
1330 1026 1797 1091 criminationes
1829 1025 2098 1090 candide
2135 1030 2192 1089 et
2228 1044 2359 1089 cor-

559 1290 893 1361 antographo
928 1289 1073 1343 Bibl.
1123 1292 1408 1356 pastorum
1442 1283 1920 1364 Ncpeomensium,
1967 1282 2052 1352 Ep
2093 1323 2107 1336 .
2153 1282 2352 1337 divers.

460 1403 472 1416 .
511 1361 561 1416 8.
632 1362 831 1415 Exstat
875 1372 1098 1481 ςίιιεὲιιὲἳ
1136 1351 1994 1486 ΤηῐίἕίίωἱιὲταῐῗιιιδΙνοῗνὲιέ)Οοά
2032 1299 2098 1406 ἕ
2151 1350 2267 1417 217,
2304 1367 2357 1422 p.

1129 1442 1216 1494 ap.
1812 1461 1825 1473 .

569 1617 989 1684 Fidelissimo
1044 1612 1374 1698 evangelii
1431 1612 1735 1677 ministro
1791 1609 1873 1673 D.
1921 1608 2184 1674 Fal-ello
2242 1608 2359 1673 do-

395 1707 579 1773 mino
623 1702 1082 1770 colendissimo
1721 1782 2049 1847 Neooemi·

571 1927 645 1995 S.
688 1928 768 1993 P.
841 1924 962 1990 Vir
1003 1922 1437 1990 ornatissime.
1526 1920 1678 1985 Etsi
1736 1928 1931 1985 antea
1974 1940 2107 1983 non
2153 1916 2362 1983 defuit

397 2015 709 2082 voluntas
751 2010 837 2079 ad
881 2021 949 2077 te
992 2008 1337 2086 scribendi,
1381 2014 1674 2072 attamen
1717 2025 1921 2089 quum
1965 2004 2223 2070 deesset
2254 2026 2361 2069 ar-

489 2108 808 2177 mentum,
851 2096 963 2164 vel
1004 2097 1138 2163 tuis
1183 2093 1717 2176 occupationibus
1773 2103 1971 2175 atquo
2013 2091 2361 2156 autoritate

468 2207 694 2272 gnum,
739 2184 849 2251 vel
893 2182 1060 2249 meis
1102 2178 1339 2248 studiis
1374 2187 1623 2262 aptum,
1661 2179 1807 2243 ideo
1845 2176 2164 2243 hactenus
2213 2177 2361 2242 abs-

396 2273 600 2352 tinui,
658 2290 747 2336 ne
799 2278 1046 2336 temere
1103 2267 1187 2333 de
1253 2265 1454 2331 rebus
1523 2263 1748 2341 nihili,
1819 2272 1935 2329 aut
1991 2262 2071 2328 de
2125 2260 2361 2346 quibus

397 2360 574 2425 inter
606 2378 727 2423 nos
761 2357 1048 2422 solemus
1081 2353 1372 2419 iuniores
1414 2349 1642 2416 ludere
1677 2358 1829 2414 tuas
1877 2370 2073 2414 aures
2120 2348 2361 2414 obtun-

399 2444 642 2511 derem,
731 2444 950 2527 Atque
1007 2438 1308 2523 equidem
1360 2435 1623 2520 cupiam
1680 2444 2070 2519 argumento
2111 2433 2359 2517 plausi·

399 2529 628 2596 biliore
669 2529 963 2596 licuisse:
1020 2544 1255 2592 verum
1307 2543 1385 2588 eo
1439 2522 1652 2606 magis
1706 2519 2029 2604 impulsus
2081 2541 2231 2586 sum
2285 2526 2361 2584 ut

397 2637 483 2682 ne
527 2615 810 2699 amplius
853 2612 958 2679 vel
1003 2620 1249 2677 temere
1284 2628 1428 2674 esse
1463 2607 1583 2673 tibi
1620 2606 1938 2672 molestus
1974 2613 2360 2684 metuerem,

396 2701 512 2768 vel
551 2720 770 2766 meam
827 2699 1154 2765 inscitiam
1209 2692 1488 2779 prodere
1539 2713 1821 2758 vererer.
1925 2690 2125 2757 Corte
2179 2691 2359 2758 enim

395 2788 616 2854 iustus
651 2784 834 2852 dolor
867 2806 975 2851 me
1017 2783 1102 2849 ad
1145 2779 1566 2848 scribendum
1608 2800 1784 2844 nunc
1826 2778 2130 2844 incitavit
2163 2797 2360 2861 quem

397 2872 651 2940 scilicet
703 2892 787 2936 ex
832 2871 968 2936 tuis
1019 2868 1103 2933 ad
1148 2870 1233 2934 D.
1283 2865 1681 2950 cyprianum
1738 2864 1950 2930 literis
1992 2863 2153 2947 cepi.
2242 2863 2361 2928 Et-

398 2958 580 3026 enim
621 2978 756 3023 non
799 2957 1090 3042 primum
1129 2975 1312 3020 nuno
1353 2951 1658 3034 experior
1700 2971 1900 3034 quam
1941 2949 2040 3014 nil
2082 2969 2361 3028 usquam

396 3052 620 3112 tutum
673 3045 761 3110 sit
813 3065 854 3109 a
906 3041 1386 3125 vitiligatorum
1443 3036 1590 3103 telis
1632 3036 2180 3104 venenatissimis.
2278 3032 2361 3099 Id

395 3150 558 3198 vero
599 3150 736 3196 non
776 3149 1012 3214 parum
1055 3125 1226 3193 mihi
1267 3123 1462 3203 dolet,
1518 3123 1718 3188 ctiam
1759 3124 1935 3188 inter
1977 3142 2088 3188 eos
2133 3119 2247 3205 qui
2290 3141 2361 3186 se

395 3217 684 3284 filiorum
705 3216 837 3282 Dei
877 3213 1148 3281 nomine
1191 3212 1442 3278 censeri
1476 3209 1713 3277 volunt
1754 3229 1835 3274 ea
1870 3207 2031 3274 vitia
2062 3227 2359 3292 regnare,

395 3301 634 3386 quibus
675 3301 769 3367 nil
814 3309 920 3368 est
973 3296 1148 3383 quod
1201 3318 1308 3363 ma
1361 3297 1418 3363 is
1470 3302 1738 3362 nostrae
1779 3292 2169 3362 adversetur
2209 3314 2362 3378 pro-

395 3387 686 3456 fessioni.
774 3385 1106 3454 Invidiam
1159 3383 1324 3450 intel
1350 3384 1460 3467 igo
1518 3388 1718 3464 atque
1775 3380 1977 3446 huius
2032 3379 2359 3460 comitem,

398 3472 811 3542 individuam
888 3470 1433 3540 maledicentiam.
1542 3466 1650 3532 De
1719 3467 1959 3550 quibus
2021 3466 2117 3532 nil
2196 3486 2361 3551 opus

395 3559 632 3627 multis
675 3559 849 3644 apud
893 3567 961 3626 te
976 3611 993 3639 ,
1054 3559 1168 3642 qui
1210 3555 1413 3621 nimis
1454 3552 1666 3619 multa
1708 3573 1969 3636 semper
2011 3552 2094 3619 ab
2136 3551 2361 3619 istius·

393 3645 576 3713 modi
619 3667 854 3729 passus
896 3666 969 3712 es
1010 3652 1237 3722 antea,
1297 3662 1393 3711 ac,
1416 3659 1631 3723 nuper
1672 3638 1875 3704 etiam
1918 3636 2148 3703 eadem
2186 3659 2226 3705 a
2274 3638 2363 3704 ud

396 3742 548 3799 tuos
605 3741 920 3816 expertus
973 3731 1055 3798 ob
1110 3729 1297 3794 illam
1337 3726 1422 3791 V.
1453 3723 1503 3811 ¹)
1559 3745 1709 3790 oum
1764 3723 1851 3790 D.
1916 3722 2178 3791 Calvino
2282 3743 2365 3790 uc

395 3818 483 3884 ad
526 3818 932 3884 Metensium
972 3816 1315 3901 negotium
1358 3810 1845 3897 profectionem.
1936 3810 2134 3876 Certe
2176 3819 2363 3894 opta-

396 3903 532 3969 bile
573 3910 720 3970 erat
761 3911 838 3969 ut
879 3902 1157 3970 ecclesia
1198 3899 1331 3965 Dei
1390 3905 1565 3964 esset
1606 3897 1689 3962 ab
1732 3897 1913 3962 omni
1956 3895 2203 3962 scelere
2246 3915 2363 3962 va-

394 4009 539 4057 cua.
631 3987 828 4072 Quod
870 3990 1023 4072 quia
1063 3990 1136 4053 in
1171 3983 1508 4070 praesenti
1541 3985 1682 4049 vita
1737 3982 1851 4047 vix
1908 3981 2139 4061 datur,
2192 3987 2364 4047 atta·

394 4095 553 4142 men
593 4074 666 4140 id
720 4073 1088 4141 curandum
1128 4080 1265 4149 est,
1319 4092 1406 4136 ne
1462 4069 1572 4135 hic
1622 4076 1903 4153 regnent
1953 4067 2071 4133 illa
2126 4067 2365 4151 quibus

395 4181 508 4226 res
550 4161 822 4244 quaevis
864 4160 1152 4225 maxime
1193 4156 1468 4224 lacerari
1510 4175 1586 4221 ao
1629 4152 1910 4221 distrahi
1943 4152 2173 4219 solent.
2260 4154 2364 4218 Ao

395 4267 537 4313 non
579 4254 839 4312 tantum
897 4244 1093 4311 hodie
1149 4254 1417 4327 propter
1469 4240 1903 4306 ambitionem
1946 4247 2146 4322 atque
2187 4238 2361 4303 invi-

395 4332 579 4398 diam
636 4330 911 4400 ecoleffia
961 4331 1095 4397 Dei
1149 4329 1388 4394 misere
1441 4325 1771 4391 laceratur
1787 4376 1804 4402 ,
1874 4346 2107 4392 verum
2161 4323 2361 4389 etiam

397 4418 782 4498 destruitur,
839 4416 999 4483 dum
1040 4422 1314 4501 propter
1354 4412 1556 4477 nimis
1599 4419 1942 4495 corruptos
1984 4416 2361 4476 nostrorum

397 4526 618 4571 mores
659 4526 795 4571 non
836 4511 1100 4569 tantum
1146 4521 1268 4567 nos
1302 4494 1479 4582 apud
1520 4498 1822 4563 veritatis
1867 4496 2087 4562 hostes
2129 4503 2199 4560 et
2219 4497 2361 4559 An-

397 4591 687 4659 tichristi
729 4590 998 4674 angelos
1042 4586 1345 4654 audimus
1387 4582 1582 4661 male,
1627 4604 1859 4648 verum
1901 4583 2103 4648 etiam
2144 4601 2362 4647 sacro·

399 4677 890 4743 sanctissimum
946 4675 1078 4740 Dei
1133 4673 1410 4740 verbum
1466 4689 1601 4734 non
1654 4668 1865 4734 solum
1918 4667 2364 4734 contemnitur

399 4762 516 4829 sed
558 4763 977 4845 vituperatur
1019 4760 1237 4826 etiam.
1305 4758 1599 4824 Maxime
1634 4764 1854 4819 autem
1887 4753 1956 4819 id
1993 4756 2070 4820 fit
2110 4752 2365 4836 quoties

400 4869 482 4915 ea
523 4847 688 4916 vitia
723 4850 795 4914 in
850 4846 984 4913 illis
1026 4846 1228 4914 etiam
1279 4841 1770 4926 conspiciuntur
1812 4860 1931 4923 por
1971 4859 2137 4923 quos
2179 4838 2364 4904 vide-

397 4941 510 5001 tur
552 4933 884 5002 Dominus
926 4934 1116 4999 Iesus
1159 4954 1349 4998 suam
1392 4927 1760 4996 doctrinam
1803 4926 1943 4991 orbi
1983 4925 2364 4991 restitutam

415 5110 462 5117 .....
493 5110 654 5117 --.--.-
683 5110 812 5117 --σ--ω-

446 5225 580 5287 δῶ.
618 5226 677 5292 1)
719 5225 833 5281 Sub
876 5226 983 5281 hac
1027 5226 1188 5280 litora
1248 5219 1484 5275 Vm·-
1759 5224 1926 5273 ουτω·
1968 5221 2048 5272 est
2084 5215 2367 5279 Simia-us,

399 5291 466 5349 in
499 5310 609 5366 quo
643 5309 779 5350 sam
800 5294 1045 5362 fallitur.
1122 5291 1390 5347 Pounnun
1422 5288 1568 5343 enini
1584 5287 1945 5358 &amianti
1974 5285 2238 5352 facillimo
2252 5285 2364 5340 dic·

404 5378 523 5420 cere
552 5365 738 5433 pouit
780 5365 1022 5420 Veretum
1056 5362 1137 5417 ibi
1169 5375 1283 5415 mm
1313 5356 1501 5423 faisse.

2106 429 2269 491 1543
2314 422 2710 493 OOTOBR.

4304 429 4428 492 622

2465 612 2772 680 voluisso.
2864 611 3050 693 Quos
3092 611 3238 677 ideo
3283 611 3441 677 dare
3484 632 3751 695 operam
3785 620 3887 679 est
3924 634 4189 680 necesse
4231 622 4326 695 ut,
4371 615 4432 680 si

2463 720 2599 764 uon
2643 700 2782 764 vita
2825 698 3092 763 omnino
3137 697 3471 763 doctrinae
3512 698 3904 782 respondeat
3944 708 4215 783 propter
4257 701 4432 768 hano

2462 785 2961 862 infirmitatem,
3017 791 3088 848 at
3129 784 3364 849 saltem
3412 792 3585 850 tecta
3629 784 3916 850 habeant
3958 785 4148 867 vitia,
4195 786 4301 853 vel
4345 808 4429 853 ne

2463 870 2814 955 indulgere
2856 870 2987 937 illis
3023 868 3391 937 videantur.
3459 868 3607 951 Quo
3651 891 3737 935 ne
3778 871 3968 937 facile
4011 872 4150 937 ulla
4192 871 4430 938 adver·

2464 979 2610 1022 sum
2676 959 2855 1040 ipsos
2911 956 3182 1021 sinistra
3245 956 3583 1021 exoriatur
3646 957 3955 1039 suspicio,
4025 976 4102 1023 ac
4158 958 4431 1041 proinde

2462 1043 2795 1109 contemni
2839 1042 3283 1107 ministerium
3323 1042 3613 1125 incipiat.

2638 1127 2767 1194 Cui
2823 1128 3225 1211 contemptui
3283 1136 3541 1191 tantam
3599 1148 3776 1192 nunc
3835 1138 4133 1211 aportam
4190 1130 4429 1194 rimam

2461 1220 2689 1281 contra
2730 1224 3032 1279 nostrum
3077 1213 3597 1279 concionatorem
3625 1212 3883 1278 Petrum
3902 1216 3959 1294 2)
4004 1236 4136 1279 non
4180 1214 4430 1281 medio·

2462 1299 2663 1366 criter
2704 1300 2910 1365 dolcO.
3001 1298 3274 1365 Utinam
3333 1298 3477 1377 ille,
3534 1297 3830 1383 quisquis
3884 1300 3941 1366 is
3996 1309 4128 1380 est,
4189 1300 4295 1366 vel
4341 1302 4429 1365 si-

2461 1386 2713 1464 luisset,
2761 1384 2869 1451 vel
2916 1393 2992 1449 tu
3036 1406 3165 1451 non
3214 1406 3422 1467 usque
3459 1384 3621 1449 adco
3665 1385 3856 1450 facile
3900 1386 4268 1452 calumniae
4313 1409 4430 1452 au-

2462 1493 2606 1538 rem
2650 1483 2998 1553 utramque
3042 1469 3350 1537 dedisses
3441 1471 3640 1536 Certo
3700 1473 3878 1536 enim
3942 1471 4273 1538 calumnia
4330 1482 4432 1540 est

2464 1556 2781 1641 quidquid
2824 1555 2906 1622 de
2949 1556 3064 1622 illo
3109 1566 3209 1623 est
3253 1556 3335 1621 ad
3362 1565 3425 1621 te
3473 1557 3577 1622 vel
3605 1558 3919 1639 scriptum
3965 1558 4069 1625 vel
4115 1557 4427 1625 delatum.

2464 1645 2685 1727 Turpe
2729 1650 2830 1709 est
2872 1643 3041 1708 velle
3100 1663 3184 1707 ex
3229 1643 3502 1708 alterius
3548 1643 3873 1726 vituperio
3917 1643 4181 1709 laudem
4228 1667 4431 1712 aucu-

2463 1730 2626 1813 pari,
2672 1736 2788 1793 aut
2831 1729 3103 1795 alterius
3148 1728 3350 1793 exitio
3393 1748 3704 1794 crescere.
3794 1728 4009 1794 Video
4054 1732 4230 1796 enim
4276 1730 4431 1799 huic

2463 1823 2690 1881 nostro
2734 1815 3112 1881 ambitionis
3155 1824 3272 1880 aut
3321 1815 3538 1880 nescio
3590 1816 3776 1880 cuius
3820 1816 4093 1881 alterius
4137 1818 4432 1883 criminis

2463 1909 2691 1966 notam
2752 1902 2947 1966 inuri.
3052 1898 3249 1967 Certe
3306 1900 3602 1966 animum
3675 1921 3796 1984 ego
3853 1922 3972 1967 suo
4026 1902 4229 1969 iudici
4284 1901 4432 1969 Deo

2464 1986 2784 2069 relinquo.
2874 1986 3130 2051 Verum
3174 1986 3298 2052 hoc
3338 1988 3616 2067 factum,
3673 2007 3801 2070 quo
3855 1997 3923 2051 te
3965 1987 4158 2054 video
4203 1997 4435 2055 contra

2465 2072 2658 2138 illum
2681 2082 3015 2156 utcunque
3041 2073 3407 2139 animatum
3433 2094 3596 2151 esse,
3622 2072 3937 2139 audacter
3959 2075 4210 2140 tuebor.
4250 2073 4432 2156 Quid

2465 2160 2641 2225 enim
2687 2158 2743 2224 si
2786 2159 3123 2242 insperato
3168 2158 3276 2225 vel
3302 2160 3522 2242 potius
3567 2159 3908 2242 inopinato
3953 2159 4053 2224 illi
4093 2161 4316 2226 evenit
4355 2169 4433 2227 ut

2463 2244 2545 2310 ob
2599 2245 2862 2328 privata
2918 2245 3184 2329 negotia
3198 2247 3256 2326 ⁸)
3316 2244 3521 2309 fuerit
3576 2245 3792 2329 aliquo
3852 2246 3956 2312 vel
4018 2247 4219 2312 etiam
4273 2246 4432 2313 illuc

2462 2329 3027 2414 proficiscendum.
3118 2331 3298 2396 Num
3355 2329 3501 2395 ideo
3551 2332 3849 2414 peccavit
3934 2331 4065 2398 uod
4112 2332 4238 2399 sibi
4282 2340 4431 2398 tan-

2463 2416 2685 2481 tillum
2729 2416 3047 2499 temporis
3091 2415 3491 2500 sumpserit?
3580 2419 3677 2482 At
3719 2439 3850 2482 non
3941 2417 4127 2483 ebuit
4170 2418 4430 2485 iniussu

2462 2502 2790 2568 ecclesiae.
2878 2502 3155 2567 Fateor:
3214 2501 3285 2565 in
3331 2521 3531 2567 causa
3574 2501 3867 2585 publica,
3922 2503 4023 2568 uti
4067 2503 4429 2588 religionis,

2464 2586 2572 2655 vol
2621 2587 2752 2652 alia
2806 2586 3204 2652 huiusmodi.
3307 2585 3501 2668 Quod
3557 2608 3770 2672 neque
3823 2588 4151 2654 facturum
4208 2591 4431 2673 ipsum

2463 2671 2687 2740 credo:
2756 2672 3022 2738 tametsi
3090 2672 3367 2738 fortasse
3422 2672 3774 2755 aliquando
3836 2694 4071 2740 causae
4136 2673 4431 2741 incidant

2463 2781 2583 2826 cur
2645 2758 2715 2823 id
2774 2758 2988 2823 liceat.
3098 2756 3310 2824 Ouius
3373 2758 3473 2823 rei
3537 2779 3670 2823 non
3736 2758 3835 2823 illi
3900 2769 4058 2825 sunt
4123 2759 4432 2826 defutura

2463 2844 2782 2927 exempla.
2849 2846 2944 2908 At
2976 2864 3189 2927 nequo
3223 2843 3425 2909 etiam
3469 2844 3528 2907 si
3569 2845 3864 2927 privatas
3899 2853 4157 2911 tantum
4201 2866 4433 2913 causas

2463 2931 2805 2997 habuisset
2862 2927 3091 2995 debuit
3144 2930 3357 2995 inscia
3419 2930 3694 2996 ecclesia
3755 2932 4096 3014 proficisci.
4199 2929 4280 2998 Si
4340 2932 4437 2997 ita

2464 3026 2585 3095 est,
2628 3025 2806 3082 certe
2846 3015 3076 3096 multi,
3137 3015 3272 3080 fere
3330 3036 3558 3082 omnes
3600 3022 3904 3101 peccant,
3952 3017 4067 3099 qui
4111 3019 4307 3084 toties
4349 3017 4435 3083 ad

2465 3123 2587 3168 sua
2619 3104 2889 3187 negotia
2920 3122 3115 3185 saepe
3150 3101 3235 3167 ad
3273 3122 3410 3167 non
3444 3122 3690 3185 paucos
3726 3101 3868 3168 dies
3901 3102 4234 3170 secedunt.
4295 3102 4435 3170 Sed

2463 3187 2624 3272 quid
2675 3208 2798 3273 ego
2851 3209 3127 3267 excuso,
3202 3187 3390 3271 quasi
3441 3186 3621 3253 idem
3679 3188 3793 3254 ille
3847 3187 4123 3255 fecerit?
4222 3189 4436 3255 Nemo

2463 3275 2591 3340 fuit
2633 3282 2936 3340 nostrum
2989 3275 3102 3358 qui
3158 3274 3522 3358 ignoraret,
3589 3274 3702 3340 vel
3759 3275 3959 3340 etiam
4015 3275 4436 3357 profectionis

2465 3381 2726 3427 causas:
2773 3367 3034 3426 tantum
3077 3368 3348 3443 propter
3381 3358 3857 3426 malevolorum
3900 3358 4179 3426 insidias
4221 3361 4438 3427 noluit

2464 3446 2817 3532 invulgari.
2909 3445 3091 3528 Quid
3132 3444 3305 3529 quod
3350 3451 3506 3511 ante
3541 3444 3904 3512 discessum
3947 3446 4437 3513 concionatores

2467 3533 2667 3598 etiam
2723 3530 3063 3598 admonuit
3103 3542 3210 3611 ut,
3270 3532 3326 3597 si
3380 3531 3539 3615 quid
3598 3531 3847 3598 vellent
3903 3531 4244 3598 ecclesiam
4290 3533 4438 3598 Me-

2467 3627 2724 3685 tensem
2768 3619 2956 3698 scire,
3001 3617 3386 3685 scriberent.
3476 3617 3696 3684 Istaec
3750 3618 3847 3682 ita
3903 3639 4046 3683 esse
4087 3626 4296 3684 testor
4323 3619 4438 3702 qui

2466 3705 2711 3790 ubique
2755 3705 3189 3784 interfuerim,
3230 3704 3428 3768 etiam
3465 3703 3640 3787 apud
3685 3703 4195 3770 concionatores.
4262 3704 4437 3769 Nam

2466 3791 2639 3875 quod
2689 3792 2774 3858 ad
2816 3790 3258 3856 conditionem
3313 3797 3428 3854 aut
3485 3789 3964 3873 stipendiorum
4016 3787 4437 3874 splendorem

2468 3884 2632 3954 (non
2687 3875 2879 3944 valde
2934 3872 3397 3953 invidendum)
3456 3876 3719 3955 attinet,
3776 3876 4106 3941 Dominus
4165 3885 4268 3942 est
4324 3877 4438 3958 qui

2468 3964 2610 4028 eius
2673 3984 2786 4029 cor
2850 3962 3056 4029 novit.
3158 3962 3260 4026 'Pu
3317 3960 3513 4026 etiam
3569 3960 3964 4026 familiarius
4021 3982 4172 4025 eum
4241 3962 4435 4039 nosti,

2467 4069 2636 4113 num
2677 4049 2750 4113 in
2794 4049 3009 4115 victus
3051 4046 3429 4130 frugalitate
3473 4045 3681 4111 ullam
3725 4046 3925 4112 huius
3970 4046 4180 4111 animi
4224 4047 4437 4130 suspi-

2467 4135 2721 4199 cionem
2762 4133 2888 4198 det.
2977 4135 3080 4199 Ac
3124 4130 3207 4197 de
3240 4138 3497 4199 caetero
3541 4131 3683 4197 eius
3725 4132 4094 4197 ministerio
4137 4139 4253 4196 aut
4296 4152 4435 4197 mo-

2469 4220 2652 4286 ribus
2694 4219 2943 4284 frustra
2998 4216 3067 4283 id
3123 4237 3245 4302 ego
3306 4217 3481 4301 apud
3540 4226 3622 4296 te,
3682 4218 3902 4283 virum
3947 4217 4315 4282 acutissimi
4359 4237 4435 4281 ac

2467 4305 2869 4371 severissimi
2911 4303 3168 4369 iudicii:
3224 4298 3306 4367 ad
3364 4301 3535 4385 quod
3595 4302 3846 4369 accedit
3903 4303 4063 4368 satis
4121 4301 4437 4367 diuturna

2466 4397 2536 4455 et
2576 4389 2918 4454 familiaris
2962 4409 3113 4455 oum
3151 4388 3266 4454 illo
3301 4388 3722 4454 consuetudo.
3791 4388 4062 4468 Verum,
4108 4386 4283 4472 quod
4316 4409 4436 4455 nos

2466 4494 2698 4540 omnes
2743 4473 2827 4541 ad
2869 4473 3245 4558 exemplum
3290 4475 3471 4559 regis
3525 4483 3594 4540 et
3649 4475 3882 4558 capitis
3926 4474 4138 4541 nostri
4183 4473 4435 4541 Christi

2469 4558 2699 4626 decere
2742 4560 3044 4635 arbitror,
3089 4580 3211 4644 ego
3253 4559 3350 4625 illi
3395 4563 3586 4639 facto,
3645 4559 3726 4625 do
3770 4581 3900 4643 quo
3944 4582 4097 4626 eum
4141 4562 4438 4627 accusari

2467 4646 2794 4724 intellexi,
2851 4645 3035 4711 volui
3094 4655 3161 4709 et
3204 4647 3469 4711 veritati
3525 4647 3976 4712 testimonium
4033 4647 4234 4713 serre:
4299 4666 4435 4711 non

2467 4733 2759 4798 facturus
2802 4732 2926 4798 hoc
2968 4730 3162 4796 modo
3215 4732 3288 4796 in
3345 4734 3637 4798 cuiusvis
3692 4751 3906 4797 causa.
3995 4731 4184 4797 Idem
4228 4733 4435 4798 factu-

2479 4909 2601 4916 ...ψ
2758 4908 2879 4915 ,ψ

2676 5005 2738 5072 2)
2778 5005 2849 5064 Ρ.
2873 5006 3069 5076 Bruly,
3146 5008 3208 5060 ui
3250 5006 3480 5061 Calvino
3513 5006 3772 5060 successit
3804 5006 3867 5059 in
3899 5007 4203 5060 ministerio
4223 5005 4437 5074 Arym-

2470 5077 2755 5131 tou-aiensi.
2846 5072 3014 5141 Quem
3059 5092 3094 5128 a
3132 5090 3262 5145 sque
3307 5076 3468 5129 venia
3511 5076 3842 5145 presbyterii
3887 5078 3994 5129 iter
4026 5076 4327 5143 suscepisse
4360 5074 4439 5129 ad

2474 5145 2748 5200 Helenus
2780 5149 2841 5197 ut
2875 5143 2986 5197 sibi
3015 5144 3283 5199 meliorem
3318 5146 3683 5199 conditionem
3717 5151 4015 5215 quaereret,
4051 5143 4439 5199 nonnullorum

2470 5215 2549 5270 ad
2586 5213 2867 5268 Farellum
2904 5212 3088 5267 delata
3121 5214 3433 5267 criminatio
3455 5214 3642 5280 fuisse
3675 5214 3906 5268 videtur.

2679 5282 2739 5346 3)
2780 5279 2996 5338 Scaicet
3048 5284 3168 5349 ipsc
3225 5282 3489 5335 Maiensis
3544 5288 3689 5349 erat,
3748 5289 3801 5338 ct
3857 5283 3986 5337 olim
4039 5280 4436 5339 advocaturam

2468 5357 2800 5407 exacuerat.
2886 5350 3019 5405 Vide
3052 5351 3239 5420 Haeo,
3277 5348 3500 5405 Fram
3527 5357 3671 5420 prot.
3709 5350 3832 5406 111.
3867 5348 3952 5408 54.
