5050 6167
679 363 810 426 84⁷

1604 548 1749 619 517.

1233 685 1707 757 GALVINUS
1753 684 2114 753 VIRE'PO.

864 856 968 924 De
1030 856 1679 942 Monbelyardensium
1733 859 1970 942 neyotio
1988 909 2004 938 ‚
2074 858 2149 923 de
2205 858 2539 926 Frachetio
2598 864 2653 924 d

685 943 987 1024 Corte-sio,
1027 946 1174 1008 item
1215 944 1291 1009 de
1327 943 1778 1010 Franci-§canis
1820 944 2092 1027 aliisque
2131 945 2315 1011 rebus
2356 946 2428 1011 in
2468 964 2649 1027 supe-

685 1029 969 1095 rioribus
1010 1029 1291 1111 epistolis
1330 1031 1588 1113 saepius
1628 1032 1925 1095 tractatis

691 1201 807 1262 (Ex
839 1217 906 1255 an
1067 1198 1177 1268 pho
1213 1199 1344 1253 Ood.
1382 1199 1586 1255 Gener.
1626 1199 1743 1266 106,
1778 1201 1870 1254 fol.
1906 1199 1992 1255 95.
2058 1200 2392 1271 Apographa
2426 1204 2648 1254 exstant

689 1269 980 1324 Ionvillaer
1009 1269 1143 1323 Cod.
1185 1268 1327 1321 111⁸.
1371 1268 1460 1322 sol.
1494 1264 1564 1322 23
1599 1286 1773 1333 verso,
1812 1269 2088 1323 Turretini
2122 1270 2249 1324 Cod.
2291 1270 2403 1334 111,
2441 1270 2532 1323 sol.
2558 1267 2644 1338 80,

689 1338 967 1393 Beruense
1001 1338 1059 1392 in
1078 1336 1245 1392 Arch.
1263 1337 1402 1407 Epp.
1433 1337 1553 1391 vn.
1589 1354 1643 1407 p.
1665 1335 1786 1407 546,
1822 1338 2115 1393 Turicense
2145 1339 2363 1393 simleri
2382 1339 2509 1393 Vol.
2528 1337 2643 1406 53.)

685 1525 892 1592 Petro
935 1525 1165 1592 Vireto
1209 1525 1703 1592 Lausannensis
1762 1526 2070 1593 ecclesiae
2113 1528 2357 1611 pastori
2397 1525 2643 1593 fidelis-

1173 1611 1338 1677 simo
1382 1611 1568 1677 fratri
1611 1632 1757 1677 meo
1800 1613 2151 1679 carissimo.

817 1744 931 1814 'S.
990 1747 1134 1812 Iam
1192 1747 1552 1816 scribendis
1606 1749 1815 1814 literis
1870 1769 2049 1814 eram
2106 1749 2304 1834 plane
2349 1750 2642 1816 defessus

683 1854 886 1917 quum
932 1833 1098 1898 mihi
1142 1841 1297 1898 tuae
1325 1838 1374 1911 ¹)
1419 1841 1575 1900 sunt
1632 1834 1946 1901 redditae.
2034 1837 2127 1902 Et
2170 1846 2390 1902 tamen
2435 1838 2517 1903 ab
2564 1856 2644 1901 ea

685 1919 850 1985 hora
884 1939 1016 1983 non
1052 1918 1318 1997 cessavi,
1358 1920 1617 1985 etmihi
1653 1920 1870 1987 adhuc
1904 1922 2144 2004 quinae
2162 1923 2222 2005 ²)
2258 1921 2642 1989 scribendae

683 2013 841 2072 sunt
885 2011 1237 2087 antequam
1280 2004 1408 2070 alio
1451 2027 1557 2071 me
1606 2013 2005 2073 convertam.
2094 2006 2343 2074 Bucero
2386 2028 2639 2072 morem

679 2089 1579 2242 5511'33030ffl2211'2‘32255m
1592 2091 2091 2260 Νῗέᾟὲῑῗῗ·
2104 2094 2455 2245 ωὲῗὲῑῖἳ
2489 2092 2642 2244 3152

679 2259 941 2344 quando
1026 2269 1462 2344 opportunum
1540 2261 1676 2328 sit?
1786 2262 2064 2343 Quoties
2143 2265 2369 2332 veniet
2443 2265 2642 2332 faciet

679 2346 920 2412 nostris
998 2356 1262 2429 gratum
1339 2348 1646 2415 officium.
1757 2349 1793 2413 1
1907 2370 1993 2414 uo
2070 2371 2274 2432 quum
2352 2351 2640 2433 primum

766 2432 939 2511 terit,
995 2440 1072 2496 ut
1127 2431 1194 2496 id
1237 2431 1433 2498 saciat
1476 2433 1760 2500 consulo.
1922 2455 1998 2499 oc
2041 2434 2137 2499 illi
2181 2455 2330 2501 meo
2373 2436 2639 2501 nomine

677 2515 1015 2584 indicabis.
1105 2517 1334 2599 Neque
1376 2539 1482 2584 me
1541 2519 1671 2585 alia
1729 2541 1924 2586 causa
1969 2520 2286 2587 hactenus
2342 2520 2637 2588 retarda-

676 2603 777 2669 vit
820 2602 950 2668 nisi
993 2603 1149 2686 quia
1189 2603 1466 2669 verebar
1509 2625 1594 2671 ne
1649 2626 1878 2688 parum
1932 2604 2029 2670 illi
2070 2606 2420 2671 honestum
2465 2612 2641 2672 esset

761 2696 901 2754 tere
945 2695 1081 2753 tam
1125 2689 1254 2753 cito
1298 2708 1338 2752 a
1379 2690 1518 2756 suis
1563 2690 1957 2756 missionem.
2038 2690 2297 2758 Verum
2339 2702 2415 2757 tu
2459 2714 2638 2759 nnnc

673 2709 941 2839 {gnare
985 2779 1060 2837 ut
1101 2773 1384 2853 festinet,
1430 2774 1690 2858 quando
1734 2784 1967 2861 sponte
2010 2784 2281 2860 paratus
2323 2786 2440 2843 est.

848 2859 1121 2927 Fratres
1142 2859 1802 2945 Monsbelgardenses
1827 2866 1886 2936 ⁴)
1931 2883 2168 2945 parum
2206 2862 2489 2928 fideliter
2524 2863 2636 2929 de·

673 2945 882 3013 functi
923 2951 1078 3010 sunt
1120 2945 1257 3010 suis
1297 2946 1642 3026 mandatis,
1688 2957 1762 3013 ut
1805 2946 2010 3014 video.
2081 2948 2415 3015 Iusseram
2457 2950 2637 3015 enim

673 3036 752 3097 ut
786 3050 966 3097 meas
1000 3029 1224 3096 literas
1263 3030 1515 3099 Farello
1551 3031 1961 3112 exhiberent,
2005 3040 2083 3098 ut
2125 3035 2182 3100 si
2222 3055 2335 3101 eas
2377 3033 2639 3101 videret

674 3135 824 3182 cum
869 3124 1092 3183 vestro
1153 3135 1464 3199 responso
1507 3119 1879 3198 convenire,
1934 3119 2227 3185 mitteret
2271 3119 2354 3186 ad
2404 3120 2633 3187 Tossa-

673 3221 846 3280 num,
907 3201 1014 3268 sin
1065 3202 1288 3268 minus
1342 3201 1519 3286 apud
1572 3224 1644 3271 se
1699 3205 2033 3271 retineret.
2122 3205 2283 3272 Ideo
2339 3227 2474 3272 non
2518 3207 2632 3272 ob·

672 3288 1106 3372 signaveram.
1209 3287 1575 3371 Exemplar
1635 3289 1896 3356 nullum
1960 3292 2243 3358 servavi.
2356 3289 2635 3358 Summa

671 3379 896 3438 tamen
941 3380 1084 3439 erat
1123 3382 1201 3439 ut
1253 3393 1325 3439 80
1369 3374 1935 3442 accommodarent
1986 3376 2198 3459 quoad
2254 3377 2499 3457 liceret,
2547 3398 2632 3443 ne

673 3458 730 3523 si
776 3458 1157 3524 resisterent
1197 3458 1270 3522 in
1314 3459 1616 3526 omnibus
1659 3481 1782 3526 sua
1818 3462 2195 3528 morositate
2231 3463 2443 3546 magis
2478 3483 2631 3529 acu·

671 3553 864 3610 erent
927 3544 1292 3627 principem
1355 3544 1438 3610 ad
1502 3542 1892 3629 urgendum.
1980 3547 2066 3612 In
2129 3546 2456 3632 baptismo
2521 3547 2632 3614 ob—

671 3630 1007 3696 stetricum
1038 3630 1345 3696 iubebam
1379 3630 1637 3695 sortiter
1671 3632 2047 3713 reclamare,
2094 3633 2292 3700 etiam
2327 3634 2382 3699 si
2419 3634 2633 3716 capite

668 3713 1111 3782 dimicandum
1153 3715 1337 3781 foret.
1428 3714 1721 3782 Coenam
1765 3718 2021 3800 privato
2067 3741 2197 3785 uno
2238 3728 2503 3803 petente
2548 3741 2633 3786 ne

670 3799 1230 3877 administrarent,
1277 3799 1650 3866 suadebam.
1723 3801 1805 3867 In
1841 3802 2117 3870 ecclesia
2151 3805 2425 3872 scilicet:
2472 3826 2630 3871 nam

671 3883 754 3950 de
797 3887 1097 3969 aegrotis,
1150 3887 1263 3968 qui
1306 3887 1660 3954 convenire
1702 3886 1775 3952 in
1818 3898 2077 3954 coetum
2117 3898 2471 3973 nequeunt.
2529 3890 2628 3954 di-

671 3991 864 4038 versa
922 3979 1023 4037 est
1075 3973 1258 4036 ratio.
1347 3972 1430 4037 In
1486 3972 1698 4053 festis,
1758 3981 1836 4038 ut
1886 3974 2135 4058 aliquid
2179 3976 2628 4055 concederent,

670 4054 914 4139 aliquid
952 4064 1250 4139 peterent
1285 4056 1408 4123 sibi
1444 4058 1707 4123 remitti.
1773 4057 2114 4140 Quantum
2151 4060 2234 4127 ad
2270 4061 2628 4147 sepeliendi

669 4141 1142 4208 caeremoniam
1188 4163 1319 4207 non
1363 4142 1670 4226 putabam
1716 4146 2152 4211 recusandum
2198 4147 2358 4230 quin
2401 4148 2456 4214 si
2501 4149 2626 4212 mi-

665 4228 875 4292 nister
908 4234 1257 4311 rogaretur
1290 4228 1490 4294 funus
1525 4226 1609 4293 ad
1642 4229 2015 4313 sepulcrum
2052 4230 2418 4313 deduceret,
2454 4233 2624 4299 illic-

714 4332 796 4378 ue
839 4314 910 4377 in
955 4332 1026 4377 re
1069 4314 1399 4396 praesenti
1435 4312 1992 4381 hortatiunculam
2031 4315 2303 4384 haberet
2345 4321 2416 4384 in
2451 4318 2622 4386 sola-

657 4409 832 4462 tmm
875 4399 1236 4465 amicorum
1281 4407 1402 4466 etc.

841 4482 1210 4550 Fracketius
1236 4486 1295 4569 ὅ)
1354 4485 1483 4552 huc
1539 4485 1727 4552 venit
1779 4508 1854 4554 ao
1907 4488 2196 4572 primum
2250 4488 2458 4555 literis
2513 4510 2621 4555 me

661 4570 990 4648 convenit,
1035 4591 1201 4653 quas
1243 4570 1328 4636 ad
1372 4579 1436 4635 te
1471 4570 1676 4636 mitto.
1746 4572 2004 4639 Deinde
2040 4575 2391 4640 accersitus
2437 4577 2621 4640 venit

659 4654 835 4739 ipse:
894 4655 1085 4739 petiit
1136 4663 1210 4720 ut
1263 4655 1611 4742 diligenter
1661 4657 2063 4741 inquirerem
2109 4680 2329 4725 annon
2356 4661 2414 4737 ⁰)
2465 4658 2617 4727 Gor-

873 4932 931 4993 2)
971 4928 1152 4983 Nulla
1181 4933 1361 4983 exuat
1384 4930 2617 5002 GaffivammNovon-breoeripmpramr

657 4998 894 5053 banca
928 4997 1008 5053 N.
1043 4996 1813 5054 baoadmdemvimmn.

867 5067 929 5123 3)
966 5066 1034 5120 de
1067 5066 1352 5121 scribendo
1384 5068 1524 5122 libro
1558 5067 1636 5121 ad
1671 5068 1979 5123 Gaesarem.

866 5135 928 5199 4)
964 5134 1052 5189 Dc
1083 5136 1173 5190 his
1206 5135 1332 5190 vide
1365 5135 1444 5190 N.
1480 5136 1584 5189 506
1619 5148 1676 5189 et
1710 5138 1829 5191 513.

867 5202 925 5265 5)
965 5204 1043 5259 N.
1079 5206 1183 5259 500
1216 5220 1325 5273 seq.
1361 5205 1464 5258 504
1497 5210 1593 5259 etc.

867 5274 927 5331 6)
963 5274 1310 5345 Apum-opha
1343 5273 1532 5328 omnia
1565 5274 1848 5329 movent.-
1883 5292 1968 5328 an.

2239 360 2769 429 EPISTOLAE
2815 362 3154 425 517-520

4568 361 4680 427 648

2755 548 2981 615 tesiam
3034 555 3105 613 et
3650 567 3799 612 oum
3858 551 3999 611 tota
4051 549 4231 611 secta
4283 542 4680 628 designasset.

2758 631 3068 718 Oomperi
3088 635 3355 699 omnino
3399 631 3481 697 de
3521 631 3655 698 illis
3692 631 4128 697 intellexisse:
4175 627 4347 713 quod
4382 630 4568 697 velim
4607 632 4684 699 ad

2754 719 2993 784 tratres
3057 720 3320 785 referas.
3411 716 3805 801 Quanquam
3873 715 3965 783 Oa
4368 717 4686 785 nominare

2754 804 2922 869 nihil
2966 824 3133 888 opus
3176 805 3323 871 erit.
3412 802 3527 870 Sic
3569 803 3833 887 quidem
3889 802 4199 885 loquutus
4241 808 4344 871 est
4384 808 4459 866 ut
4496 803 4686 869 conti-

2753 891 3004 957 nebant
3044 891 3291 955 literae.
3371 890 3660 955 'l'antum
3703 888 3827 955 hoc
3870 887 4329 972 explicandum
4371 893 4472 952 est
4510 908 4689 970 quos-

2752 996 2909 1040 nam
2973 984 3277 1042 taxasset.
3386 974 3539 1041 Non
3603 975 3940 1058 potuimus
4002 982 4223 1040 autem
4287 973 4569 1055 primum
4624 972 4689 1041 id

2753 1060 3071 1139 divinare,
3127 1061 3243 1128 sed
3287 1059 3439 1145 quia
3476 1082 3583 1127 res
3626 1061 3720 1127 sic
3763 1060 3977 1137 habet,
4036 1080 4114 1127 ac
4164 1061 4308 1143 ipse
4350 1059 4530 1141 cupit
4567 1059 4694 1125 fra·

2752 1146 2964 1213 tribus
3006 1146 3268 1230 exponi,
3315 1146 3492 1213 dices
3536 1146 3689 1226 tuis,
3748 1146 3953 1211 fuisse
3994 1152 4061 1210 te
4106 1144 4187 1211 de
4227 1144 4354 1211 hac
4396 1164 4470 1208 re
4511 1164 4551 1209 a
4590 1164 4690 1211 me

2750 1251 2824 1296 ro
2911 1240 3059 1297 tum
3101 1232 3355 1317 collegii
3398 1231 3609 1298 nostri
3650 1231 3937 1297 nomine.
4019 1227 4333 1297 comate
4367 1250 4574 1313 nuper
4613 1228 4695 1295 ad

2905 1319 3159 1398 andum,
3212 1327 3289 1383 ut
3330 1316 3540 1398 audio,
3593 1339 3663 1384 se
3706 1316 4089 1385 contulerat.
4177 1316 4416 1382 Nescio
4459 1335 4545 1381 an
4585 1314 4694 1380 ad-

2748 1402 2880 1468 huc
2921 1403 3172 1470 abierit.
3261 1403 3449 1470 Bene
3506 1403 3707 1469 habet
3761 1401 3937 1485 quod
3978 1424 4064 1467 ex
4107 1400 4222 1467 illa
4264 1401 4527 1468 cohorte
4568 1422 4694 1469 non

2749 1487 2996 1554 multos
3032 1490 3311 1571 reperiet
3345 1489 3667 1574 gratuitos
3700 1489 4009 1571 hospites.
4079 1486 4226 1555 Scis
4261 1487 4442 1552 enim
4476 1506 4696 1554 omnes

2749 1575 3019 1725 {aguit-ire,
3064 1575 3381 1726 mziicgrem
3424 1581 3677 1658 partem
3721 1573 3959 1656 inopia,
4006 1593 4117 1640 eos
4159 1579 4384 1638 autem
4427 1572 4542 1655 qui
4582 1570 4693 1638 ha-

2828 1682 2872 1724 n
2905 1711 2922 1740 ,
2967 1679 3151 1726 avari
3249 1711 3262 1725 .

2917 1746 3024 1811 De
3066 1746 3527 1813 Franciscanis
3556 1749 3613 1823 ⁷)
3659 1745 3831 1811 male
3872 1744 4279 1811 intellexisti.
4371 1743 4696 1810 Iusseram

2747 1836 2822 1895 ut
2864 1830 2947 1896 ad
2983 1852 3088 1897 me
3121 1832 3430 1898 redirent.
3499 1829 3697 1912 Quod
3731 1831 3789 1896 si
3826 1831 4152 1910 fecissent,
4188 1828 4470 1896 daturus
4504 1849 4697 1895 eram.

2747 1913 2924 1996 Quia
2964 1926 3184 1982 autem
3227 1919 3299 1982 in
3346 1916 3679 1983 diversam
3713 1924 3967 1999 partem
4007 1936 4118 1981 eos
4153 1914 4443 1999 abripuit
4482 1914 4700 1981 Goda-

2745 2001 2972 2081 lariue,
3030 2000 3262 2084 puduit
3314 2023 3427 2069 eos
3483 2002 3796 2069 viaticum
3852 2024 3893 2068 a
3935 2023 4042 2068 me
4097 2010 4351 2085 petere,
4410 2000 4498 2066 ad
4555 2021 4701 2067 oon-

2744 2085 3097 2153 ficiendum
3135 2088 3264 2153 iter
3304 2087 3469 2153 illud
3511 2088 3685 2171 qnod
3720 2087 4209 2171 improbassem.
4281 2085 4523 2170 Itaque
4557 2085 4702 2151 risi-

2744 2193 2895 2237 mus
2937 2171 3114 2255 quod
3156 2174 3251 2239 ita
3293 2174 3611 2240 liberatus
3654 2173 3945 2239 fuissem.

2912 2258 3273 2324 Pecuniam
3320 2279 3360 2324 a
3399 2259 3754 2325 Gauaherio
3776 2260 3838 2340 8)
3880 2259 4153 2325 missam
4196 2257 4421 2341 recepi
4464 2277 4543 2323 ac
4583 2277 4704 2320 nu·-

2744 2344 2994 2409 meravi
3062 2343 3398 2423 Freuonio,
3462 2345 3649 2411 ouius
3715 2343 4229 2429 chirographum
4289 2343 4349 2409 si
4418 2341 4706 2426 requiret

2740 2428 2977 2495 faciam
3040 2435 3121 2494 ut
3177 2430 3431 2497 habeat.
3518 2430 3667 2497 Non
3721 2431 3925 2496 miror
3982 2431 4040 2497 si
4092 2429 4403 2496 acerbam
4446 2447 4707 2494 crucem

2742 2514 3027 2581 sustines
3071 2536 3154 2580 ex
3198 2536 3564 2600 pauperum
3606 2516 3905 2582 miseriis.
3995 2515 4194 2581 Mitto
4238 2522 4473 2580 autem
4516 2511 4600 2578 ad
4641 2521 4705 2577 te

2742 2610 3024 2683 quatuor
3056 2609 3395 2668 coronatos
3429 2621 3592 2683 quos
3626 2600 3740 2668 ubi
3776 2601 4106 2668 videbitur
4141 2599 4472 2685 erogabis.
4520 2597 4706 2677 Vale,

2743 2685 2990 2768 optime
3048 2686 3268 2752 frater.
3360 2686 3595 2753 Saluta
3658 2687 3902 2753 amicos
3961 2706 4188 2752 omnes
4251 2693 4320 2752 et
4386 2684 4707 2751 familiam

2741 2777 2942 2837 tuam.
3031 2770 3363 2839 Dominus
3408 2792 3524 2839 vos
3567 2792 3794 2839 omnes
3834 2778 4192 2839 conservet.
4220 2772 4282 2856 ⁹)

3647 2909 3931 2979 Ioannes
3974 2908 4303 2978 Calvinus
4350 2916 4534 2975 tuus.

3641 3297 3790 3368 518.

3264 3449 3672 3519 VIRETUS
3719 3451 4157 3525 OALvmo.

2911 3622 3080 3705 Quid
3130 3641 3175 3687 a
3228 3620 3616 3688 Bernaubus
3671 3623 3744 3688 ob
3800 3629 4157 3690 conventum
4221 3624 4709 3694 Noooomonoem

2733 3708 3209 3791 nspcdanwm
3248 3707 3579 3792 siqnificat.

3019 3878 3126 3946 (Ex
3163 3878 3500 3950 autographo
3534 3878 3662 3934 Ood.
3700 3879 3906 3934 Gener.
3942 3878 4088 3935 111⁸.
4135 3880 4226 3936 fol.
4268 3882 4427 3950 182.)

2897 4065 3294 4132 Doctissimo
3360 4086 3436 4132 ac
3509 4066 3891 4133 fidelissimo
3970 4069 4155 4135 verbi
4219 4071 4549 4138 ministro
4614 4070 4707 4135 Io.

2728 4150 3006 4218 Oalvino
3047 4151 3234 4217 fiatri
3277 4172 3475 4235 quam
3519 4153 3872 4219 carissimo.
4173 4239 4533 4310 Genevoe·

2900 4387 2969 4456 S.
3017 4386 3237 4455 Hodie
3271 4389 3402 4457 huc
3438 4412 3522 4474 ap
3569 4392 3778 4458 ulsuri
3813 4403 3968 4459 sunt
4001 4393 4203 4479 legati
4228 4394 4632 4465 Beruenses
4659 4400 4705 4475 ¹)

2725 4473 2809 4540 ad
2879 4474 3348 4559 appellationes
3428 4496 3511 4543 au
3557 4477 3802 4544 iendas.
3890 4478 4214 4547 Famulus
4281 4483 4707 4551 Pon-onium

2724 4558 3139 4627 Baithasaris
3209 4560 3371 4626 mihi
3450 4563 3845 4648 significavit
3921 4584 4006 4631 ex
4072 4564 4421 4647 zebedaeo,
4508 4590 4705 4654 quem

2720 4645 2945 4711 Berna
2984 4644 3367 4712 redeuntem
3411 4647 3783 4732 alloquutus
3826 4658 3945 4731 est,
4000 4652 4137 4718 fore
4182 4662 4260 4719 ut
4306 4656 4709 4742 propediem

2722 4751 2799 4797 eo
2861 4752 3248 4797 vocaremur
3311 4733 3518 4800 ambo.
3623 4734 3826 4800 Forte
3889 4758 4023 4802 non
4087 4739 4375 4806 omnino
4445 4763 4703 4810 vanum

2924 4934 3413 4997 7)N.510.512.

2921 5003 4223 5143 giffaffiepmolaaeaeeoumcommm
4272 5085 4703 5154 wopand-t

2938 5142 2949 5154 ‘
3103 5142 3366 5198 comm·
3356 5143 3649 5211 Ῥοωιωιε.
3727 5145 4698 5225 Οηυιὸηοροεεόιδοονίριαυί·

2715 5211 4254 5347 Ἥέἶηόαήεάἰωηᾱίοααεαῐιααωκπωιηόωί.
