5050 6167
351 426 471 488 645

351 609 551 679 nobili
608 616 841 695 captus
903 611 1048 688 fuit,
1109 630 1233 676 sua
1295 612 1521 677 omnia
1578 609 1698 676 tibi
1765 613 2296 679 communionem.

350 698 624 780 Oupiam
681 695 797 763 abs
851 703 924 762 te
975 695 1228 762 discere
1279 696 1437 780 quid
1492 696 1573 762 de
1626 699 1768 781 ipso
1810 699 2061 765 sentias
2103 706 2171 763 et
2212 718 2302 764 an

347 791 538 870 putes
593 784 838 849 nostris
891 781 1102 848 literis
1155 782 1577 849 invitandum
1632 793 1746 849 aut
1800 784 2033 850 saltem
2077 783 2301 849 admo·

349 868 638 935 nendum
655 919 669 945 ,
717 889 818 934 ne
870 869 1205 935 contemni
1262 890 1336 935 se
1387 877 1608 952 putet,
1675 871 1735 935 si
1777 870 1900 935 tibi
1944 877 2138 955 aptus
2180 870 2302 935 ali-

349 954 608 1041 quando
647 956 914 1021 futurus
946 952 1208 1021 videtur
1247 955 1558 1021 ecclesiae
1592 953 1865 1034 Christi,
1911 956 2084 1039 quod
2126 958 2304 1022 futu-

350 1063 496 1108 rum
540 1061 749 1125 spero.
838 1042 947 1106 Ex
1001 1040 1210 1105 literis
1257 1040 1533 1106 Sulcum·
1585 1040 1798 1107 disces
1842 1041 1999 1125 quid
2042 1044 2303 1108 Bernae

351 1137 585 1213 agatur
627 1137 697 1192 et
737 1136 813 1193 ut
854 1126 1124 1192 cesserit
1174 1125 1476 1192 habitum
1517 1126 1709 1193 nobis
1752 1128 2065 1195 Neocomi
2107 1129 2304 1195 collo·

349 1215 594 1298 quium,
650 1232 726 1278 ac
767 1211 935 1277 mihi
984 1212 1384 1297 significabis
1425 1212 1582 1296 quid
1635 1214 1965 1297 agendum
2011 1223 2204 1300 putes
2247 1215 2304 1280 si

348 1301 514 1366 forte
577 1319 655 1365 eo
718 1316 948 1376 vocer,
1015 1297 1562 1381 quemadmodum
1628 1301 1770 1382 ipse
1833 1301 2219 1383 suspicatur.
2243 1301 2305 1382 ⁴)

352 1385 707 1451 abaciam
747 1384 883 1450 illic
926 1391 1029 1449 est
1068 1383 1182 1449 sed
1224 1403 1362 1448 non
1405 1394 1679 1451 vocatus
1733 1385 1861 1451 hac
1901 1405 2117 1463 causa,
2164 1384 2303 1468 opi-

348 1491 490 1538 nor.
578 1471 884 1537 Enardas
925 1468 1045 1534 tibi
1104 1467 1186 1534 de
1228 1470 1370 1535 eius
1414 1478 1592 1535 statu
1634 1491 1802 1553 quae
1846 1470 2033 1536 novit
2073 1490 2304 1535 narra·

348 1556 461 1623 bit.
556 1555 750 1638 Quod
806 1564 1029 1621 autem
1085 1554 1168 1619 ad
1228 1554 1557 1623 Fanum
1617 1556 1873 1637 attinet,
1900 1559 1961 1630 ὅ)
2025 1556 2307 1623 arbitror

348 1644 588 1708 &atres
639 1664 775 1708 non
830 1642 1034 1707 fuisse
1092 1642 1167 1706 in
1219 1662 1298 1706 ea
1355 1641 1686 1707 sententia
1726 1651 1804 1708 ut
1859 1650 1927 1707 te
1969 1641 2303 1721 inviseret,

350 1728 525 1812 quod
570 1749 698 1793 non
743 1725 1084 1794 videretur
1123 1725 1192 1791 id
1231 1729 1689 1793 necessarium.
1767 1727 1953 1792 Nihil
1995 1748 2162 1811 opus
2204 1733 2308 1793 est

348 1823 426 1880 ut
463 1824 536 1879 te
569 1832 874 1879 moneam
908 1812 1065 1896 quid
1102 1812 1222 1876 tibi
1257 1813 1426 1878 facto
1465 1833 1645 1897 opus.
1718 1814 1825 1878 Ex
1867 1833 1939 1878 re
1975 1814 2304 1896 praesenti

348 1901 570 1984 capies
609 1899 976 1967 consilium.
1066 1898 1381 1963 Enardus
1418 1899 1716 1964 narrabit
1759 1899 1841 1964 de
1883 1907 2097 1964 matre
2141 1899 2304 1964 Am-

348 1984 563 2051 blardi
625 1984 888 2052 Cornuti
912 1986 972 2061 ⁰)
1027 2004 1197 2067 quae
1254 1985 1581 2050 consuluit
1636 1987 1970 2050 curionem
2025 1983 2306 2051 Monteti

344 2079 421 2137 ut
461 2092 552 2137 sc.
585 2070 641 2157 ⁷)
685 2079 930 2136 nutans
964 2081 1162 2153 caput
1203 2072 1623 2135 confirmaret
1664 2079 1733 2136 et
1767 2072 2302 2137 reiuvenesceret.

344 2158 715 2241 Exquiram
769 2176 911 2222 rem
969 2156 1348 2240 diligentius
1399 2178 1600 2240 quam
1664 2166 1887 2221 tamen
1951 2158 2083 2222 iam
2143 2155 2305 2222 satis

340 2252 746 2328 compertam
791 2263 934 2308 esse
986 2252 1163 2326 puto.
1252 2242 1356 2307 'Pu
1411 2243 1657 2326 dispice
1716 2240 1875 2327 quid
1932 2241 2303 2308 faciendum

343 2348 613 2396 censeas
657 2337 725 2394 et
765 2328 981 2413 cogita
1019 2348 1188 2411 quae
1230 2328 1363 2392 iam
1409 2328 1517 2394 hic
1555 2329 1963 2413 promoverit
2004 2329 2146 2395 eius
2190 2327 2304 2393 ad-

343 2423 592 2482 ventus
634 2424 702 2480 et
742 2415 916 2480 filiae
965 2412 1174 2497 ipsius
1217 2414 1542 2499 evangelii
1586 2415 1945 2499 profectum
1991 2414 2148 2480 dum
2193 2434 2306 2479 au-

345 2501 545 2568 diunt
600 2502 909 2567 honestas
964 2500 1459 2566 Genevensium
1512 2508 1850 2565 matronas
1905 2501 1999 2564 ita
2055 2520 2302 2584 sapere.

344 2588 449 2654 De
503 2586 698 2654 Coelio·
738 2586 969 2652 morbo
1012 2584 1238 2651 audies
1285 2608 1370 2651 ex
1412 2586 1691 2652 Enardo.
1785 2586 2008 2652 Nostri
2054 2593 2122 2652 te
2164 2606 2304 2651 om-

344 2694 462 2739 nes
546 2673 854 2739 salutant.
960 2671 1196 2738 Saluta
1272 2673 1534 2738 amicos.
1629 2671 1806 2738 Vale.
1904 2673 2305 2738 Lausannae

351 2763 446 2825 11.
491 2757 813 2825 Novemb.
865 2763 1048 2824 1543.

1486 2845 1671 2910 Tuus
1715 2845 1792 2910 P.
1839 2843 2130 2909 Viretus.

1260 3354 1408 3426 51⁶.

881 3493 1283 3563 CAPNIUS
1341 3490 1779 3561 GALVINO.

529 3666 664 3733 Pro
715 3665 959 3735 duobus
1016 3665 1243 3737 libellis
1299 3685 1495 3747 nuper
1552 3664 1818 3744 acceptis
1869 3663 2117 3747 qratias
2175 3664 2309 3748 ayit
2413 3665 2440 3670 ’

346 3760 405 3821 ct
444 3753 724 3821 amicum
766 3752 1074 3836 quendam
1115 3752 1297 3818 enixe
1337 3751 1736 3829 commendat.

677 3925 787 3991 (Ex
823 3923 1159 3993 autographo
1195 3922 1325 3977 God-
1367 3921 1568 3976 Gener.
1606 3918 1724 3987 110,
1759 3920 1851 3974 fol.
1887 3918 2000 3987 66.)

908 4111 1080 4177 Dno.
1124 4110 1414 4177 Domino
1452 4109 1765 4176 Passelio.

530 4251 594 4315 A
636 4269 766 4333 quo
823 4255 1115 4330 tempore
1168 4247 1417 4313 cessavi
1474 4245 1556 4311 ad
1599 4254 1667 4312 te
1711 4244 2014 4325 scribere,
2059 4246 2166 4311 vir
2208 4266 2312 4310 or-

349 4336 718 4415 natissime,
783 4332 974 4399 binas
1030 4334 1249 4417 accepi
1312 4340 1461 4397 tuas
1523 4331 1768 4410 literas,
1836 4332 2090 4414 priores
2143 4333 2315 4397 circa

352 4421 686 4491 Oalendas
729 4418 1173 4503 Septembres,
1232 4417 1466 4502 quibus
1508 4417 1721 4483 multa
1761 4417 1845 4482 de
1889 4424 2006 4483 tua
2055 4417 2127 4483 in
2170 4418 2313 4483 Me-

568 4661 631 4727 4)
671 4660 763 4716 Nc
910 4659 973 4714 ia
1019 4659 1223 4729 absque
1274 4671 1462 4711 caasa.
1535 4656 1780 4712 Senatus
1824 4655 1968 4710 enim
2013 4656 2319 4711 Emensis

348 4674 2316 4808 pridieod.ffl.mnistrosquipropriomotu1veocomicon-

355 4808 589 4860 mn
638 4804 865 4869 sacrant
914 4803 966 4853 a
1016 4802 1286 4866 emptum
1331 4795 1620 4865 publtcwm
1675 4794 1752 4848 ad
1797 4794 2320 4863 Monbelyardemes

355 4872 655 4927 edideram
700 4870 948 4924 ΒΜ
994 4868 1187 4921 citavit
1219 4868 1284 4921 in
1317 4884 1372 4920 a.
1409 4864 1464 4918 d.
1506 4863 1610 4919 VI.
1658 4863 1804 4917 Idus
1828 4864 2125 4932 proximas
2156 4869 2221 4916 ut
2253 4864 2320 4917 dc

358 4941 467 4997 hoc
499 4957 564 4997 re
597 4955 630 4993 r
728 4937 1007 4994 cuderent.
1082 4936 1224 4989 Vide
1256 4933 1481 4989 Ruchat
1521 4933 1588 4988 V.
1623 4932 1727 4986 219
1764 4940 1820 4985 et
1856 4934 1924 4986 N.
1961 4932 2082 4985 518.

574 5010 629 5070 5)
879 5006 936 5059 Ο.
973 5011 1038 5058 ut
1074 5004 1351 5059 Genavam
1383 5003 1591 5058 veniret
1622 5001 1976 5056 invitaverat.
2085 5069 2096 5081 .

540 5076 634 5158 ,6)
674 5074 941 5130 Amblard
990 5076 1182 5142 Come,
1237 5078 1458 5128 senator
1508 5071 1859 5139 Gencvctm's,
1914 5075 1966 5123 et
2014 5066 2319 5138 alquamio

575 5184 1049 5281 vsa-cmm
1121 5209 1412 5265 Μαι,
1454 5210 1658 5290 atque
1699 5209 1890 5278 poem
1933 5224 1992 5259 se
2120 5205 2323 5260 enm

358 5282 818 5422 w.pr8m
851 5281 1137 5404 simpulum
1183 5279 1596 5347 mcv-stiuam
1637 5293 1831 5347 ymas,
1882 5276 2067 5346 quaml
2124 5281 2177 5330 ct
2215 5274 2320 5330 lec·

2042 427 2206 490 1543
2249 422 2668 492 NOVEMB.

4246 430 4371 496 64⁶

2407 626 2663 680 tensem
2711 633 2946 697 agrum
2990 613 3403 696 profectione,
3451 636 3619 699 quae
3652 616 3785 681 iam
3831 617 4054 683 omnia
4095 640 4177 684 ex
4222 618 4389 687 aliis·

2406 698 2846 776 inaudieram,
2914 700 3305 781 posteriores
3367 699 3472 767 his
3538 702 3858 784 proximis
3925 702 4153 770 diebus
4217 726 4368 771 cum

2407 784 2662 850 duobus
2707 784 2838 849 tuis
2894 783 3131 850 libellis
3176 787 3428 868 accepi,
3489 807 3763 868 quorum
3816 789 4113 854 omnium
4167 790 4367 858 bene-

2406 871 2707 935 ficiorum
2751 870 3017 935 nomine
3060 870 3183 934 tibi
3226 870 3471 955 gratias
3520 872 3740 938 habeo.
3814 873 4008 938 Alter
4051 896 4133 939 ex
4178 876 4369 941 libel-

2410 956 2488 1020 lis
2530 956 2663 1020 iam
2710 965 2898 1021 antea
2944 955 3157 1022 factus
3199 963 3342 1021 erat
3375 959 3740 1024 communis
3776 959 4080 1025 omnibus
4117 962 4367 1043 amicis,

2408 1041 2596 1106 illum
2643 1039 2786 1106 dico
2829 1061 3023 1125 quem
3067 1049 3252 1124 optas
3295 1052 3372 1107 ut
3412 1064 3519 1107 me
3573 1043 3857 1127 perbene
3901 1053 4169 1130 pungat.
4257 1045 4367 1113 De

2408 1146 2540 1209 quo
2610 1125 2767 1211 quid
2836 1135 3210 1192 nostrorum
3273 1147 3518 1211 magna
3573 1148 3728 1210 pars
3797 1132 4069 1211 sentiat,
4129 1131 4368 1197 deinde

2408 1211 2564 1294 quid
2608 1234 2729 1297 ego
2773 1232 3027 1296 quoque
3064 1211 3305 1278 dicam:
3353 1222 3589 1297 putant
3609 1212 3900 1297 plerique
3923 1217 4367 1282 miserrimum

2407 1296 2477 1363 id
2521 1296 2666 1365 ess'e
2721 1297 2892 1381 quod
2950 1297 3299 1381 praedicas.
3388 1300 3483 1363 'I'e
3526 1298 3988 1365 inclementem
4033 1321 4109 1365 ac
4153 1301 4368 1369 duris-

2408 1384 2652 1448 simum
2689 1384 2948 1450 afflictis
2983 1404 3125 1450 esse
3160 1392 3686 1468 conqueruntur:
3732 1385 3858 1451 hoc
3892 1396 3961 1449 te
4003 1385 4137 1450 illic
4176 1388 4365 1453 facile

2408 1475 2476 1533 et
2515 1467 2894 1552 praedicare
2940 1478 3005 1533 ct
3047 1489 3316 1533 monere
3358 1489 3568 1552 posse,
3627 1469 3742 1552 qui
3786 1471 3843 1536 si
3888 1471 3995 1537 hic
4039 1473 4129 1538 sis
4174 1472 4367 1539 aliter

2406 1554 2578 1619 forte
2644 1553 2940 1620 sentires.
3051 1555 3353 1637 Denique
3411 1556 3543 1619 iam
3624 1555 3895 1622 alterius
3961 1579 4047 1623 ex
4125 1559 4366 1625 vestris

2409 1640 2756 1705 consilium
2811 1638 2891 1704 de
2947 1638 3072 1705 hac
3126 1660 3200 1704 re
3251 1647 3683 1739 exspectatur.
3774 1641 3918 1727 Ego
3961 1664 4118 1708 vero
4172 1642 4367 1729 longe

2409 1734 2761 1807 antequam
2808 1725 2970 1791 haec
3014 1724 3329 1792 scriberes
3371 1748 3442 1789 m
3491 1725 3722 1792 iisdem
3770 1728 4079 1793 versabar
4122 1748 4207 1793 an
4302 1750 4367 1794 s-

2407 1811 2542 1889 tiis,
2589 1831 2799 1893 neque
2838 1811 2968 1876 illis
3004 1810 3367 1876 remedium
3413 1810 3622 1875 ullum
3666 1814 4029 1895 sperabam.
4104 1812 4194 1880 Se
4284 1813 4367 1880 de

2409 1916 2490 1961 ea
2543 1917 2616 1961 re
2669 1896 2878 1961 multa
2933 1896 3140 1961 habeo
3184 1916 3353 1978 quae
3406 1897 3705 1963 scribam.
3794 1898 4090 1964 Habebis
4132 1920 4369 1984 prope-

2410 1981 2587 2046 diem
2636 1981 2964 2065 longiores
3006 1982 3232 2047 literas
3285 1982 3525 2065 quibus
3568 2003 3735 2066 quae
3778 2003 3996 2050 coram
4042 1995 4109 2050 te
4153 1985 4371 2052 dicere

2408 2087 2530 2150 per
2594 2069 2995 2132 occasionem
3075 2088 3494 2150 speraveram
3574 2069 3833 2135 abunde
3910 2070 4155 2137 audies.
4245 2072 4371 2137 Ille

2411 2174 2571 2237 ergo
2629 2161 2781 2218 tuus
2838 2152 3099 2219 libellus
3152 2154 3384 2218 multis
3436 2154 3560 2219 etsi
3616 2155 3840 2221 invitis
3895 2156 4165 2222 utilitati
4222 2158 4367 2236 erit,

2410 2238 2579 2304 alter
2621 2237 2987 2305 delectabit.

2585 2323 2935 2391 Caeterum
2996 2324 3105 2390 hic
3162 2324 3376 2391 bonus
3420 2325 3545 2403 vir,
3607 2346 3809 2409 quum
3853 2347 4093 2411 magno
4137 2328 4368 2393 acade-

2410 2410 2582 2476 miae
2617 2420 2879 2477 vestrae
2913 2409 3235 2477 desiderio
3280 2419 3632 2491 teneretur,
3676 2431 3856 2477 meas
3903 2413 3985 2477 ad
4032 2419 4095 2478 te
4139 2413 4368 2480 literas

2408 2495 2978 2562 commendatitias
3042 2496 3463 2581 efflagitavit,
3529 2516 3689 2579 quas
3759 2497 4010 2562 homini
4078 2497 4369 2566 studioso

2408 2582 2764 2664 multisque
2830 2582 3203 2647 nominibus
3270 2582 3437 2646 mihi
3510 2582 3963 2648 commendato
4041 2582 4370 2668 denegare

2409 2687 2541 2731 non
2585 2668 2784 2751 potui.
2876 2667 3042 2731 Peto
3097 2667 3301 2750 igitur
3343 2689 3385 2732 a
3427 2675 3494 2731 te
3549 2667 3746 2732 etiam
3808 2676 4003 2752 atque
4046 2670 4249 2734 etiam
4290 2678 4371 2734 ut

2410 2752 2592 2818 hunc
2634 2744 2853 2817 ineam
2897 2753 3181 2817 amicum
3226 2753 3342 2818 tibi
3398 2772 3652 2835 quoque
3696 2754 3981 2820 amicum
4026 2754 4366 2838 adiungas.

2410 2836 2634 2919 Quum
2692 2836 2762 2901 id
2817 2837 2929 2902 ille
2982 2843 3326 2920 tantopere
3383 2838 3663 2915 affectat,
3720 2838 3938 2915 facies,
4005 2839 4226 2917 velim,
4294 2848 4371 2905 ut

2407 2924 2520 2987 ille
2562 2932 2629 2988 te
2671 2922 2957 3007 benigno
2999 2922 3409 2988 familiariter
3450 2923 3546 2987 uti
3594 2925 3815 3005 possit.
3894 2925 4039 2989 Non
4089 2927 4214 2990 erit
4257 2925 4369 2991 ille

2408 3007 2529 3072 tibi
2573 3008 2776 3074 oneri.
2866 3006 3121 3073 Audies
3160 3007 3347 3073 illum
3393 3018 3459 3074 et
3500 3009 3721 3092 capies
3780 3030 3914 3075 non
3959 3020 4249 3094 gravate,
4294 3020 4375 3076 ut

2408 3114 2599 3176 spero
2642 3101 2711 3159 et
2753 3091 3030 3172 confido,
3075 3100 3140 3159 et
3184 3093 3265 3158 de
3299 3096 3573 3159 caeteris
3607 3095 3824 3173 rebus,
3870 3095 3953 3160 de
3986 3097 4222 3178 quibus
4257 3097 4372 3161 ille

2408 3186 2476 3244 te
2520 3178 2740 3257 adibit,
2799 3200 2947 3245 cum
3000 3179 3113 3243 illo
3157 3179 3548 3245 amicissime
3592 3201 3739 3245 mea
3782 3201 3980 3247 causa
4020 3183 4371 3266 transiges.

2409 3265 2565 3342 Fac,
2610 3265 2902 3347 inquam,
2949 3285 3080 3343 oro,
3127 3273 3204 3329 ut
3244 3265 3354 3330 ille
3400 3265 3570 3331 hauc
3604 3286 3819 3331 meam
3857 3267 4372 3332 commendatio-

2407 3371 2565 3416 nem
2623 3371 2751 3415 non
2813 3349 3155 3434 vulgarem
3210 3370 3356 3416 esse
3412 3352 3670 3416 sentiat.
3761 3350 3949 3416 Vale.
4040 3352 4375 3419 Dominus

2407 3435 2599 3501 Iesus
2620 3444 2688 3500 te
2714 3445 3064 3502 conservet
3085 3435 3391 3503 ecclesiae
3414 3456 3572 3501 suae
3608 3437 4021 3503 incolumem.
4086 3437 4374 3524 Scripsit

3654 3573 3840 3639 Tuus
3884 3570 4196 3658 Capnius.
4236 3576 4285 3659 ¹)

2462 3742 2598 3805 51⁶.
2640 3744 2696 3807 1)
2736 3742 2826 3797 Dc
2861 3741 2909 3796 0
2985 3742 3082 3796 nio
3116 3740 3242 3795 vide
3276 3740 3355 3795 N.
3378 3740 3497 3795 444.
3575 3742 3813 3810 Tempus
3848 3742 4084 3812 scriptae
4116 3744 4381 3813 epistolae

2413 3811 2570 3866 haud
2601 3812 2686 3867 ita
2719 3812 2853 3881 diffi
2945 3817 3028 3865 ter
3064 3810 3372 3875 definietur.
3441 3810 3628 3865 Binas
3661 3811 3797 3864 dicit
3842 3826 3900 3866 se
3938 3814 4210 3881 accepisse
4252 3814 4377 3868 Cal-

2414 3881 2537 3935 vim'
2569 3881 2780 3948 literas,
2817 3881 3031 3949 priores
3065 3880 3216 3934 circa
3251 3878 3369 3932 Gal.
3407 3878 3559 3948 Sept.
3600 3880 3666 3931 in
3700 3881 3902 3947 quibas
3935 3880 4003 3935 de
4032 3882 4373 3949 profectione

2415 3950 2662 4004 Matones·
2705 3950 2793 4018 (ia
2826 3956 2907 4005 cst
2948 3954 3178 4018 proptor
3212 3948 3489 4002 Meton-ses
3535 3950 3816 4016 suscepta)
3861 3949 4046 4013 ipsum
4088 3953 4374 4006 cert-'orem

2415 4019 2675 4086 faciebat.
2746 4020 2876 4073 Iam
2910 4033 3090 4072 mense
3112 4018 3367 4085 Auyusto
3403 4016 3539 4069 1543
3573 4017 3737 4071 rebus
3772 4017 4033 4083 confectis
4048 4020 4164 4075 sive
4178 4022 4375 4089 potius

2415 4087 2639 4153 infectis
2691 4086 2973 4141 Genavam
3023 4086 3222 4141 rediit.-
3279 4086 3425 4140 hanc
3473 4100 3599 4153 erqo
3652 4085 4016 4154 Argenteo-ati
4055 4090 4377 4157 propediem

2417 4156 2678 4236 abiturus
2696 4157 2989 4238 scripsisse
3006 4155 3250 4221 videtur,
3282 4154 3636 4222 posteriorem
3654 4154 3943 4235 aliquanto
3972 4162 4117 4223 post.
4168 4158 4380 4227 Capnii

2416 4229 3477 4374 qusswafflmmff
3478 4222 3945 4359 ,Ἢέαᾌῖ
3977 4226 4379 4375 ’3Ὂῶἴῶ

2419 4362 2557 4419 duat
2591 4367 2776 4430 autor,
2825 4362 2991 4429 faci-¹0
3024 4363 3091 4416 dc
3124 4361 3341 4417 duobus
3383 4360 3692 4419 munoribus
3736 4360 4069 4416 tractatibus
4111 4362 4204 4416 illo
4250 4379 4378 4431 spec

2418 4446 2571 4485 anno
2605 4430 2770 4485 editis
2801 4430 3088 4499 intelliges,
3125 4436 3175 4503 ct
3217 4430 3380 4484 Tomo
3407 4427 3650 4497 Operwm
3674 4428 3776 4483 VI.
3798 4428 4039 4485 insertis.
4106 4431 4383 4501 Alterum,

2418 4500 2643 4554 lectores
2667 4500 3077 4567 delectaturam,
3099 4499 3421 4553 coniicimws
3446 4498 3623 4565 fuisse
3648 4497 3967 4551 Tractatum
3989 4498 4054 4552 de
4083 4498 4378 4569 Reliquiis,

2420 4570 2658 4623 alteo-mn
2692 4584 2800 4637 quo
2821 4568 3100 4637 Oapm‘am
3129 4568 3317 4638 punyi
3351 4566 3581 4635 optabat
3616 4566 3823 4621 Noster
3854 4566 4010 4619 alwm
4046 4568 4144 4636 qui
4176 4570 4379 4624 inscri-

2423 4637 2606 4693 bitur.-
2660 4638 2811 4691 Petit
2860 4641 3056 4692 traicte
3108 4646 3419 4690 monstrant
3472 4652 3577 4704 qne
3624 4635 3755 4689 c'est
3800 4652 3907 4704 que
3955 4638 4074 4690 doit
4122 4639 4258 4692 faire
4305 4656 4379 4692 un

2421 4707 2639 4761 homme
2656 4707 2816 4760 fidele
2833 4711 2930 4759 etc.
2997 4704 3109 4774 Qui
3144 4704 3397 4759 Parisiis
3431 4704 3683 4772 coyou‘ms
3717 4719 3831 4759 csse
3859 4705 4051 4772 potuit
4080 4711 4383 4775 antequam

2422 4772 2966 4911 wewam
2967 4772 3312 4896 mam·
3313 4772 4385 4925 mammazas

2426 4913 2696 4967 Calvinus
2731 4911 2942 4966 dudm
2975 4912 3232 4979 vulyatas
3270 4915 3400 4979 post
3432 4914 3512 4963 tot
3545 4925 3724 4963 amos
3758 4910 3935 4965 amico
3970 4927 4084 4965 non
4128 4912 4382 4966 mistsoet.

2422 4981 2523 5036 Ita
2554 4981 2747 5037 omia
2776 4981 2909 5037 bone
2940 4981 3255 5035 cencium&
3325 4979 3614 5033 Gaetu-m
3650 4978 3901 5047 capnias
3934 4981 4057 5050 ipsc
4090 4997 4158 5036 ex
4191 4997 4385 5035 corum

2423 5064 2653 5104 nmero
2687 5055 2808 5103 erat
2842 5064 2980 5118 quos
3020 5049 3078 5104 Ο.
3117 5047 3499 5105 Nicodemum
3532 5047 3767 5117 dicebat,
3814 5066 3984 5118 quum
4031 5068 4085 5103 a.
4135 5050 4270 5104 1559
4314 5050 4387 5103 ἀι

2424 5118 2772 5173 celeberrima
2805 5133 2980 5173 causa
3013 5118 3218 5174 Amo
3255 5116 3335 5171 du
3366 5118 3565 5186 Boura
3597 5118 3760 5187 fidam
3793 5134 3956 5173 swam
3989 5119 4230 5174 abnuere
4261 5134 4393 5174 non.

2424 5187 2777 5243 dubitaverit.
2849 5186 3170 5256 (Memoircs
3205 5186 3271 5241 dc
3306 5186 3493 5240 Gaude
3528 5186 3581 5241 I.
3618 5188 3766 5256 245).

3865 5427 3982 5480 41*
