5050 6167
397 420 523 484 3⁷3

398 606 662 672 civitate
721 626 850 670 non
903 625 1144 688 paucos
1199 605 1333 669 iam
1382 605 1668 687 coepisse
1724 606 2065 688 attingere.
2168 606 2355 671 Haec

396 692 602 776 igitur
646 700 713 756 et
755 690 886 756 alia
929 690 1058 755 Dei
1108 692 1317 756 nostri
1365 690 1627 774 flagella
1683 691 1860 756 haud
1920 690 2353 770 mediocriter,

398 787 472 844 ut
537 798 740 861 supra
806 775 1123 853 diximus,
1188 796 1309 840 nos
1373 786 1888 854 commoverant,
1947 786 2023 842 ut
2084 798 2355 860 gregem

399 863 654 930 Christi
698 861 779 928 ad
823 863 929 944 pie
971 861 1372 944 precandum
1418 861 1643 927 sedulo
1687 884 1763 928 ac
1806 861 2158 948 diligenter
2203 863 2355 928 hor-

400 956 711 1014 taremur.
812 946 948 1013 Sed
1001 948 1290 1011 maxime
1345 968 1464 1012 nos
1505 949 1823 1014 incitabat
1863 949 2090 1032 optimi
2135 950 2357 1014 fratris

401 1034 614 1101 nostri
671 1035 1039 1116 negotium,
1100 1041 1326 1116 utpote
1383 1034 1555 1115 quod
1612 1035 1904 1099 omnium
1959 1035 2246 1118 primum
2290 1043 2359 1098 et

403 1121 577 1186 inter
653 1132 913 1184 caetera
984 1121 1270 1184 maxime
1344 1119 1875 1186 commendatum
1946 1120 2354 1186 haberemus.

405 1205 587 1273 Satis
632 1205 808 1270 enim
853 1205 1208 1288 apparebat
1249 1206 1483 1289 ingens
1518 1206 1987 1272 offendiculum
2020 1216 2087 1271 et
2107 1205 2358 1273 cladem

405 1290 894 1376 irreparabilem
940 1292 1076 1356 fore
1118 1292 1190 1355 in
1235 1291 1540 1368 ecclesiis,
1586 1293 1643 1356 si
1685 1303 1911 1356 tantus
1948 1292 2073 1357 Dei
2108 1313 2360 1370 servus,

406 1400 447 1445 a
489 1378 678 1443 cuius
717 1377 1082 1441 ministerio
1126 1387 1350 1442 nostra
1390 1378 1686 1442 omnium
1732 1377 2089 1443 secundum
2141 1378 2362 1443 Deum

406 1463 724 1549 penderet
785 1463 1134 1540 autoritas,
1200 1462 1448 1528 indicta
1508 1483 1705 1529 causa
1769 1486 1852 1529 ex
1908 1462 2031 1529 hac
2087 1463 2362 1530 ecclesia

407 1571 547 1628 sua,
595 1558 694 1613 tot
736 1549 1107 1614 nominibus
1149 1548 1270 1612 sibi
1313 1571 1353 1614 a
1396 1549 1663 1614 Christo
1707 1550 2185 1626 commendata,
2244 1570 2362 1632 per

407 1636 752 1702 factionem
799 1647 869 1699 et
911 1632 1266 1699 tumultum
1315 1634 1545 1700 cedere
1593 1643 1950 1720 cogeretur.

580 1719 717 1787 Sed
760 1729 836 1784 ut
879 1719 963 1785 ad
1004 1720 1383 1785 institutum
1422 1720 1785 1798 redeamus,
1826 1729 2052 1786 nostra
2092 1719 2363 1800 insuper

412 1804 732 1873 eiusmodi
794 1805 1191 1884 hortatione,
1247 1805 1575 1871 Dominus
1627 1815 1781 1872 ante
1836 1815 2091 1871 vestras
2134 1805 2362 1869 literas

411 1894 505 1959 sic
562 1891 872 1957 affecerat
935 1891 1283 1957 universae
1346 1891 1555 1975 plebis
1620 1893 1902 1966 animos,
1969 1899 2043 1955 ut
2106 1909 2363 1956 summo

411 1998 738 2044 consensu
803 1998 956 2042 cum
1021 1978 1311 2042 maxima
1372 1979 1643 2042 caritate
1707 1985 1776 2042 et
1837 1976 2093 2059 pietatis
2150 1975 2364 2040 studio

411 2084 616 2132 coena
657 2061 950 2140 Domini,
994 2069 1185 2127 extra
1226 2062 1520 2127 ordinem
1557 2072 1624 2127 et
1657 2069 1953 2145 tempora
1986 2062 2363 2137 constituta,

412 2170 547 2217 non
614 2148 826 2213 solum
891 2149 964 2212 in
1026 2148 1152 2213 hac
1205 2148 1395 2226 urbe,
1453 2147 1569 2213 sed
1621 2149 1693 2212 in
1747 2157 1885 2213 tota
1938 2148 2139 2213 etiam
2193 2147 2365 2211 Neo·

413 2234 704 2304 comensi
756 2234 1023 2317 regione
1077 2232 1294 2315 palam
1347 2232 1674 2299 celebrata
1727 2234 1940 2298 fuerit.
2030 2232 2219 2314 Quae
2262 2254 2367 2298 res

458 2322 703 2386 refecto
745 2340 880 2384 non
921 2339 1158 2401 parum
1204 2318 1657 2384 consolationis
1698 2329 1766 2385 et
1806 2317 1890 2383 ad
1945 2339 2212 2385 oausam
2254 2316 2368 2382 ad-

412 2406 693 2473 iumenti
738 2403 923 2470 nobis
967 2404 1207 2482 attulit,
1254 2415 1599 2487 propterea
1642 2402 1814 2488 quod
1854 2404 2162 2488 permulti
2213 2404 2367 2468 sim-

416 2492 625 2578 plices
682 2499 749 2555 et
803 2490 981 2555 illius
1038 2490 1367 2554 satanicae
1419 2490 1669 2555 fraudis
1720 2491 1937 2574 ignari
1994 2489 2136 2573 (qui
2180 2488 2369 2553 initio

416 2578 501 2645 ab
545 2578 707 2661 ipsis
745 2575 1116 2658 tragoediae
1152 2576 1488 2641 autoribus
1533 2577 1745 2659 specie
1789 2576 2085 2640 veritatis
2121 2574 2370 2640 seducti

415 2686 495 2731 ac
539 2661 879 2744 depravati
923 2661 1209 2738 fuerant)
1254 2681 1329 2726 eo
1374 2671 1664 2744 tempore
1705 2662 2160 2744 resipiscerent
2193 2681 2370 2725 erro-

416 2767 686 2831 remque
742 2755 808 2811 et
868 2746 1128 2828 culpam
1186 2747 1569 2813 faterentur.
1678 2746 1787 2811 Ita
1841 2748 2085 2812 factum
2141 2754 2244 2811 est
2296 2751 2371 2810 ut

416 2854 618 2902 causa
657 2833 818 2916 ipsa,
868 2853 1032 2914 quae
1069 2852 1268 2914 prope
1305 2831 1642 2915 deplorata
1674 2832 2035 2910 videbatur,
2078 2830 2369 2896 melioris

415 2939 759 2988 successus
802 2938 982 3000 spem
1028 2927 1096 2982 et
1129 2927 1590 3001 argumentum
1626 2918 1697 2981 in
1733 2925 2069 3001 posterum
2104 2925 2367 2999 tempus

415 3003 811 3073 ostenderet.
900 3003 1174 3084 Iamque
1217 3023 1335 3085 per
1376 3003 1505 3068 Dei
1548 3006 1826 3087 gratiam
1884 3012 1951 3067 et
2006 3003 2367 3068 ferventius

415 3104 488 3159 et
530 3090 780 3155 maiore
834 3089 1201 3171 frequentia
1253 3089 1531 3171 populus
1585 3088 1669 3154 ad
1722 3087 2124 3154 auditionem
2185 3087 2368 3154 verbi

415 3175 848 3245 concurrebat
888 3174 1227 3257 indiesque
1269 3175 1364 3238 rei
1404 3193 1740 3239 successus
1800 3173 2187 3258 augebatur:
2244 3195 2367 3240 nec

414 3263 632 3330 solum
678 3281 762 3326 ex
804 3262 946 3343 ipsa
987 3257 1487 3342 praedicatione,
1534 3258 1649 3324 sed
1691 3260 1863 3342 quod
1907 3259 2104 3324 etiam
2148 3268 2368 3342 pastor

413 3350 560 3433 ipse
638 3345 1179 3431 vigilantissimus
1240 3344 1532 3428 singulos
1603 3354 2016 3429 aegrotantes
2079 3343 2367 3426 quotidie

415 3435 755 3508 inviseret,
805 3439 877 3496 ut
920 3451 1029 3495 eos
1072 3452 1221 3497 cum
1266 3431 1446 3495 omni
1491 3430 1704 3497 officio
1763 3441 1829 3495 et
1885 3431 2154 3494 caritate
2200 3430 2366 3495 sola-

415 3529 622 3588 retur.
712 3519 868 3582 Huc
910 3515 1257 3582 accedebat
1310 3514 1482 3598 quod
1526 3517 1713 3580 iuxta
1755 3515 2002 3581 Christi
2059 3535 2368 3597 praecep-

417 3614 584 3682 tum,
628 3613 703 3668 ut
729 3603 1002 3685 quisque
1046 3603 1233 3666 fratri
1279 3610 1501 3668 nostro
1538 3602 1843 3666 inimicus
1868 3608 2009 3664 erat
2031 3601 2367 3665 acerbissi-

416 3711 591 3768 mus,
636 3691 730 3753 ita
771 3688 881 3753 hic
923 3687 1109 3752 illum
1165 3688 1457 3752 maxima
1512 3686 1974 3752 benevolentia
2022 3705 2369 3767 proseque-

415 3777 632 3854 batur,
679 3771 1106 3856 studebatque
1151 3772 1450 3856 plurimis
1493 3773 1750 3838 afficere
1795 3770 2141 3848 beneficiis,
2184 3792 2369 3853 prae-

417 3862 652 3930 sertim
707 3859 822 3923 ubi
878 3856 958 3923 de
1004 3857 1219 3941 aliquo
1263 3859 1431 3923 bene
1474 3855 1768 3922 merendi
1811 3857 2213 3923 occasionem
2259 3865 2374 3920 aut

414 3946 689 4014 morbus
746 3944 1063 4009 offerebat
1116 3953 1231 4007 aut
1287 3943 1414 4008 alia
1470 3943 1737 4026 quaevis
1793 3942 2165 4008 necessitas.
2266 3942 2373 4007 Ita

416 4033 621 4100 fiebat
654 4041 731 4095 ut
767 4029 1121 4094 adiuvante
1159 4029 1443 4093 Domino
1478 4030 1619 4094 Deo
1656 4028 1969 4111 paulatim
2006 4026 2372 4092 molliretur

419 4120 793 4184 animorum
837 4114 1092 4190 ferocia,
1139 4115 1533 4196 omninoque
1588 4114 1668 4178 ad
1727 4134 2052 4178 summam
2104 4134 2369 4179 concor-

420 4204 598 4269 diam
640 4222 748 4266 res
790 4200 935 4283 ipsa
978 4199 1298 4263 inclinare
1343 4199 1694 4264 videretur.

596 4288 689 4352 Et
731 4307 836 4351 res
878 4285 1140 4368 quidem
1184 4285 1320 4349 fere
1360 4285 1454 4348 ita
1511 4307 1580 4348 se
1640 4283 2008 4349 habuerant
2063 4292 2198 4347 toto
2257 4282 2370 4348 illo

422 4374 634 4460 spatio
693 4372 974 4436 duorum
1025 4371 1382 4448 mensium,
1453 4370 1687 4451 quibus
1746 4371 1853 4452 (ut
1906 4368 1988 4432 ad
2043 4389 2163 4434 vos
2220 4377 2371 4433 ante

421 4456 924 4542 scripseramus)
981 4478 1064 4521 ex
1118 4455 1655 4539 pronunciatione
1698 4453 2137 4519 Beruensium
2191 4454 2371 4537 lega-

421 4552 644 4612 torum
668 4564 985 4626 suspensa
1007 4542 1222 4606 fuerat
1244 4541 1403 4606 haec
1439 4541 1585 4625 ipsa
1613 4539 2073 4605 controversia.
2145 4537 2370 4616 Quum

424 4641 648 4698 autem
715 4630 855 4694 eius
925 4627 1232 4709 temporis
1298 4628 1514 4693 exitus
1577 4625 1872 4702 instaret,
1938 4644 2084 4691 ecce
2148 4633 2370 4689 noster

421 4718 701 4783 nuncius
734 4713 1147 4780 commodum
1183 4734 1223 4778 a
1257 4714 1444 4778 vobis
1478 4733 1781 4776 reversus
1800 4713 1858 4795 ⁸)
1893 4717 2151 4793 praesto
2184 4708 2372 4775 nobis

421 4803 550 4869 fuit
590 4822 744 4867 cum
790 4798 1027 4867 vestris
1070 4798 1280 4865 literis
1322 4807 1389 4863 et
1431 4799 1511 4863 iis
1556 4818 1716 4881 quas
1760 4818 1800 4861 a
1841 4806 2064 4862 vestra
2107 4796 2372 4862 civitate

422 4887 684 4973 publice
729 4882 1107 4953 scribendas
1145 4891 1369 4949 vestra
1412 4882 1751 4967 diligentia
1791 4891 2149 4948 curaverat.
2225 4881 2372 4946 Hae

426 4994 632 5058 quum
704 4970 995 5037 redditae
1061 4978 1312 5049 essent,
1377 4969 1792 5054 magistratui
1854 4969 2074 5035 visum
2138 4976 2237 5032 est
2299 4977 2374 5032 ut

629 5261 691 5327 3)
727 5260 1036 5332 Eynardus
1071 5260 1285 5316 Pichon
1319 5261 1644 5317 Neocomm
1677 5259 1842 5315 rediit
1873 5274 2053 5314 mense
2067 5257 2374 5323 Novembres,

429 5338 567 5388 mter
601 5331 746 5386 Idus
777 5337 831 5387 et
867 5330 1154 5386 Calendas.

2071 420 2233 482 1542
2275 416 2743 485 FEBRUAR.

4288 430 4421 497 374

2456 606 2635 670 intra
2677 624 2918 689 paucos
2961 605 3101 673 dies
3157 614 3429 691 uterque
3485 616 3751 676 senatus
3809 618 4169 695 cogeretur.
4261 612 4413 695 Quo

2457 699 2685 756 tamen
2738 690 2843 756 die
2899 699 3162 758 coaetus
3206 701 3307 759 est
3349 693 3434 759 ob
3477 705 3858 761 senatorum
3899 698 4414 781 infrequentiam

2460 776 2541 841 de
2584 796 2784 843 causa
2824 777 2995 841 nihil
3039 786 3256 843 actum
3301 779 3459 844 fuit:
3505 788 3769 846 tantum
3813 780 4147 848 decretum
4193 793 4293 850 est
4335 793 4414 851 ut

2502 862 2757 927 roximo
2801 862 2907 928 die
2951 862 3347 929 christianae
3389 867 3755 932 vacationis
3778 867 3836 949 ⁴)
3896 876 4160 934 senatus
4205 891 4412 954 popu-

2484 968 2693 1030 usque
2736 947 3087 1015 universus
3130 950 3523 1015 conveniret.
3607 952 3872 1018 Interea
3913 975 4071 1019 vero
4112 955 4413 1021 Bernen-

2461 1053 2567 1098 ses
2611 1034 2704 1098 sic
2748 1034 2966 1100 affecti
3011 1035 3274 1100 fuerant
3308 1036 3391 1101 iis
3422 1036 3631 1102 literis
3667 1058 3827 1120 quas
3850 1061 3890 1104 a
3924 1050 4142 1106 vestro
4177 1049 4411 1108 senatu

2461 1127 2847 1200 acceperant
2903 1127 2979 1183 ut
3017 1120 3217 1186 misso
3272 1120 3613 1187 tabellario
3672 1142 3820 1187 cum
3872 1124 4082 1190 literis
4136 1125 4410 1208 publicis

2464 1203 2793 1269 Far-ellum
2845 1213 3143 1270 nostrum
3198 1206 3496 1273 celeriter
3552 1209 4031 1276 accersiverint.
4050 1212 4110 1294 ⁵)
4206 1211 4414 1280 Cuius

2462 1290 2859 1372 gravissima
2910 1292 3199 1356 oratione
3253 1292 3327 1356 in
3385 1301 3621 1358 senatu
3694 1293 3919 1360 audita
3972 1296 4281 1362 continuo
4338 1298 4414 1363 in

2463 1376 2638 1442 hano
2673 1373 2904 1440 urbem
2941 1376 3355 1443 tabellarium
3388 1379 3736 1444 remittunt
3769 1402 3921 1446 cum
3948 1380 4155 1447 literis
4176 1383 4414 1465 quibus

2463 1462 2755 1545 apertius
2798 1461 3250 1545 explicabatur
3293 1465 3620 1529 sententia
3668 1466 3808 1531 eius
3851 1467 4413 1550 pronunciationis

2464 1546 2546 1611 de
2590 1567 2720 1630 qua
2762 1568 2962 1630 supra
3003 1549 3401 1615 mentionem
3445 1551 3734 1616 fecimus.
3823 1550 4194 1618 Audierant
4236 1553 4416 1618 enim

2463 1630 2636 1698 male
2678 1634 3179 1715 interpretatam
3222 1635 3421 1701 fuisse
3465 1656 3505 1700 a
3547 1638 3790 1703 nostris
3847 1636 4259 1716 adversariis,
4300 1639 4415 1720 qui

2464 1719 2560 1783 ita
2604 1716 2906 1783 dicebant
2945 1721 3447 1800 pronunciatum
3491 1741 3632 1787 esse
3667 1731 3742 1788 ut
3771 1723 3856 1789 iis
3893 1724 4144 1790 duobus
4165 1723 4416 1789 exactis

2465 1802 2804 1869 mensibus
2868 1803 2977 1869 hic
3039 1813 3264 1870 noster
3325 1807 3590 1888 pacifice
3643 1816 3708 1872 et
3764 1810 3907 1874 sine
3961 1808 4099 1873 ulla
4154 1817 4415 1876 contro·

2466 1890 2683 1954 versia
2725 1888 3075 1955 ministerii
3109 1890 3513 1974 provinciam
3556 1891 3883 1958 duntaxat
3914 1895 3984 1957 in
4006 1894 4131 1959 hac
4151 1894 4417 1960 civitate

2468 1974 2881 2056 depositurus
2924 1983 3112 2041 esset.
3186 1977 3373 2042 Haec
3415 1977 3619 2061 igitur
3656 1978 3781 2043 fuit
3814 2000 4042 2043 earum
4077 1979 4422 2045 literarum

2468 2080 2755 2126 summa:
2804 2059 3144 2144 Quidquid
3179 2062 3458 2127 antehae
3493 2062 3573 2127 de
3609 2084 3803 2128 causa
3826 2064 4073 2130 Furens·
4104 2085 4146 2129 a
4177 2065 4420 2130 nostris
4487 2139 4491 2143 ,

2468 2144 2705 2228 legatis
2740 2147 3244 2228 pronunciatum
3301 2156 3402 2212 est
3453 2155 3722 2213 senatus
3770 2170 3846 2214 eo
3900 2146 4161 2214 demum
4217 2151 4421 2233 perti-

2469 2251 2629 2295 nere
2681 2230 2892 2296 voluit
2937 2241 3011 2297 ut
3067 2252 3378 2317 praesens
3433 2233 3661 2318 populi
3720 2234 3903 2298 furor
3967 2255 4041 2299 ac
4094 2235 4423 2300 tumultus

2470 2325 3020 2399 compesceretur,
3074 2327 3269 2401 atque
3324 2318 3577 2383 interea
3631 2319 3907 2401 populus
3961 2319 4121 2401 ipse,
4181 2320 4234 2384 si
4279 2320 4423 2384 fieri

2474 2411 2709 2484 posset,
2755 2421 2903 2467 oum
2948 2409 3208 2485 pastore
3252 2424 3370 2468 suo
3413 2404 3659 2469 rediret
3713 2406 3784 2469 in
3837 2406 4137 2488 gratiam.
4227 2402 4424 2485 Quod

2471 2494 2791 2571 superest,
2836 2499 3214 2571 pergratum
3258 2488 3448 2553 nobis
3491 2490 3775 2556 feceritis
3817 2491 3875 2554 si
3929 2490 4313 2556 concordiae
4357 2495 4425 2553 et

2470 2572 2728 2655 publico
2773 2572 3192 2639 ecclesiarum
3216 2574 3386 2640 bono
3407 2577 3822 2641 consulentes
3843 2575 4182 2640 retineatis
4203 2576 4426 2658 ipsum

2471 2656 2660 2722 illum
2702 2666 3028 2741 pastorem
3072 2667 3366 2725 vestrum
3401 2668 3466 2725 et
3488 2663 3868 2726 confirmato
3890 2662 4035 2726 eius
4060 2659 4424 2726 ministerio

2474 2741 2780 2826 deinceps
2830 2764 2983 2809 cum
3038 2743 3152 2810 illo
3204 2745 3447 2811 vivatis
3501 2748 3859 2812 unanimes.
3945 2747 4087 2811 Eae
4125 2746 4427 2811 Bernen-

2473 2830 2644 2893 sium
2688 2828 2917 2893 literae
2960 2830 3039 2895 ab
3086 2830 3402 2895 universa
3442 2832 3578 2896 fere
3616 2832 3922 2898 concione
3978 2832 4253 2897 mirifico
4309 2853 4425 2915 ap-

2472 2913 2712 2997 plausu
2755 2914 3065 2996 probatae
3109 2924 3282 2980 sunt.
3358 2915 3594 2981 Censet
3634 2916 3912 3000 populus
3957 2940 4039 2982 ex
4083 2917 4427 2983 literarum

2473 3000 2804 3065 sententia
2863 3009 3189 3081 pastorem
3251 3002 3324 3065 in
3389 3021 3507 3066 suo
3574 3003 3937 3068 ministerio
4002 3001 4428 3068 retinendum

2472 3084 3118 3168 confirmandumque
3159 3087 3229 3150 iu
3272 3094 3678 3171 perpetuum.
3765 3089 4120 3154 Praeterea
4171 3110 4255 3153 ex
4309 3108 4427 3171 po-

2470 3171 2610 3254 puli
2654 3191 2977 3237 consensu
3021 3193 3097 3237 ac
3139 3172 3470 3256 suffragiis
3514 3172 3807 3238 decernit
3848 3182 4114 3239 senatus
4157 3181 4226 3238 et
4267 3193 4426 3256 qua-

2471 3266 2623 3321 tuor
2678 3256 2979 3322 consules
3036 3265 3110 3321 ut
3161 3258 3232 3321 in
3290 3256 3565 3324 eandem
3626 3259 4021 3324 sententiam
4082 3257 4166 3323 ad
4206 3259 4289 3323 D.
4335 3259 4421 3324 D.

2470 3343 2850 3408 Beruenses
2892 3343 3304 3408 rescribatur.
3395 3342 3661 3408 Literae
3716 3346 3785 3409 in
3840 3344 4210 3427 praesentia
4267 3343 4428 3409 sori-

2471 3428 2736 3503 buntur,
2780 3425 3224 3511 obsignantur,
3268 3428 3606 3494 tabellario
3641 3431 3866 3495 statim
3901 3429 4158 3494 dantur.
4220 3428 4431 3494 Pauci

2471 3513 2653 3577 fuere
2698 3533 2783 3576 ex
2827 3511 3104 3578 adversa
3146 3519 3335 3595 parte
3377 3514 3487 3596 qui
3531 3516 3933 3597 praefectum
3953 3517 4010 3594 6)
4054 3514 4429 3598 provinciae

2473 3607 2635 3662 tunc
2679 3598 3014 3662 absentem
3059 3619 3175 3662 exs
3258 3597 3567 3664 ctandum
3617 3621 3759 3666 esse
3802 3599 4110 3677 dicerent,
4156 3618 4430 3681 eamque

2474 3682 2967 3764 rescriptionem
3010 3683 3082 3746 in
3128 3620 3485 3748 agentum
3529 3686 3670 3750 eius
3714 3685 4173 3762 differendam,
4235 3704 4352 3767 pro
4399 3717 4430 3733 -

2476 3775 2657 3832 terea
2712 3767 2884 3850 quod
2942 3768 3083 3851 ipse
3140 3789 3291 3834 cum
3359 3768 3594 3852 legatis
3658 3770 4106 3836 Beruensibus
4173 3769 4253 3834 de
4316 3769 4361 3831 il
4389 3789 4431 3833 a

2476 3853 2758 3917 duorum
2821 3853 3149 3918 mensium
3205 3853 3519 3920 dilatione
3585 3857 4098 3937 pronunciasset.
4203 3853 4433 3933 Quum

2472 3938 2678 4022 igitur
2719 3937 2815 4002 illi
2859 3938 3049 4021 pauci
3093 3960 3134 4004 a
3174 3941 3505 4004 communi
3550 3941 3879 4006 sententia
3918 3940 4337 4015 dissiderent,
4393 3959 4432 4005 e

2471 4025 2659 4089 curia
2721 4031 2984 4108 praeter
3045 4024 3454 4090 voluntatem
3507 4025 3930 4108 magistratus
3987 4031 4429 4092 excesserunt.

2472 4109 2643 4173 Inde
2695 4110 2939 4176 factum
2993 4116 3096 4174 est
3146 4118 3220 4174 ut
3276 4117 3501 4192 postea
3558 4112 3742 4176 varia
3795 4112 4058 4194 quidem
4094 4110 4208 4176 sed
4256 4109 4431 4175 levia

2476 4192 2746 4265 dissidia
2789 4196 3207 4273 emerserint,
3266 4202 3335 4260 et
3386 4197 3733 4262 concordia
3774 4197 3908 4274 illa,
3967 4196 4262 4280 quamvis
4303 4215 4426 4278 pu-

2474 4281 2642 4347 blice
2707 4282 3000 4348 confecta
3055 4291 3255 4357 esset,
3319 4281 3586 4346 turbata
3636 4284 3839 4348 fuerit
3895 4302 4019 4347 nec
4073 4282 4232 4346 satis
4283 4288 4432 4346 rata

2473 4368 2795 4449 firmaque
2862 4367 3148 4450 potuerit
3213 4386 3612 4449 permanere.
3713 4369 3950 4452 Itaque
4014 4367 4109 4430 rei
4172 4384 4432 4431 summa

2473 4453 2715 4516 iterum
2779 4453 2851 4516 in
2916 4452 3190 4535 longum
3254 4459 3518 4535 tempus
3585 4463 3917 4536 protracta
3980 4458 4096 4517 est.
4207 4451 4433 4517 Nostri

2476 4545 2695 4601 tamen
2744 4557 2843 4626 ,ex
2913 4558 2989 4602 eo
3055 4544 3347 4620 tempore
3403 4545 3472 4602 et
3533 4560 3807 4604 numero
3872 4548 3939 4603 et
4002 4557 4433 4620 personarum

2476 4622 2830 4688 autoritate
2921 4623 3117 4708 longe
3204 4624 3574 4706 superiores
3662 4645 3918 4707 semper
4015 4623 4429 4689 exstiterunt.

2476 4706 2658 4789 Quid
2701 4708 2918 4774 verbis
2977 4708 3184 4791 opus?
3274 4709 3418 4774 Nisi
3463 4709 3576 4773 ille
3626 4709 3925 4776 rediisset
3963 4711 4074 4792 qui
4119 4731 4158 4773 a
4200 4709 4432 4792 primo,

2475 4793 2631 4858 licet
2694 4793 2974 4872 occulte,
3038 4794 3176 4859 dux
3232 4804 3300 4860 et
3357 4802 3548 4860 autor
3602 4795 3816 4861 fuerat
3871 4796 4071 4861 huius
4110 4792 4430 4870 factionis,

2474 4880 2610 4944 iam
2653 4899 2730 4945 eo
2776 4887 3047 4944 ventum
3085 4888 3228 4946 erat
3271 4889 3347 4945 ut
3390 4887 3531 4946 tota
3574 4880 3890 4947 dissensio
3930 4883 4135 4946 ferme
4179 4878 4434 4963 sepulta

2682 5117 2837 5199 4121.
2871 5117 2958 5173 27.
2998 5119 3289 5175 Novembr.
3324 5126 3387 5175 ut
3421 5121 3604 5189 sollio-⁸⁸
3627 5125 3808 5189 potest
3852 5135 3920 5174 ex
3964 5135 4048 5187 ep.
4072 5116 4290 5173 Far-elli
4320 5118 4437 5176 Gal.

2479 5187 2616 5245 Dm
2654 5193 2932 5318 ⁸33³er
2964 5255 3177 5311 ibidem

2685 5323 2746 5391 6)
2789 5324 2917 5381 Geo.
2952 5325 3020 5379 de
3057 5324 3229 5381 Rives
3266 5323 3353 5380 ὃν.
3390 5323 3456 5379 de
3494 5322 3793 5395 Pranqins.

3921 5407 4022 5463 24*
