<?xml version="1.0" encoding="UTF-8"?>
<!DOCTYPE html PUBLIC "-//W3C//DTD XHTML 1.0 Transitional//EN"
    "http://www.w3.org/TR/xhtml1/DTD/xhtml1-transitional.dtd">
<html xmlns="http://www.w3.org/1999/xhtml" xml:lang="en" lang="en">
 <head>
  <title>
</title>
<meta http-equiv="Content-Type" content="text/html;charset=utf-8" />
  <meta name='ocr-system' content='tesseract 3.04.00' />
  <meta name='ocr-capabilities' content='ocr_page ocr_carea ocr_par ocr_line ocrx_word'/>
</head>
<body>
  <div class='ocr_page' id='page_1' title='image "./ioanniscalvinio13unkngoog_0115.png"; bbox 0 0 5050 6167; ppageno 0'>
   <div class='ocr_carea' id='block_1_1' title="bbox 430 454 553 517">
    <p class='ocr_par' dir='ltr' id='par_1_1' title="bbox 430 454 553 517">
     <span class='ocr_line' id='line_1_1' title="bbox 430 454 553 517; baseline -0.016 0"><span class='ocrx_word' id='word_1_1' title='bbox 430 454 553 517; x_wconf 84' lang='lat'><strong>205</strong></span> 
     </span>
    </p>
   </div>
   <div class='ocr_carea' id='block_1_2' title="bbox 626 640 2164 709">
    <p class='ocr_par' dir='ltr' id='par_1_2' title="bbox 626 640 2164 709">
     <span class='ocr_line' id='line_1_2' title="bbox 626 640 2164 709; baseline 0 -2"><span class='ocrx_word' id='word_1_2' title='bbox 626 640 982 707; x_wconf 82' lang='lat' dir='ltr'><strong>Guilielmo</strong></span> <span class='ocrx_word' id='word_1_3' title='bbox 1022 641 1288 708; x_wconf 81' lang='lat' dir='ltr'><strong>Farello</strong></span> <span class='ocrx_word' id='word_1_4' title='bbox 1329 643 1518 707; x_wconf 77' lang='lat' dir='ltr'><strong>fratri</strong></span> <span class='ocrx_word' id='word_1_5' title='bbox 1558 663 1705 708; x_wconf 90' lang='lat' dir='ltr'><strong>meo</strong></span> <span class='ocrx_word' id='word_1_6' title='bbox 1746 642 2164 709; x_wconf 83' lang='lat' dir='ltr'><strong>observando.</strong></span> 
     </span>
    </p>
   </div>
   <div class='ocr_carea' id='block_1_3' title="bbox 420 775 2373 1805">
    <p class='ocr_par' dir='ltr' id='par_1_3' title="bbox 420 775 2373 1634">
     <span class='ocr_line' id='line_1_3' title="bbox 599 775 2373 863; baseline 0 -20"><span class='ocrx_word' id='word_1_7' title='bbox 599 775 670 844; x_wconf 81' lang='lat' dir='ltr'><strong>S.</strong></span> <span class='ocrx_word' id='word_1_8' title='bbox 715 777 880 863; x_wconf 85' lang='lat' dir='ltr'><strong>Ego,</strong></span> <span class='ocrx_word' id='word_1_9' title='bbox 925 788 1001 843; x_wconf 87' lang='lat' dir='ltr'><strong>ut</strong></span> <span class='ocrx_word' id='word_1_10' title='bbox 1043 778 1349 857; x_wconf 87' lang='lat' dir='ltr'><strong>iusseras,</strong></span> <span class='ocrx_word' id='word_1_11' title='bbox 1404 777 1755 862; x_wconf 76' lang='lat' dir='ltr'><strong>diligenter</strong></span> <span class='ocrx_word' id='word_1_12' title='bbox 1810 801 1958 845; x_wconf 90' lang='lat' dir='ltr'><strong>sum</strong></span> <span class='ocrx_word' id='word_1_13' title='bbox 2006 779 2373 861; x_wconf 76' lang='lat' dir='ltr'><strong>Grynaeum</strong></span> 
     </span>
     <span class='ocr_line' id='line_1_4' title="bbox 428 861 2372 947; baseline -0.001 -19"><span class='ocrx_word' id='word_1_14' title='bbox 428 861 833 943; x_wconf 75' lang='lat' dir='ltr'><strong>adhortatus,</strong></span> <span class='ocrx_word' id='word_1_15' title='bbox 893 875 969 928; x_wconf 88' lang='lat' dir='ltr'><strong>ut</strong></span> <span class='ocrx_word' id='word_1_16' title='bbox 1011 863 1085 929; x_wconf 92' lang='lat' dir='ltr'><strong>in</strong></span> <span class='ocrx_word' id='word_1_17' title='bbox 1128 864 1251 930; x_wconf 91' lang='lat' dir='ltr'><strong>hoc</strong></span> <span class='ocrx_word' id='word_1_18' title='bbox 1296 884 1622 929; x_wconf 92' lang='lat' dir='ltr'><strong>summam</strong></span> <span class='ocrx_word' id='word_1_19' title='bbox 1675 874 1876 931; x_wconf 88' lang='lat' dir='ltr'><strong>navet</strong></span> <span class='ocrx_word' id='word_1_20' title='bbox 1927 885 2194 947; x_wconf 80' lang='lat' dir='ltr'><strong>operam</strong></span> <span class='ocrx_word' id='word_1_21' title='bbox 2247 884 2372 946; x_wconf 92' lang='lat' dir='ltr'><strong>quo</strong></span> 
     </span>
     <span class='ocr_line' id='line_1_5' title="bbox 426 948 2373 1034; baseline -0.001 -19"><span class='ocrx_word' id='word_1_22' title='bbox 426 950 804 1015; x_wconf 87' lang='lat' dir='ltr'><strong>carissimus</strong></span> <span class='ocrx_word' id='word_1_23' title='bbox 878 949 1086 1015; x_wconf 84' lang='lat' dir='ltr'><strong>frater</strong></span> <span class='ocrx_word' id='word_1_24' title='bbox 1163 959 1385 1015; x_wconf 85' lang='lat' dir='ltr'><strong>noster</strong></span> <span class='ocrx_word' id='word_1_25' title='bbox 1452 948 1751 1016; x_wconf 76' lang='lat' dir='ltr'><strong>Calvinus</strong></span> <span class='ocrx_word' id='word_1_26' title='bbox 1824 951 2037 1034; x_wconf 89' lang='lat' dir='ltr'><strong>primo</strong></span> <span class='ocrx_word' id='word_1_27' title='bbox 2119 970 2373 1032; x_wconf 90' lang='lat' dir='ltr'><strong>quoque</strong></span> 
     </span>
     <span class='ocr_line' id='line_1_6' title="bbox 426 1034 2371 1118; baseline -0.001 -19"><span class='ocrx_word' id='word_1_28' title='bbox 426 1042 716 1118; x_wconf 90' lang='lat' dir='ltr'><strong>tempore</strong></span> <span class='ocrx_word' id='word_1_29' title='bbox 771 1034 1115 1101; x_wconf 81' lang='lat' dir='ltr'><strong>Genevam</strong></span> <span class='ocrx_word' id='word_1_30' title='bbox 1169 1036 1558 1101; x_wconf 81' lang='lat' dir='ltr'><strong>remittatur.</strong></span> <span class='ocrx_word' id='word_1_31' title='bbox 1658 1035 1809 1117; x_wconf 79' lang='lat' dir='ltr'><strong>Qua</strong></span> <span class='ocrx_word' id='word_1_32' title='bbox 1858 1035 1939 1101; x_wconf 93' lang='lat' dir='ltr'><strong>de</strong></span> <span class='ocrx_word' id='word_1_33' title='bbox 1991 1056 2064 1101; x_wconf 88' lang='lat' dir='ltr'><strong>re</strong></span> <span class='ocrx_word' id='word_1_34' title='bbox 2119 1044 2371 1100; x_wconf 87' lang='lat' dir='ltr'><strong>certum</strong></span> 
     </span>
     <span class='ocr_line' id='line_1_7' title="bbox 425 1121 2369 1205; baseline 0 -20"><span class='ocrx_word' id='word_1_35' title='bbox 425 1128 525 1186; x_wconf 91' lang='lat' dir='ltr'><strong>est</strong></span> <span class='ocrx_word' id='word_1_36' title='bbox 566 1121 917 1204; x_wconf 74' lang='lat' dir='ltr'><strong>Tigurinos</strong></span> <span class='ocrx_word' id='word_1_37' title='bbox 964 1129 1032 1186; x_wconf 91' lang='lat' dir='ltr'><strong>et</strong></span> <span class='ocrx_word' id='word_1_38' title='bbox 1072 1121 1468 1187; x_wconf 85' lang='lat' dir='ltr'><strong>Basilienses</strong></span> <span class='ocrx_word' id='word_1_39' title='bbox 1510 1141 1640 1186; x_wconf 92' lang='lat' dir='ltr'><strong>non</strong></span> <span class='ocrx_word' id='word_1_40' title='bbox 1683 1122 1882 1187; x_wconf 89' lang='lat' dir='ltr'><strong>semel</strong></span> <span class='ocrx_word' id='word_1_41' title='bbox 1925 1121 2369 1205; x_wconf 85' lang='lat' dir='ltr'><strong>Argentinen-</strong></span> 
     </span>
     <span class='ocr_line' id='line_1_8' title="bbox 425 1204 2370 1290; baseline 0.001 -20"><span class='ocrx_word' id='word_1_42' title='bbox 425 1207 603 1272; x_wconf 85' lang='lat' dir='ltr'><strong>sibus</strong></span> <span class='ocrx_word' id='word_1_43' title='bbox 686 1204 1162 1273; x_wconf 90' lang='lat' dir='ltr'><strong>studiosissime</strong></span> <span class='ocrx_word' id='word_1_44' title='bbox 1247 1208 1585 1290; x_wconf 77' lang='lat' dir='ltr'>scripsisse</span> <span class='ocrx_word' id='word_1_45' title='bbox 1667 1207 2021 1290; x_wconf 86' lang='lat' dir='ltr'><strong>seduloque</strong></span> <span class='ocrx_word' id='word_1_46' title='bbox 2099 1207 2370 1289; x_wconf 88' lang='lat' dir='ltr'><strong>posthac</strong></span> 
     </span>
     <span class='ocr_line' id='line_1_9' title="bbox 422 1291 2370 1445; baseline 0.001 -4"><span class='ocrx_word' id='word_1_47' title='bbox 422 1292 945 1444; x_wconf 52' lang='lat' dir='ltr'><strong>ffiffpfssauiss&#39;ss&#39;sssss</strong></span> <span class='ocrx_word' id='word_1_48' title='bbox 978 1291 2370 1445; x_wconf 51' lang='grc' dir='ltr'><strong>ἓίἲιῖυέἰξθὲξῗῗ...ῗὶῗζῇῗῗοιξοέιηῗῑέἶῖἓ</strong></span> 
     </span>
     <span class='ocr_line' id='line_1_10' title="bbox 420 1429 2368 1548; baseline 0 -21"><span class='ocrx_word' id='word_1_49' title='bbox 420 1473 793 1548; x_wconf 82' lang='lat' dir='ltr'><strong>repugnent</strong></span> <span class='ocrx_word' id='word_1_50' title='bbox 851 1464 963 1547; x_wconf 92' lang='lat' dir='ltr'><strong>qui</strong></span> <span class='ocrx_word' id='word_1_51' title='bbox 1010 1463 1092 1529; x_wconf 91' lang='lat' dir='ltr'><strong>ad</strong></span> <span class='ocrx_word' id='word_1_52' title='bbox 1139 1464 1310 1530; x_wconf 88' lang='lat' dir='ltr'><strong>hanc</strong></span> <span class='ocrx_word' id='word_1_53' title='bbox 1348 1484 1487 1527; x_wconf 89' lang='lat' dir='ltr'><strong>rom</strong></span> <span class='ocrx_word' id='word_1_54' title='bbox 1531 1429 1819 1529; x_wconf 64' lang='lat' dir='ltr'><strong>ma’xime</strong></span> <span class='ocrx_word' id='word_1_55' title='bbox 1861 1463 2186 1547; x_wconf 85' lang='lat' dir='ltr'><strong>primique</strong></span> <span class='ocrx_word' id='word_1_56' title='bbox 2230 1483 2368 1527; x_wconf 92' lang='lat' dir='ltr'><strong>om-</strong></span> 
     </span>
     <span class='ocr_line' id='line_1_11' title="bbox 421 1548 1893 1634; baseline 0.001 -21"><span class='ocrx_word' id='word_1_57' title='bbox 421 1549 603 1613; x_wconf 91' lang='lat' dir='ltr'><strong>nium</strong></span> <span class='ocrx_word' id='word_1_58' title='bbox 646 1550 1021 1615; x_wconf 75' lang='lat' dir='ltr'><strong>incumbere</strong></span> <span class='ocrx_word' id='word_1_59' title='bbox 1066 1548 1380 1614; x_wconf 88' lang='lat' dir='ltr'><strong>deberent</strong></span> <span class='ocrx_word' id='word_1_60' title='bbox 1423 1599 1811 1614; x_wconf 92' lang='grc'><strong>.......</strong></span> <span class='ocrx_word' id='word_1_61' title='bbox 1845 1552 1893 1634; x_wconf 86' lang='lat'><strong>¹)</strong></span> 
     </span>
    </p>

    <p class='ocr_par' dir='ltr' id='par_1_4' title="bbox 422 1632 2368 1805">
     <span class='ocr_line' id='line_1_12' title="bbox 592 1632 2368 1720; baseline -0.002 -19"><span class='ocrx_word' id='word_1_62' title='bbox 592 1633 1090 1720; x_wconf 81' lang='lat' dir='ltr'><strong>Mombelgardi,</strong></span> <span class='ocrx_word' id='word_1_63' title='bbox 1116 1640 1216 1699; x_wconf 89' lang='grc'><strong>24.</strong></span> <span class='ocrx_word' id='word_1_64' title='bbox 1240 1634 1510 1718; x_wconf 85' lang='lat' dir='ltr'><strong>Aprilis.</strong></span> <span class='ocrx_word' id='word_1_65' title='bbox 1578 1632 1813 1700; x_wconf 79' lang='lat' dir='ltr'><strong>Saluta</strong></span> <span class='ocrx_word' id='word_1_66' title='bbox 1833 1633 1997 1699; x_wconf 90' lang='lat' dir='ltr'><strong>mihi</strong></span> <span class='ocrx_word' id='word_1_67' title='bbox 2021 1633 2368 1719; x_wconf 83' lang='lat' dir='ltr'><strong>diligenter</strong></span> 
     </span>
     <span class='ocr_line' id='line_1_13' title="bbox 422 1718 2048 1805; baseline -0.001 -20"><span class='ocrx_word' id='word_1_68' title='bbox 422 1718 673 1801; x_wconf 70' lang='lat' dir='ltr'><strong>stati-es,</strong></span> <span class='ocrx_word' id='word_1_69' title='bbox 718 1722 1022 1805; x_wconf 89' lang='lat' dir='ltr'><strong>inprimis</strong></span> <span class='ocrx_word' id='word_1_70' title='bbox 1066 1719 1506 1786; x_wconf 79' lang='lat' dir='ltr'><strong>Barbarinum</strong></span> <span class='ocrx_word' id='word_1_71' title='bbox 1549 1732 1615 1784; x_wconf 88' lang='lat' dir='ltr'><strong>et</strong></span> <span class='ocrx_word' id='word_1_72' title='bbox 1662 1721 2048 1786; x_wconf 79' lang='lat' dir='ltr'><strong>Corderium.</strong></span> 
     </span>
    </p>
   </div>
   <div class='ocr_carea' id='block_1_4' title="bbox 1621 1859 2193 1923">
    <p class='ocr_par' dir='ltr' id='par_1_5' title="bbox 1621 1859 2193 1923">
     <span class='ocr_line' id='line_1_14' title="bbox 1621 1859 2193 1923; baseline -0.002 -1"><span class='ocrx_word' id='word_1_73' title='bbox 1621 1859 1803 1923; x_wconf 76' lang='lat' dir='ltr'><strong>&#39;l&#39;uus</strong></span> <span class='ocrx_word' id='word_1_74' title='bbox 1846 1859 2193 1922; x_wconf 77' lang='lat' dir='ltr'><strong>Tessanus.</strong></span> 
     </span>
    </p>
   </div>
   <div class='ocr_carea' id='block_1_5' title="bbox 847 2303 1928 2511">
    <p class='ocr_par' dir='ltr' id='par_1_6' title="bbox 847 2303 1928 2511">
     <span class='ocr_line' id='line_1_15' title="bbox 1316 2303 1467 2374; baseline 0.013 -2"><span class='ocrx_word' id='word_1_75' title='bbox 1316 2303 1467 2374; x_wconf 74' lang='lat'><strong>3⁰4.</strong></span> 
     </span>
     <span class='ocr_line' id='line_1_16' title="bbox 847 2439 1928 2511; baseline -0.002 -3"><span class='ocrx_word' id='word_1_76' title='bbox 847 2441 1253 2511; x_wconf 74' lang='lat' dir='ltr'>VIRETUS</span> <span class='ocrx_word' id='word_1_77' title='bbox 1297 2439 1928 2509; x_wconf 84' lang='lat' dir='ltr'><strong>BULLINGERO.</strong></span> 
     </span>
    </p>
   </div>
   <div class='ocr_carea' id='block_1_6' title="bbox 404 2611 2358 2865">
    <p class='ocr_par' dir='ltr' id='par_1_7' title="bbox 404 2611 2358 2865">
     <span class='ocr_line' id='line_1_17' title="bbox 584 2611 2355 2699; baseline -0.001 -22"><span class='ocrx_word' id='word_1_78' title='bbox 584 2611 800 2679; x_wconf 66' lang='lat' dir='ltr'><strong>Enixa</strong></span> <span class='ocrx_word' id='word_1_79' title='bbox 823 2614 1259 2681; x_wconf 69' lang='lat' dir='ltr'><strong>Turiam-sium</strong></span> <span class='ocrx_word' id='word_1_80' title='bbox 1290 2615 1592 2699; x_wconf 77' lang='lat' dir='ltr'><strong>efflaqitat</strong></span> <span class='ocrx_word' id='word_1_81' title='bbox 1610 2614 1923 2698; x_wconf 69' lang='lat' dir='ltr'><strong>suffrayia</strong></span> <span class='ocrx_word' id='word_1_82' title='bbox 1944 2618 2003 2677; x_wconf 82' lang='lat' dir='ltr'><strong>et</strong></span> <span class='ocrx_word' id='word_1_83' title='bbox 2022 2611 2355 2691; x_wconf 77' lang='lat' dir='ltr'><strong>auxilium,</strong></span> 
     </span>
     <span class='ocr_line' id='line_1_18' title="bbox 412 2698 2358 2780; baseline 0 -19"><span class='ocrx_word' id='word_1_84' title='bbox 412 2701 544 2761; x_wconf 71' lang='lat' dir='ltr'><strong>tum</strong></span> <span class='ocrx_word' id='word_1_85' title='bbox 590 2718 714 2780; x_wconf 77' lang='lat' dir='ltr'><strong>pro</strong></span> <span class='ocrx_word' id='word_1_86' title='bbox 756 2700 1154 2766; x_wconf 75' lang='lat' dir='ltr'><strong>sublevandis</strong></span> <span class='ocrx_word' id='word_1_87' title='bbox 1202 2701 1417 2767; x_wconf 77' lang='lat' dir='ltr'><strong>Gallis</strong></span> <span class='ocrx_word' id='word_1_88' title='bbox 1467 2700 1889 2767; x_wconf 57' lang='lat' dir='ltr'><strong>andeli-ssime</strong></span> <span class='ocrx_word' id='word_1_89' title='bbox 1928 2698 2185 2777; x_wconf 63' lang='lat' dir='ltr'><strong>ceratia,</strong></span> <span class='ocrx_word' id='word_1_90' title='bbox 2228 2703 2358 2761; x_wconf 77' lang='lat' dir='ltr'><strong>tum</strong></span> 
     </span>
     <span class='ocr_line' id='line_1_19' title="bbox 404 2784 1767 2865; baseline 0.002 -18"><span class='ocrx_word' id='word_1_91' title='bbox 404 2802 525 2865; x_wconf 77' lang='lat' dir='ltr'><strong>pro</strong></span> <span class='ocrx_word' id='word_1_92' title='bbox 568 2784 829 2851; x_wconf 78' lang='lat' dir='ltr'><strong>Calvino</strong></span> <span class='ocrx_word' id='word_1_93' title='bbox 875 2786 1330 2852; x_wconf 76' lang='lat' dir='ltr'><strong>Genevensibus</strong></span> <span class='ocrx_word' id='word_1_94' title='bbox 1377 2786 1767 2852; x_wconf 75' lang='lat' dir='ltr'><strong>restituendo.</strong></span> 
     </span>
    </p>
   </div>
   <div class='ocr_carea' id='block_1_7' title="bbox 413 2952 2354 3093">
    <p class='ocr_par' dir='ltr' id='par_1_8' title="bbox 413 2952 2354 3093">
     <span class='ocr_line' id='line_1_20' title="bbox 413 2952 2354 3024; baseline 0.001 -17"><span class='ocrx_word' id='word_1_95' title='bbox 413 2952 524 3019; x_wconf 76' lang='lat' dir='ltr'><strong>(Ex</strong></span> <span class='ocrx_word' id='word_1_96' title='bbox 559 2954 873 3024; x_wconf 72' lang='lat' dir='ltr'><strong>apographo</strong></span> <span class='ocrx_word' id='word_1_97' title='bbox 908 2956 1106 3012; x_wconf 83' lang='lat' dir='ltr'><strong>vitioso</strong></span> <span class='ocrx_word' id='word_1_98' title='bbox 1155 2957 1313 3013; x_wconf 82' lang='lat' dir='ltr'><strong>Arcb.</strong></span> <span class='ocrx_word' id='word_1_99' title='bbox 1360 2958 1539 3014; x_wconf 80' lang='lat' dir='ltr'><strong>Turio.</strong></span> <span class='ocrx_word' id='word_1_100' title='bbox 1581 2956 1726 3010; x_wconf 88' lang='lat' dir='ltr'><strong>Plut.</strong></span> <span class='ocrx_word' id='word_1_101' title='bbox 1780 2956 1879 3011; x_wconf 82' lang='lat' dir='ltr'><strong>VI.</strong></span> <span class='ocrx_word' id='word_1_102' title='bbox 1930 2956 2035 3009; x_wconf 90' lang='lat' dir='ltr'><strong>vol.</strong></span> <span class='ocrx_word' id='word_1_103' title='bbox 2079 2952 2182 3009; x_wconf 78' lang='lat'><strong>105</strong></span> <span class='ocrx_word' id='word_1_104' title='bbox 2225 2955 2354 3009; x_wconf 88' lang='lat' dir='ltr'><strong>olim</strong></span> 
     </span>
     <span class='ocr_line' id='line_1_21' title="bbox 884 3024 1878 3093; baseline -0.001 -14"><span class='ocrx_word' id='word_1_105' title='bbox 884 3024 946 3079; x_wconf 89' lang='lat' dir='ltr'><strong>B.</strong></span> <span class='ocrx_word' id='word_1_106' title='bbox 983 3025 1024 3079; x_wconf 88' lang='lat' dir='ltr'>L</span> <span class='ocrx_word' id='word_1_107' title='bbox 1062 3027 1154 3080; x_wconf 79' lang='lat' dir='ltr'><strong>sol.</strong></span> <span class='ocrx_word' id='word_1_108' title='bbox 1189 3024 1309 3081; x_wconf 82' lang='lat'><strong>327.</strong></span> <span class='ocrx_word' id='word_1_109' title='bbox 1379 3028 1576 3081; x_wconf 82' lang='lat' dir='ltr'><strong>Simler</strong></span> <span class='ocrx_word' id='word_1_110' title='bbox 1610 3025 1727 3080; x_wconf 86' lang='lat' dir='ltr'><strong>Vol.</strong></span> <span class='ocrx_word' id='word_1_111' title='bbox 1763 3024 1878 3093; x_wconf 74' lang='lat'><strong>49.)</strong></span> 
     </span>
    </p>
   </div>
   <div class='ocr_carea' id='block_1_8' title="bbox 579 3211 2164 3367">
    <p class='ocr_par' dir='ltr' id='par_1_9' title="bbox 579 3211 2164 3367">
     <span class='ocr_line' id='line_1_22' title="bbox 579 3211 2164 3367; baseline 0.013 -91"><span class='ocrx_word' id='word_1_112' title='bbox 579 3211 662 3277; x_wconf 87' lang='lat' dir='ltr'><strong>D.</strong></span> <span class='ocrx_word' id='word_1_113' title='bbox 709 3212 1049 3281; x_wconf 87' lang='lat' dir='ltr'><strong>Henricho</strong></span> <span class='ocrx_word' id='word_1_114' title='bbox 1092 3214 1480 3302; x_wconf 89' lang='lat' dir='ltr'><strong>Bullingero</strong></span> <span class='ocrx_word' id='word_1_115' title='bbox 1530 3237 1669 3283; x_wconf 87' lang='lat' dir='ltr'><strong>suo.</strong></span> <span class='ocrx_word' id='word_1_116' title='bbox 1696 3215 1743 3303; x_wconf 86' lang='lat'><strong>¹)</strong></span> <span class='ocrx_word' id='word_1_117' title='bbox 1918 3300 2164 3367; x_wconf 57' lang='lat' dir='ltr'><strong>zurich</strong></span> 
     </span>
    </p>
   </div>
   <div class='ocr_carea' id='block_1_9' title="bbox 401 3434 2353 4813">
    <p class='ocr_par' dir='ltr' id='par_1_10' title="bbox 404 3434 2353 3868">
     <span class='ocr_line' id='line_1_23' title="bbox 576 3434 2352 3524; baseline 0.002 -22"><span class='ocrx_word' id='word_1_118' title='bbox 576 3434 648 3503; x_wconf 79' lang='lat' dir='ltr'><strong>S.</strong></span> <span class='ocrx_word' id='word_1_119' title='bbox 706 3436 946 3503; x_wconf 84' lang='lat' dir='ltr'><strong>Gratia</strong></span> <span class='ocrx_word' id='word_1_120' title='bbox 995 3447 1064 3505; x_wconf 88' lang='lat' dir='ltr'><strong>et</strong></span> <span class='ocrx_word' id='word_1_121' title='bbox 1117 3462 1267 3524; x_wconf 88' lang='lat' dir='ltr'><strong>pax.</strong></span> <span class='ocrx_word' id='word_1_122' title='bbox 1379 3438 1713 3507; x_wconf 81' lang='lat' dir='ltr'><strong>Farellum</strong></span> <span class='ocrx_word' id='word_1_123' title='bbox 1773 3439 2048 3505; x_wconf 82' lang='lat' dir='ltr'><strong>fratrem</strong></span> <span class='ocrx_word' id='word_1_124' title='bbox 2112 3439 2352 3505; x_wconf 83' lang='lat' dir='ltr'><strong>obnixe</strong></span> 
     </span>
     <span class='ocr_line' id='line_1_24' title="bbox 405 3523 2352 3611; baseline 0.002 -25"><span class='ocrx_word' id='word_1_125' title='bbox 405 3523 782 3606; x_wconf 86' lang='lat' dir='ltr'><strong>rogavimus</strong></span> <span class='ocrx_word' id='word_1_126' title='bbox 857 3533 935 3589; x_wconf 92' lang='lat' dir='ltr'><strong>ut</strong></span> <span class='ocrx_word' id='word_1_127' title='bbox 1019 3526 1231 3609; x_wconf 89' lang='lat' dir='ltr'><strong>ipsam</strong></span> <span class='ocrx_word' id='word_1_128' title='bbox 1248 3525 1307 3611; x_wconf 82' lang='lat'><strong>²)</strong></span> <span class='ocrx_word' id='word_1_129' title='bbox 1400 3525 1482 3592; x_wconf 89' lang='lat' dir='ltr'><strong>ad</strong></span> <span class='ocrx_word' id='word_1_130' title='bbox 1561 3548 1681 3593; x_wconf 87' lang='lat' dir='ltr'><strong>vos</strong></span> <span class='ocrx_word' id='word_1_131' title='bbox 1757 3526 2352 3610; x_wconf 80' lang='lat' dir='ltr'><strong>peregrinationem</strong></span> 
     </span>
     <span class='ocr_line' id='line_1_25' title="bbox 405 3609 2353 3696; baseline 0.002 -23"><span class='ocrx_word' id='word_1_132' title='bbox 405 3609 782 3692; x_wconf 90' lang='lat' dir='ltr'><strong>susciperet,</strong></span> <span class='ocrx_word' id='word_1_133' title='bbox 833 3610 1018 3678; x_wconf 87' lang='lat' dir='ltr'><strong>vobis</strong></span> <span class='ocrx_word' id='word_1_134' title='bbox 1060 3613 1338 3677; x_wconf 71' lang='lat' dir='ltr'><strong>fratrum</strong></span> <span class='ocrx_word' id='word_1_135' title='bbox 1381 3612 1495 3695; x_wconf 92' lang='lat' dir='ltr'><strong>qui</strong></span> <span class='ocrx_word' id='word_1_136' title='bbox 1535 3613 1607 3677; x_wconf 95' lang='lat' dir='ltr'><strong>in</strong></span> <span class='ocrx_word' id='word_1_137' title='bbox 1643 3612 1866 3678; x_wconf 81' lang='lat' dir='ltr'><strong>Gallia</strong></span> <span class='ocrx_word' id='word_1_138' title='bbox 1898 3611 2353 3696; x_wconf 77' lang='lat' dir='ltr'><strong>periclitantur</strong></span> 
     </span>
     <span class='ocr_line' id='line_1_26' title="bbox 404 3693 2352 3780; baseline 0.002 -21"><span class='ocrx_word' id='word_1_139' title='bbox 404 3693 739 3779; x_wconf 87' lang='lat' dir='ltr'><strong>religionis</strong></span> <span class='ocrx_word' id='word_1_140' title='bbox 758 3698 976 3780; x_wconf 88' lang='lat' dir='ltr'><strong>gratia</strong></span> <span class='ocrx_word' id='word_1_141' title='bbox 1007 3718 1082 3764; x_wconf 90' lang='lat' dir='ltr'><strong>ac</strong></span> <span class='ocrx_word' id='word_1_142' title='bbox 1105 3698 1299 3764; x_wconf 90' lang='lat' dir='ltr'><strong>simul</strong></span> <span class='ocrx_word' id='word_1_143' title='bbox 1324 3697 1737 3764; x_wconf 84' lang='lat' dir='ltr'><strong>Genevensis</strong></span> <span class='ocrx_word' id='word_1_144' title='bbox 1760 3697 2065 3764; x_wconf 87' lang='lat' dir='ltr'><strong>ecclesiae</strong></span> <span class='ocrx_word' id='word_1_145' title='bbox 2085 3717 2352 3764; x_wconf 89' lang='lat' dir='ltr'><strong>causam</strong></span> 
     </span>
     <span class='ocr_line' id='line_1_27' title="bbox 405 3781 2351 3868; baseline 0.002 -23"><span class='ocrx_word' id='word_1_146' title='bbox 405 3800 485 3845; x_wconf 91' lang='lat' dir='ltr'><strong>ex</strong></span> <span class='ocrx_word' id='word_1_147' title='bbox 571 3781 821 3848; x_wconf 89' lang='lat' dir='ltr'><strong>siturus</strong></span> <span class='ocrx_word' id='word_1_148' title='bbox 854 3782 1588 3868; x_wconf 88' lang='lat' dir='ltr'><strong>commendaturusque:</strong></span> <span class='ocrx_word' id='word_1_149' title='bbox 1624 3783 1858 3867; x_wconf 89' lang='lat' dir='ltr'><strong>quibus</strong></span> <span class='ocrx_word' id='word_1_150' title='bbox 1890 3804 2021 3866; x_wconf 90' lang='lat' dir='ltr'><strong>qua</strong></span> <span class='ocrx_word' id='word_1_151' title='bbox 2054 3783 2163 3850; x_wconf 89' lang='lat' dir='ltr'><strong>via</strong></span> <span class='ocrx_word' id='word_1_152' title='bbox 2196 3804 2351 3850; x_wconf 91' lang='lat' dir='ltr'><strong>con-</strong></span> 
     </span>
    </p>

    <p class='ocr_par' dir='ltr' id='par_1_11' title="bbox 401 3868 2353 4813">
     <span class='ocr_line' id='line_1_28' title="bbox 618 3868 2350 3954; baseline 0.001 -21"><span class='ocrx_word' id='word_1_153' title='bbox 618 3889 715 3946; x_wconf 91' lang='lat' dir='ltr'><strong>us,</strong></span> <span class='ocrx_word' id='word_1_154' title='bbox 774 3868 900 3934; x_wconf 91' lang='lat' dir='ltr'><strong>nisi</strong></span> <span class='ocrx_word' id='word_1_155' title='bbox 958 3870 1194 3935; x_wconf 82' lang='lat' dir='ltr'><strong>vestris</strong></span> <span class='ocrx_word' id='word_1_156' title='bbox 1235 3870 1443 3935; x_wconf 89' lang='lat' dir='ltr'><strong>adiuti</strong></span> <span class='ocrx_word' id='word_1_157' title='bbox 1485 3870 1805 3954; x_wconf 80' lang='lat' dir='ltr'><strong>precibus,</strong></span> <span class='ocrx_word' id='word_1_158' title='bbox 1862 3890 1899 3934; x_wconf 97' lang='lat' dir='ltr'><strong>o</strong></span> <span class='ocrx_word' id='word_1_159' title='bbox 1949 3890 2079 3947; x_wconf 88' lang='lat' dir='ltr'><strong>era,</strong></span> <span class='ocrx_word' id='word_1_160' title='bbox 2137 3869 2350 3936; x_wconf 90' lang='lat' dir='ltr'><strong>studio</strong></span> 
     </span>
     <span class='ocr_line' id='line_1_29' title="bbox 403 3951 2350 4041; baseline 0.002 -25"><span class='ocrx_word' id='word_1_161' title='bbox 403 3960 470 4016; x_wconf 88' lang='lat' dir='ltr'><strong>et</strong></span> <span class='ocrx_word' id='word_1_162' title='bbox 524 3951 893 4037; x_wconf 87' lang='lat' dir='ltr'><strong>diligentia,</strong></span> <span class='ocrx_word' id='word_1_163' title='bbox 953 3977 1085 4021; x_wconf 92' lang='lat' dir='ltr'><strong>non</strong></span> <span class='ocrx_word' id='word_1_164' title='bbox 1152 3955 1468 4022; x_wconf 83' lang='lat' dir='ltr'><strong>videmus.</strong></span> <span class='ocrx_word' id='word_1_165' title='bbox 1570 3954 1825 4036; x_wconf 79' lang='lat' dir='ltr'><strong>Quibus</strong></span> <span class='ocrx_word' id='word_1_166' title='bbox 1877 3964 2015 4021; x_wconf 78' lang='lat' dir='ltr'><strong>sint</strong></span> <span class='ocrx_word' id='word_1_167' title='bbox 2069 3956 2350 4041; x_wconf 86' lang='lat' dir='ltr'><strong>expositi</strong></span> 
     </span>
     <span class='ocr_line' id='line_1_30' title="bbox 403 4037 2352 4126; baseline 0.001 -23"><span class='ocrx_word' id='word_1_168' title='bbox 403 4037 713 4121; x_wconf 86' lang='lat' dir='ltr'><strong>periculis</strong></span> <span class='ocrx_word' id='word_1_169' title='bbox 752 4040 975 4106; x_wconf 90' lang='lat' dir='ltr'><strong>miseri</strong></span> <span class='ocrx_word' id='word_1_170' title='bbox 1009 4042 1261 4121; x_wconf 87' lang='lat' dir='ltr'><strong>fratres,</strong></span> <span class='ocrx_word' id='word_1_171' title='bbox 1307 4062 1501 4125; x_wconf 91' lang='lat' dir='ltr'><strong>quam</strong></span> <span class='ocrx_word' id='word_1_172' title='bbox 1537 4063 1735 4107; x_wconf 89' lang='lat' dir='ltr'><strong>saeva</strong></span> <span class='ocrx_word' id='word_1_173' title='bbox 1767 4042 1836 4106; x_wconf 90' lang='lat' dir='ltr'><strong>in</strong></span> <span class='ocrx_word' id='word_1_174' title='bbox 1870 4063 1980 4107; x_wconf 91' lang='lat' dir='ltr'><strong>eos</strong></span> <span class='ocrx_word' id='word_1_175' title='bbox 2015 4052 2352 4126; x_wconf 86' lang='lat' dir='ltr'><strong>grassetur</strong></span> 
     </span>
     <span class='ocr_line' id='line_1_31' title="bbox 404 4124 2353 4211; baseline 0.002 -22"><span class='ocrx_word' id='word_1_176' title='bbox 404 4124 725 4207; x_wconf 74' lang='lat' dir='ltr'><strong>tyrannis,</strong></span> <span class='ocrx_word' id='word_1_177' title='bbox 769 4145 965 4208; x_wconf 89' lang='lat' dir='ltr'><strong>quam</strong></span> <span class='ocrx_word' id='word_1_178' title='bbox 1002 4128 1220 4193; x_wconf 87' lang='lat' dir='ltr'><strong>tristes</strong></span> <span class='ocrx_word' id='word_1_179' title='bbox 1253 4129 1439 4193; x_wconf 91' lang='lat' dir='ltr'><strong>nobis</strong></span> <span class='ocrx_word' id='word_1_180' title='bbox 1474 4128 1761 4211; x_wconf 90' lang='lat' dir='ltr'><strong>quotidie</strong></span> <span class='ocrx_word' id='word_1_181' title='bbox 1796 4149 1832 4193; x_wconf 89' lang='lat' dir='ltr'><strong>e</strong></span> <span class='ocrx_word' id='word_1_182' title='bbox 1869 4126 2090 4193; x_wconf 85' lang='lat' dir='ltr'><strong>Gallia</strong></span> <span class='ocrx_word' id='word_1_183' title='bbox 2129 4127 2353 4193; x_wconf 92' lang='lat' dir='ltr'><strong>nuncii</strong></span> 
     </span>
     <span class='ocr_line' id='line_1_32' title="bbox 403 4209 2351 4297; baseline 0.002 -23"><span class='ocrx_word' id='word_1_184' title='bbox 403 4209 820 4290; x_wconf 65' lang='lat' dir='ltr'><strong>afferantur„</strong></span> <span class='ocrx_word' id='word_1_185' title='bbox 861 4210 1018 4277; x_wconf 89' lang='lat' dir='ltr'><strong>dum</strong></span> <span class='ocrx_word' id='word_1_186' title='bbox 1077 4213 1238 4280; x_wconf 90' lang='lat' dir='ltr'><strong>alios</strong></span> <span class='ocrx_word' id='word_1_187' title='bbox 1293 4213 1595 4278; x_wconf 84' lang='lat' dir='ltr'><strong>audimus</strong></span> <span class='ocrx_word' id='word_1_188' title='bbox 1655 4213 1937 4279; x_wconf 88' lang='lat' dir='ltr'><strong>lanienis</strong></span> <span class='ocrx_word' id='word_1_189' title='bbox 2000 4213 2351 4297; x_wconf 88' lang='lat' dir='ltr'><strong>impiorum</strong></span> 
     </span>
     <span class='ocr_line' id='line_1_33' title="bbox 402 4294 2352 4383; baseline 0.003 -24"><span class='ocrx_word' id='word_1_190' title='bbox 402 4294 743 4361; x_wconf 92' lang='lat' dir='ltr'><strong>hominum</strong></span> <span class='ocrx_word' id='word_1_191' title='bbox 791 4296 1164 4379; x_wconf 85' lang='lat' dir='ltr'><strong>destinatos,</strong></span> <span class='ocrx_word' id='word_1_192' title='bbox 1223 4319 1427 4383; x_wconf 84' lang='lat' dir='ltr'><strong>pagos</strong></span> <span class='ocrx_word' id='word_1_193' title='bbox 1470 4297 1860 4365; x_wconf 84' lang='lat' dir='ltr'><strong>excidendos</strong></span> <span class='ocrx_word' id='word_1_194' title='bbox 1917 4320 1994 4365; x_wconf 87' lang='lat' dir='ltr'><strong>ac</strong></span> <span class='ocrx_word' id='word_1_195' title='bbox 2050 4297 2352 4365; x_wconf 85' lang='lat' dir='ltr'><strong>funditus</strong></span> 
     </span>
     <span class='ocr_line' id='line_1_34' title="bbox 404 4381 2349 4464; baseline 0.003 -18"><span class='ocrx_word' id='word_1_196' title='bbox 404 4381 820 4461; x_wconf 88' lang='lat' dir='ltr'><strong>evertendos,</strong></span> <span class='ocrx_word' id='word_1_197' title='bbox 876 4383 1038 4450; x_wconf 88' lang='lat' dir='ltr'><strong>alios</strong></span> <span class='ocrx_word' id='word_1_198' title='bbox 1090 4386 1157 4450; x_wconf 91' lang='lat' dir='ltr'><strong>in</strong></span> <span class='ocrx_word' id='word_1_199' title='bbox 1217 4383 1482 4450; x_wconf 89' lang='lat' dir='ltr'><strong>vincula</strong></span> <span class='ocrx_word' id='word_1_200' title='bbox 1533 4385 1887 4464; x_wconf 87' lang='lat' dir='ltr'><strong>coniectos,</strong></span> <span class='ocrx_word' id='word_1_201' title='bbox 1945 4385 2108 4451; x_wconf 90' lang='lat' dir='ltr'><strong>alios</strong></span> <span class='ocrx_word' id='word_1_202' title='bbox 2160 4385 2349 4452; x_wconf 86' lang='lat' dir='ltr'><strong>vivos</strong></span> 
     </span>
     <span class='ocr_line' id='line_1_35' title="bbox 401 4466 2351 4555; baseline 0.003 -23"><span class='ocrx_word' id='word_1_203' title='bbox 401 4466 600 4533; x_wconf 79' lang='lat' dir='ltr'><strong>fuisse</strong></span> <span class='ocrx_word' id='word_1_204' title='bbox 643 4477 928 4547; x_wconf 83' lang='lat' dir='ltr'><strong>exustos,</strong></span> <span class='ocrx_word' id='word_1_205' title='bbox 973 4491 1381 4536; x_wconf 87' lang='lat' dir='ltr'><strong>recenserem</strong></span> <span class='ocrx_word' id='word_1_206' title='bbox 1424 4470 1760 4555; x_wconf 85' lang='lat' dir='ltr'><strong>prolixius,</strong></span> <span class='ocrx_word' id='word_1_207' title='bbox 1805 4472 1935 4537; x_wconf 90' lang='lat' dir='ltr'><strong>nisi</strong></span> <span class='ocrx_word' id='word_1_208' title='bbox 1978 4472 2233 4536; x_wconf 88' lang='lat' dir='ltr'><strong>notiora</strong></span> <span class='ocrx_word' id='word_1_209' title='bbox 2275 4492 2351 4538; x_wconf 85' lang='lat' dir='ltr'><strong>ac</strong></span> 
     </span>
     <span class='ocr_line' id='line_1_36' title="bbox 402 4554 2350 4639; baseline 0.003 -21"><span class='ocrx_word' id='word_1_210' title='bbox 402 4554 835 4638; x_wconf 84' lang='lat' dir='ltr'><strong>compertiora</strong></span> <span class='ocrx_word' id='word_1_211' title='bbox 878 4555 1134 4623; x_wconf 83' lang='lat' dir='ltr'><strong>Farello</strong></span> <span class='ocrx_word' id='word_1_212' title='bbox 1176 4566 1415 4635; x_wconf 88' lang='lat' dir='ltr'><strong>essent,</strong></span> <span class='ocrx_word' id='word_1_213' title='bbox 1472 4577 1669 4639; x_wconf 89' lang='lat' dir='ltr'><strong>quam</strong></span> <span class='ocrx_word' id='word_1_214' title='bbox 1718 4567 1790 4621; x_wconf 93' lang='lat' dir='ltr'><strong>ut</strong></span> <span class='ocrx_word' id='word_1_215' title='bbox 1844 4557 2089 4622; x_wconf 87' lang='lat' dir='ltr'><strong>nostris</strong></span> <span class='ocrx_word' id='word_1_216' title='bbox 2143 4557 2350 4623; x_wconf 89' lang='lat' dir='ltr'><strong>literis</strong></span> 
     </span>
     <span class='ocr_line' id='line_1_37' title="bbox 403 4639 2349 4728; baseline 0.004 -26"><span class='ocrx_word' id='word_1_217' title='bbox 403 4639 488 4703; x_wconf 90' lang='lat' dir='ltr'><strong>sit</strong></span> <span class='ocrx_word' id='word_1_218' title='bbox 528 4660 711 4722; x_wconf 90' lang='lat' dir='ltr'><strong>opus,</strong></span> <span class='ocrx_word' id='word_1_219' title='bbox 756 4642 866 4722; x_wconf 88' lang='lat' dir='ltr'><strong>qui</strong></span> <span class='ocrx_word' id='word_1_220' title='bbox 909 4643 1095 4708; x_wconf 84' lang='lat' dir='ltr'><strong>vobis</strong></span> <span class='ocrx_word' id='word_1_221' title='bbox 1136 4643 1403 4728; x_wconf 86' lang='lat' dir='ltr'><strong>singula</strong></span> <span class='ocrx_word' id='word_1_222' title='bbox 1444 4641 1574 4707; x_wconf 92' lang='lat' dir='ltr'><strong>fido</strong></span> <span class='ocrx_word' id='word_1_223' title='bbox 1608 4642 1856 4725; x_wconf 89' lang='lat' dir='ltr'><strong>optima</strong></span> <span class='ocrx_word' id='word_1_224' title='bbox 1889 4641 2123 4708; x_wconf 88' lang='lat' dir='ltr'><strong>melius</strong></span> <span class='ocrx_word' id='word_1_225' title='bbox 2160 4664 2349 4709; x_wconf 90' lang='lat' dir='ltr'><strong>enar-</strong></span> 
     </span>
     <span class='ocr_line' id='line_1_38' title="bbox 402 4726 2351 4813; baseline 0.003 -24"><span class='ocrx_word' id='word_1_226' title='bbox 402 4744 549 4790; x_wconf 80' lang='lat' dir='ltr'><strong>rare</strong></span> <span class='ocrx_word' id='word_1_227' title='bbox 583 4728 836 4809; x_wconf 90' lang='lat' dir='ltr'><strong>poterit.</strong></span> <span class='ocrx_word' id='word_1_228' title='bbox 923 4727 1165 4795; x_wconf 87' lang='lat' dir='ltr'><strong>Nullus</strong></span> <span class='ocrx_word' id='word_1_229' title='bbox 1208 4749 1421 4813; x_wconf 87' lang='lat' dir='ltr'><strong>paene</strong></span> <span class='ocrx_word' id='word_1_230' title='bbox 1462 4728 1649 4794; x_wconf 91' lang='lat' dir='ltr'><strong>nobis</strong></span> <span class='ocrx_word' id='word_1_231' title='bbox 1692 4726 1847 4807; x_wconf 90' lang='lat' dir='ltr'><strong>dies,</strong></span> <span class='ocrx_word' id='word_1_232' title='bbox 1891 4727 2026 4794; x_wconf 90' lang='lat' dir='ltr'><strong>imo</strong></span> <span class='ocrx_word' id='word_1_233' title='bbox 2068 4748 2153 4793; x_wconf 88' lang='lat' dir='ltr'><strong>nc</strong></span> <span class='ocrx_word' id='word_1_234' title='bbox 2188 4728 2351 4795; x_wconf 85' lang='lat' dir='ltr'><strong>hora</strong></span> 
     </span>
    </p>
   </div>
   <div class='ocr_carea' id='block_1_10' title="bbox 404 4882 743 4891">
    <p class='ocr_par' dir='ltr' id='par_1_12' title="bbox 404 4882 743 4891">
     <span class='ocr_line' id='line_1_39' title="bbox 404 4882 743 4891; baseline 0 1276"><span class='ocrx_word' id='word_1_235' title='bbox 404 4882 743 4891; x_wconf 95' lang='lat' dir='ltr'><strong> </strong></span> 
     </span>
    </p>
   </div>
   <div class='ocr_carea' id='block_1_11' title="bbox 396 4963 2348 5315">
    <p class='ocr_par' dir='ltr' id='par_1_13' title="bbox 432 4963 1954 5039">
     <span class='ocr_line' id='line_1_40' title="bbox 432 4963 1954 5039; baseline -0.005 -11"><span class='ocrx_word' id='word_1_236' title='bbox 432 4963 1954 5039; x_wconf 61' lang='lat' dir='ltr'><strong>⁸⁰8.1)Rdiq⁸ahuempmaumaomatinm.</strong></span> 
     </span>
    </p>

    <p class='ocr_par' dir='ltr' id='par_1_14' title="bbox 432 5032 2348 5118">
     <span class='ocr_line' id='line_1_41' title="bbox 432 5032 2348 5118; baseline 0.002 -29"><span class='ocrx_word' id='word_1_237' title='bbox 432 5032 665 5115; x_wconf 49' lang='lat' dir='ltr'><strong>myzl)</strong></span> <span class='ocrx_word' id='word_1_238' title='bbox 700 5033 1236 5118; x_wconf 65' lang='lat' dir='ltr'><strong>Adonmqspotius</strong></span> <span class='ocrx_word' id='word_1_239' title='bbox 1276 5035 2348 5106; x_wconf 60' lang='lat' dir='ltr'><strong>Meomoeminmmkancmiptam</strong></span> 
     </span>
    </p>

    <p class='ocr_par' dir='ltr' id='par_1_15' title="bbox 396 5102 2345 5315">
     <span class='ocr_line' id='line_1_42' title="bbox 396 5102 2345 5244; baseline -0.003 -9"><span class='ocrx_word' id='word_1_240' title='bbox 396 5102 1103 5243; x_wconf 34' lang='lat' dir='ltr'><strong>mgis-‚imam</strong></span> <span class='ocrx_word' id='word_1_241' title='bbox 1103 5177 1249 5231; x_wconf 65' lang='lat' dir='ltr'><strong>nti</strong></span> <span class='ocrx_word' id='word_1_242' title='bbox 1351 5172 2345 5244; x_wconf 61' lang='lat' dir='ltr'><strong>.—Defistwaquadampere-</strong></span> 
     </span>
     <span class='ocr_line' id='line_1_43' title="bbox 598 5242 2343 5315; baseline -0.002 -14"><span class='ocrx_word' id='word_1_243' title='bbox 598 5242 611 5254; x_wconf 82' lang='lat'><strong>&#39;</strong></span> <span class='ocrx_word' id='word_1_244' title='bbox 1275 5242 2343 5315; x_wconf 68' lang='lat' dir='ltr'><strong>ioquinvidequaeipceF.iuN.</strong></span> 
     </span>
    </p>
   </div>
   <div class='ocr_carea' id='block_1_12' title="bbox 939 5246 2342 5385">
    <p class='ocr_par' dir='ltr' id='par_1_16' title="bbox 939 5246 2342 5385">
     <span class='ocr_line' id='line_1_44' title="bbox 939 5246 2342 5385; baseline -0.001 -16"><span class='ocrx_word' id='word_1_245' title='bbox 939 5246 1175 5326; x_wconf 52' lang='lat' dir='ltr'><strong>ww,</strong></span> <span class='ocrx_word' id='word_1_246' title='bbox 1201 5315 1627 5385; x_wconf 53' lang='lat' dir='ltr'><strong>peraequum</strong></span> <span class='ocrx_word' id='word_1_247' title='bbox 1678 5329 1732 5368; x_wconf 81' lang='lat' dir='ltr'><strong>v.</strong></span> <span class='ocrx_word' id='word_1_248' title='bbox 1783 5312 1936 5371; x_wconf 64' lang='lat' dir='ltr'><strong>Hinc.</strong></span> <span class='ocrx_word' id='word_1_249' title='bbox 1986 5312 2108 5369; x_wconf 72' lang='lat'><strong>0001.</strong></span> <span class='ocrx_word' id='word_1_250' title='bbox 2153 5312 2208 5369; x_wconf 91' lang='lat' dir='ltr'><strong>I.</strong></span> <span class='ocrx_word' id='word_1_251' title='bbox 2255 5313 2342 5368; x_wconf 83' lang='grc'><strong>87.</strong></span> 
     </span>
    </p>
   </div>
   <div class='ocr_carea' id='block_1_13' title="bbox 398 5313 1808 5454">
    <p class='ocr_par' dir='ltr' id='par_1_17' title="bbox 398 5313 1808 5454">
     <span class='ocr_line' id='line_1_45' title="bbox 398 5313 1808 5454; baseline 0.002 -17"><span class='ocrx_word' id='word_1_252' title='bbox 398 5378 634 5437; x_wconf 56' lang='lat' dir='ltr'><strong>metam</strong></span> <span class='ocrx_word' id='word_1_253' title='bbox 663 5381 755 5437; x_wconf 90' lang='lat'><strong>11.</strong></span> <span class='ocrx_word' id='word_1_254' title='bbox 790 5382 912 5438; x_wconf 77' lang='lat'><strong>219.</strong></span> <span class='ocrx_word' id='word_1_255' title='bbox 946 5313 1317 5454; x_wconf 54' lang='grc' dir='ltr'><strong>ἕέἔῗωεαιες,</strong></span> <span class='ocrx_word' id='word_1_256' title='bbox 1353 5385 1427 5440; x_wconf 69' lang='grc' dir='ltr'><strong>Δ.</strong></span> <span class='ocrx_word' id='word_1_257' title='bbox 1465 5382 1527 5439; x_wconf 85' lang='lat'><strong>0.</strong></span> <span class='ocrx_word' id='word_1_258' title='bbox 1562 5382 1654 5439; x_wconf 90' lang='lat'><strong>11.</strong></span> <span class='ocrx_word' id='word_1_259' title='bbox 1686 5382 1808 5440; x_wconf 75' lang='lat'><strong>245.</strong></span> 
     </span>
    </p>
   </div>
   <div class='ocr_carea' id='block_1_14' title="bbox 2158 452 2673 520">
    <p class='ocr_par' dir='ltr' id='par_1_18' title="bbox 2158 452 2673 520">
     <span class='ocr_line' id='line_1_46' title="bbox 2158 452 2673 520; baseline -0.002 -1"><span class='ocrx_word' id='word_1_260' title='bbox 2158 459 2315 519; x_wconf 80' lang='lat'>1541</span> <span class='ocrx_word' id='word_1_261' title='bbox 2364 452 2673 520; x_wconf 84' lang='lat' dir='ltr'><strong>APRIL.</strong></span> 
     </span>
    </p>
   </div>
   <div class='ocr_carea' id='block_1_15' title="bbox 2395 644 2431 5417">
    <p class='ocr_par' dir='ltr' id='par_1_19' title="bbox 2395 644 2431 5417">
     <span class='ocr_line' id='line_1_47' title="bbox 2395 644 2431 5417; baseline 0 0"><span class='ocrx_word' id='word_1_262' title='bbox 2395 644 2431 5417; x_wconf 95' lang='lat' dir='ltr'><strong> </strong></span> 
     </span>
    </p>
   </div>
   <div class='ocr_carea' id='block_1_16' title="bbox 4293 463 4418 526">
    <p class='ocr_par' dir='ltr' id='par_1_20' title="bbox 4293 463 4418 526">
     <span class='ocr_line' id='line_1_48' title="bbox 4293 463 4418 526; baseline 0.016 -2"><span class='ocrx_word' id='word_1_263' title='bbox 4293 463 4418 526; x_wconf 80' lang='lat'><strong>206</strong></span> 
     </span>
    </p>
   </div>
   <div class='ocr_carea' id='block_1_17' title="bbox 2452 640 4419 4669">
    <p class='ocr_par' dir='ltr' id='par_1_21' title="bbox 2452 640 4419 4669">
     <span class='ocr_line' id='line_1_49' title="bbox 2474 640 4419 724; baseline 0.005 -19"><span class='ocrx_word' id='word_1_264' title='bbox 2474 640 2736 723; x_wconf 90' lang='lat' dir='ltr'><strong>quidem</strong></span> <span class='ocrx_word' id='word_1_265' title='bbox 2772 641 3072 721; x_wconf 85' lang='lat' dir='ltr'><strong>elabitur,</strong></span> <span class='ocrx_word' id='word_1_266' title='bbox 3115 662 3243 724; x_wconf 89' lang='lat' dir='ltr'><strong>qua</strong></span> <span class='ocrx_word' id='word_1_267' title='bbox 3285 643 3674 709; x_wconf 89' lang='lat' dir='ltr'><strong>afflictorum</strong></span> <span class='ocrx_word' id='word_1_268' title='bbox 3714 645 3990 710; x_wconf 67' lang='lat' dir='ltr'><strong>flatrum</strong></span> <span class='ocrx_word' id='word_1_269' title='bbox 4023 667 4159 713; x_wconf 90' lang='lat' dir='ltr'><strong>non</strong></span> <span class='ocrx_word' id='word_1_270' title='bbox 4196 647 4419 714; x_wconf 89' lang='lat' dir='ltr'><strong>audia-</strong></span> 
     </span>
     <span class='ocr_line' id='line_1_50' title="bbox 2476 727 4416 815; baseline 0.005 -25"><span class='ocrx_word' id='word_1_271' title='bbox 2476 747 2625 792; x_wconf 87' lang='lat' dir='ltr'><strong>mus</strong></span> <span class='ocrx_word' id='word_1_272' title='bbox 2682 727 3007 809; x_wconf 84' lang='lat' dir='ltr'><strong>querelas,</strong></span> <span class='ocrx_word' id='word_1_273' title='bbox 3073 728 3383 811; x_wconf 91' lang='lat' dir='ltr'><strong>pericula‚</strong></span> <span class='ocrx_word' id='word_1_274' title='bbox 3449 731 3805 807; x_wconf 89' lang='lat' dir='ltr'><strong>cruciatus,</strong></span> <span class='ocrx_word' id='word_1_275' title='bbox 3874 729 3957 796; x_wconf 88' lang='lat' dir='ltr'><strong>ab</strong></span> <span class='ocrx_word' id='word_1_276' title='bbox 4013 732 4097 797; x_wconf 86' lang='lat' dir='ltr'><strong>iis</strong></span> <span class='ocrx_word' id='word_1_277' title='bbox 4160 735 4269 815; x_wconf 91' lang='lat' dir='ltr'><strong>qui</strong></span> <span class='ocrx_word' id='word_1_278' title='bbox 4332 756 4416 800; x_wconf 90' lang='lat' dir='ltr'><strong>ex</strong></span> 
     </span>
     <span class='ocr_line' id='line_1_51' title="bbox 2476 812 4416 899; baseline 0.005 -23"><span class='ocrx_word' id='word_1_279' title='bbox 2476 812 2760 878; x_wconf 88' lang='lat' dir='ltr'><strong>hostium</strong></span> <span class='ocrx_word' id='word_1_280' title='bbox 2796 813 3100 878; x_wconf 88' lang='lat' dir='ltr'><strong>manibus</strong></span> <span class='ocrx_word' id='word_1_281' title='bbox 3134 814 3336 896; x_wconf 89' lang='lat' dir='ltr'><strong>elapsi</strong></span> <span class='ocrx_word' id='word_1_282' title='bbox 3368 836 3439 880; x_wconf 91' lang='lat' dir='ltr'><strong>se</strong></span> <span class='ocrx_word' id='word_1_283' title='bbox 3461 814 3819 893; x_wconf 85' lang='lat' dir='ltr'><strong>Gcncvam,</strong></span> <span class='ocrx_word' id='word_1_284' title='bbox 3855 819 4039 899; x_wconf 88' lang='lat' dir='ltr'><strong>qnasi</strong></span> <span class='ocrx_word' id='word_1_285' title='bbox 4062 819 4131 882; x_wconf 92' lang='lat' dir='ltr'><strong>in</strong></span> <span class='ocrx_word' id='word_1_286' title='bbox 4152 828 4416 899; x_wconf 88' lang='lat' dir='ltr'><strong>portum</strong></span> 
     </span>
     <span class='ocr_line' id='line_1_52' title="bbox 2475 900 4416 989; baseline 0.005 -28"><span class='ocrx_word' id='word_1_287' title='bbox 2475 909 2623 979; x_wconf 89' lang='lat' dir='ltr'><strong>post</strong></span> <span class='ocrx_word' id='word_1_288' title='bbox 2666 900 3022 982; x_wconf 86' lang='lat' dir='ltr'><strong>naufragia,</strong></span> <span class='ocrx_word' id='word_1_289' title='bbox 3071 900 3455 979; x_wconf 81' lang='lat' dir='ltr'><strong>tutissimi⁸)</strong></span> <span class='ocrx_word' id='word_1_290' title='bbox 3511 902 3767 984; x_wconf 84' lang='lat' dir='ltr'><strong>piorum</strong></span> <span class='ocrx_word' id='word_1_291' title='bbox 3823 903 4112 967; x_wconf 90' lang='lat' dir='ltr'><strong>omnium</strong></span> <span class='ocrx_word' id='word_1_292' title='bbox 4158 904 4416 989; x_wconf 82' lang='lat' dir='ltr'><strong>asylum</strong></span> 
     </span>
     <span class='ocr_line' id='line_1_53' title="bbox 2476 985 4413 1073; baseline 0.005 -26"><span class='ocrx_word' id='word_1_293' title='bbox 2476 985 2817 1065; x_wconf 84' lang='lat' dir='ltr'><strong>recipiunt.</strong></span> <span class='ocrx_word' id='word_1_294' title='bbox 2919 985 3157 1050; x_wconf 91' lang='lat' dir='ltr'><strong>Nullus</strong></span> <span class='ocrx_word' id='word_1_295' title='bbox 3222 996 3326 1051; x_wconf 88' lang='lat' dir='ltr'><strong>est</strong></span> <span class='ocrx_word' id='word_1_296' title='bbox 3383 986 3519 1050; x_wconf 88' lang='lat' dir='ltr'><strong>fere</strong></span> <span class='ocrx_word' id='word_1_297' title='bbox 3582 987 3653 1050; x_wconf 91' lang='lat' dir='ltr'><strong>in</strong></span> <span class='ocrx_word' id='word_1_298' title='bbox 3709 986 3929 1052; x_wconf 81' lang='lat' dir='ltr'><strong>Gallia</strong></span> <span class='ocrx_word' id='word_1_299' title='bbox 3982 988 4164 1054; x_wconf 87' lang='lat' dir='ltr'><strong>locus</strong></span> <span class='ocrx_word' id='word_1_300' title='bbox 4222 1010 4413 1073; x_wconf 91' lang='lat' dir='ltr'><strong>quem</strong></span> 
     </span>
     <span class='ocr_line' id='line_1_54' title="bbox 2476 1070 4417 1157; baseline 0.005 -25"><span class='ocrx_word' id='word_1_301' title='bbox 2476 1090 2612 1133; x_wconf 92' lang='lat' dir='ltr'><strong>non</strong></span> <span class='ocrx_word' id='word_1_302' title='bbox 2675 1070 2992 1134; x_wconf 82' lang='lat' dir='ltr'><strong>invaserit</strong></span> <span class='ocrx_word' id='word_1_303' title='bbox 3051 1071 3335 1136; x_wconf 88' lang='lat' dir='ltr'><strong>crudelis</strong></span> <span class='ocrx_word' id='word_1_304' title='bbox 3389 1073 3817 1155; x_wconf 80' lang='lat' dir='ltr'><strong>persequutio.</strong></span> <span class='ocrx_word' id='word_1_305' title='bbox 3928 1074 4097 1138; x_wconf 87' lang='lat' dir='ltr'><strong>Nam</strong></span> <span class='ocrx_word' id='word_1_306' title='bbox 4155 1084 4417 1157; x_wconf 87' lang='lat' dir='ltr'><strong>praeter</strong></span> 
     </span>
     <span class='ocr_line' id='line_1_55' title="bbox 2473 1155 4413 1241; baseline 0.005 -23"><span class='ocrx_word' id='word_1_307' title='bbox 2473 1155 2707 1220; x_wconf 82' lang='lat' dir='ltr'><strong>fratres</strong></span> <span class='ocrx_word' id='word_1_308' title='bbox 2751 1156 3216 1233; x_wconf 86' lang='lat' dir='ltr'><strong>Provinciales,</strong></span> <span class='ocrx_word' id='word_1_309' title='bbox 3277 1178 3554 1240; x_wconf 89' lang='lat' dir='ltr'><strong>quorum</strong></span> <span class='ocrx_word' id='word_1_310' title='bbox 3605 1159 3937 1241; x_wconf 86' lang='lat' dir='ltr'><strong>tragoedia</strong></span> <span class='ocrx_word' id='word_1_311' title='bbox 3981 1181 4098 1225; x_wconf 88' lang='lat' dir='ltr'><strong>nec</strong></span> <span class='ocrx_word' id='word_1_312' title='bbox 4155 1163 4413 1227; x_wconf 88' lang='lat' dir='ltr'><strong>recitari</strong></span> 
     </span>
     <span class='ocr_line' id='line_1_56' title="bbox 2475 1239 4410 1332; baseline 0.005 -29"><span class='ocrx_word' id='word_1_313' title='bbox 2475 1261 2597 1305; x_wconf 88' lang='lat' dir='ltr'><strong>nec</strong></span> <span class='ocrx_word' id='word_1_314' title='bbox 2619 1239 2830 1305; x_wconf 90' lang='lat' dir='ltr'><strong>audiri</strong></span> <span class='ocrx_word' id='word_1_315' title='bbox 2853 1241 3040 1307; x_wconf 88' lang='lat' dir='ltr'><strong>siccis</strong></span> <span class='ocrx_word' id='word_1_316' title='bbox 3078 1243 3281 1307; x_wconf 91' lang='lat' dir='ltr'><strong>oculis</strong></span> <span class='ocrx_word' id='word_1_317' title='bbox 3316 1250 3546 1325; x_wconf 87' lang='lat' dir='ltr'><strong>potest,</strong></span> <span class='ocrx_word' id='word_1_318' title='bbox 3586 1244 4022 1321; x_wconf 85' lang='lat' dir='ltr'><strong>Aureliorum,</strong></span> <span class='ocrx_word' id='word_1_319' title='bbox 4046 1247 4410 1332; x_wconf 84' lang='lat' dir='ltr'><strong>Andagavi,</strong></span> 
     </span>
     <span class='ocr_line' id='line_1_57' title="bbox 2472 1325 4412 1412; baseline 0.006 -23"><span class='ocrx_word' id='word_1_320' title='bbox 2472 1325 2764 1403; x_wconf 88' lang='lat' dir='ltr'><strong>Divioni‚</strong></span> <span class='ocrx_word' id='word_1_321' title='bbox 2791 1327 3089 1405; x_wconf 89' lang='lat' dir='ltr'><strong>Romani,</strong></span> <span class='ocrx_word' id='word_1_322' title='bbox 3115 1327 3535 1411; x_wconf 85' lang='lat' dir='ltr'><strong>Gatianopoli</strong></span> <span class='ocrx_word' id='word_1_323' title='bbox 3553 1332 3614 1407; x_wconf 77' lang='grc'><strong>4)</strong></span> <span class='ocrx_word' id='word_1_324' title='bbox 3637 1330 3949 1412; x_wconf 84' lang='lat' dir='ltr'><strong>plurimos</strong></span> <span class='ocrx_word' id='word_1_325' title='bbox 3970 1330 4412 1400; x_wconf 84' lang='lat' dir='ltr'><strong>intelleximus</strong></span> 
     </span>
     <span class='ocr_line' id='line_1_58' title="bbox 2472 1412 4412 1497; baseline 0.006 -22"><span class='ocrx_word' id='word_1_326' title='bbox 2472 1412 2546 1475; x_wconf 92' lang='lat' dir='ltr'><strong>in</strong></span> <span class='ocrx_word' id='word_1_327' title='bbox 2601 1433 2928 1478; x_wconf 88' lang='lat' dir='ltr'><strong>carcerem</strong></span> <span class='ocrx_word' id='word_1_328' title='bbox 2983 1413 3297 1487; x_wconf 88' lang='lat' dir='ltr'><strong>detrusos,</strong></span> <span class='ocrx_word' id='word_1_329' title='bbox 3366 1429 3434 1478; x_wconf 87' lang='lat' dir='ltr'><strong>et</strong></span> <span class='ocrx_word' id='word_1_330' title='bbox 3485 1414 3795 1497; x_wconf 90' lang='lat' dir='ltr'><strong>quosdam</strong></span> <span class='ocrx_word' id='word_1_331' title='bbox 3858 1419 4054 1481; x_wconf 84' lang='lat' dir='ltr'><strong>etiam</strong></span> <span class='ocrx_word' id='word_1_332' title='bbox 4117 1428 4412 1485; x_wconf 84' lang='lat' dir='ltr'><strong>extremo</strong></span> 
     </span>
     <span class='ocr_line' id='line_1_59' title="bbox 2472 1496 4412 1583; baseline 0.005 -23"><span class='ocrx_word' id='word_1_333' title='bbox 2472 1496 2676 1562; x_wconf 82' lang='lat' dir='ltr'><strong>fuisse</strong></span> <span class='ocrx_word' id='word_1_334' title='bbox 2719 1500 2983 1562; x_wconf 87' lang='lat' dir='ltr'><strong>affectos</strong></span> <span class='ocrx_word' id='word_1_335' title='bbox 3026 1499 3363 1581; x_wconf 87' lang='lat' dir='ltr'><strong>supplicio,</strong></span> <span class='ocrx_word' id='word_1_336' title='bbox 3409 1499 3579 1583; x_wconf 92' lang='lat' dir='ltr'><strong>quod</strong></span> <span class='ocrx_word' id='word_1_337' title='bbox 3621 1521 3706 1564; x_wconf 87' lang='lat' dir='ltr'><strong>ex</strong></span> <span class='ocrx_word' id='word_1_338' title='bbox 3751 1501 4024 1566; x_wconf 90' lang='lat' dir='ltr'><strong>oculatis</strong></span> <span class='ocrx_word' id='word_1_339' title='bbox 4067 1524 4143 1568; x_wconf 91' lang='lat' dir='ltr'><strong>ac</strong></span> <span class='ocrx_word' id='word_1_340' title='bbox 4185 1504 4412 1570; x_wconf 87' lang='lat' dir='ltr'><strong>certis-</strong></span> 
     </span>
     <span class='ocr_line' id='line_1_60' title="bbox 2472 1582 4410 1671; baseline 0.004 -23"><span class='ocrx_word' id='word_1_341' title='bbox 2472 1584 2655 1648; x_wconf 91' lang='lat' dir='ltr'><strong>simis</strong></span> <span class='ocrx_word' id='word_1_342' title='bbox 2707 1583 2980 1648; x_wconf 85' lang='lat' dir='ltr'><strong>testibus</strong></span> <span class='ocrx_word' id='word_1_343' title='bbox 3034 1582 3392 1649; x_wconf 88' lang='lat' dir='ltr'><strong>didicimus.</strong></span> <span class='ocrx_word' id='word_1_344' title='bbox 3491 1584 3625 1652; x_wconf 84' lang='lat' dir='ltr'><strong>Sed</strong></span> <span class='ocrx_word' id='word_1_345' title='bbox 3681 1608 3871 1652; x_wconf 91' lang='lat' dir='ltr'><strong>nemo</strong></span> <span class='ocrx_word' id='word_1_346' title='bbox 3927 1600 4054 1661; x_wconf 86' lang='lat' dir='ltr'><strong>est,</strong></span> <span class='ocrx_word' id='word_1_347' title='bbox 4111 1591 4410 1671; x_wconf 82' lang='lat' dir='ltr'><strong>quamvis</strong></span> 
     </span>
     <span class='ocr_line' id='line_1_61' title="bbox 2471 1669 4409 1749; baseline 0.005 -18"><span class='ocrx_word' id='word_1_348' title='bbox 2471 1687 2699 1733; x_wconf 90' lang='lat' dir='ltr'><strong>omnes</strong></span> <span class='ocrx_word' id='word_1_349' title='bbox 2743 1669 2934 1734; x_wconf 91' lang='lat' dir='ltr'><strong>nobis</strong></span> <span class='ocrx_word' id='word_1_350' title='bbox 2976 1670 3109 1734; x_wconf 92' lang='lat' dir='ltr'><strong>sint</strong></span> <span class='ocrx_word' id='word_1_351' title='bbox 3150 1671 3485 1749; x_wconf 89' lang='lat' dir='ltr'><strong>carissimi,</strong></span> <span class='ocrx_word' id='word_1_352' title='bbox 3544 1673 3729 1737; x_wconf 91' lang='lat' dir='ltr'><strong>cuius</strong></span> <span class='ocrx_word' id='word_1_353' title='bbox 3782 1673 4042 1738; x_wconf 90' lang='lat' dir='ltr'><strong>vincula</strong></span> <span class='ocrx_word' id='word_1_354' title='bbox 4093 1677 4409 1741; x_wconf 90' lang='lat' dir='ltr'><strong>maiorem</strong></span> 
     </span>
     <span class='ocr_line' id='line_1_62' title="bbox 2470 1754 4410 1841; baseline 0.004 -23"><span class='ocrx_word' id='word_1_355' title='bbox 2470 1754 2710 1819; x_wconf 88' lang='lat' dir='ltr'><strong>animis</strong></span> <span class='ocrx_word' id='word_1_356' title='bbox 2765 1756 3008 1820; x_wconf 88' lang='lat' dir='ltr'><strong>nostris</strong></span> <span class='ocrx_word' id='word_1_357' title='bbox 3062 1777 3423 1821; x_wconf 85' lang='lat' dir='ltr'><strong>moerorem</strong></span> <span class='ocrx_word' id='word_1_358' title='bbox 3476 1755 3819 1823; x_wconf 88' lang='lat' dir='ltr'><strong>iniecerint</strong></span> <span class='ocrx_word' id='word_1_359' title='bbox 3874 1779 4066 1841; x_wconf 90' lang='lat' dir='ltr'><strong>quem</strong></span> <span class='ocrx_word' id='word_1_360' title='bbox 4114 1759 4410 1826; x_wconf 77' lang='lat' dir='ltr'><strong>Samar-</strong></span> 
     </span>
     <span class='ocr_line' id='line_1_63' title="bbox 2468 1840 4410 1929; baseline 0.005 -25"><span class='ocrx_word' id='word_1_361' title='bbox 2468 1841 2669 1919; x_wconf 73' lang='lat' dir='ltr'><strong>tam‘,⁵</strong></span> <span class='ocrx_word' id='word_1_362' title='bbox 2748 1842 2871 1905; x_wconf 87' lang='lat' dir='ltr'><strong>viri</strong></span> <span class='ocrx_word' id='word_1_363' title='bbox 2915 1840 3125 1906; x_wconf 89' lang='lat' dir='ltr'><strong>multa</strong></span> <span class='ocrx_word' id='word_1_364' title='bbox 3166 1842 3534 1907; x_wconf 87' lang='lat' dir='ltr'><strong>eruditione</strong></span> <span class='ocrx_word' id='word_1_365' title='bbox 3576 1863 3652 1908; x_wconf 90' lang='lat' dir='ltr'><strong>ac</strong></span> <span class='ocrx_word' id='word_1_366' title='bbox 3695 1845 3949 1927; x_wconf 84' lang='lat' dir='ltr'><strong>pietate,</strong></span> <span class='ocrx_word' id='word_1_367' title='bbox 3988 1844 4169 1911; x_wconf 89' lang='lat' dir='ltr'><strong>cuius</strong></span> <span class='ocrx_word' id='word_1_368' title='bbox 4211 1867 4410 1929; x_wconf 88' lang='lat' dir='ltr'><strong>opera</strong></span> 
     </span>
     <span class='ocr_line' id='line_1_64' title="bbox 2470 1926 4409 2013; baseline 0.005 -24"><span class='ocrx_word' id='word_1_369' title='bbox 2470 1946 2661 2007; x_wconf 88' lang='lat' dir='ltr'><strong>spera</strong></span> <span class='ocrx_word' id='word_1_370' title='bbox 2706 1946 2893 1992; x_wconf 88' lang='lat' dir='ltr'><strong>amus</strong></span> <span class='ocrx_word' id='word_1_371' title='bbox 2935 1926 3277 2010; x_wconf 89' lang='lat' dir='ltr'><strong>collegium</strong></span> <span class='ocrx_word' id='word_1_372' title='bbox 3316 1927 3706 1994; x_wconf 81' lang='lat' dir='ltr'><strong>Genevense</strong></span> <span class='ocrx_word' id='word_1_373' title='bbox 3751 1929 4107 2013; x_wconf 86' lang='lat' dir='ltr'><strong>collapsum</strong></span> <span class='ocrx_word' id='word_1_374' title='bbox 4152 1953 4228 1997; x_wconf 90' lang='lat' dir='ltr'><strong>ac</strong></span> <span class='ocrx_word' id='word_1_375' title='bbox 4269 1944 4409 1999; x_wconf 86' lang='lat' dir='ltr'><strong>tam</strong></span> 
     </span>
     <span class='ocr_line' id='line_1_65' title="bbox 2467 2010 4407 2098; baseline 0.005 -24"><span class='ocrx_word' id='word_1_376' title='bbox 2467 2012 2706 2076; x_wconf 90' lang='lat' dir='ltr'><strong>misere</strong></span> <span class='ocrx_word' id='word_1_377' title='bbox 2728 2010 3070 2078; x_wconf 89' lang='lat' dir='ltr'><strong>disiectum</strong></span> <span class='ocrx_word' id='word_1_378' title='bbox 3107 2013 3475 2079; x_wconf 84' lang='lat' dir='ltr'><strong>felicissime</strong></span> <span class='ocrx_word' id='word_1_379' title='bbox 3504 2014 3907 2098; x_wconf 89' lang='lat' dir='ltr'><strong>erigendum,</strong></span> <span class='ocrx_word' id='word_1_380' title='bbox 3944 2014 4143 2082; x_wconf 87' lang='lat' dir='ltr'><strong>bonas</strong></span> <span class='ocrx_word' id='word_1_381' title='bbox 4164 2017 4407 2097; x_wconf 86' lang='lat' dir='ltr'><strong>literas,</strong></span> 
     </span>
     <span class='ocr_line' id='line_1_66' title="bbox 2467 2098 4409 2185; baseline 0.004 -24"><span class='ocrx_word' id='word_1_382' title='bbox 2467 2116 2634 2179; x_wconf 91' lang='lat' dir='ltr'><strong>quae</strong></span> <span class='ocrx_word' id='word_1_383' title='bbox 2687 2115 2835 2181; x_wconf 87' lang='lat' dir='ltr'><strong>post</strong></span> <span class='ocrx_word' id='word_1_384' title='bbox 2884 2098 3122 2165; x_wconf 88' lang='lat' dir='ltr'><strong>eiectos</strong></span> <span class='ocrx_word' id='word_1_385' title='bbox 3174 2100 3409 2165; x_wconf 87' lang='lat' dir='ltr'><strong>fratres</strong></span> <span class='ocrx_word' id='word_1_386' title='bbox 3463 2112 3980 2184; x_wconf 86' lang='lat' dir='ltr'><strong>contemptorum</strong></span> <span class='ocrx_word' id='word_1_387' title='bbox 4034 2112 4101 2168; x_wconf 90' lang='lat' dir='ltr'><strong>et</strong></span> <span class='ocrx_word' id='word_1_388' title='bbox 4163 2103 4409 2185; x_wconf 91' lang='lat' dir='ltr'><strong>squali-</strong></span> 
     </span>
     <span class='ocr_line' id='line_1_67' title="bbox 2468 2181 4409 2269; baseline 0.004 -23"><span class='ocrx_word' id='word_1_389' title='bbox 2468 2181 2698 2247; x_wconf 89' lang='lat' dir='ltr'><strong>dorum</strong></span> <span class='ocrx_word' id='word_1_390' title='bbox 2743 2184 2812 2247; x_wconf 92' lang='lat' dir='ltr'><strong>in</strong></span> <span class='ocrx_word' id='word_1_391' title='bbox 2857 2184 2989 2249; x_wconf 92' lang='lat' dir='ltr'><strong>situ</strong></span> <span class='ocrx_word' id='word_1_392' title='bbox 3044 2193 3111 2249; x_wconf 87' lang='lat' dir='ltr'><strong>et</strong></span> <span class='ocrx_word' id='word_1_393' title='bbox 3162 2185 3431 2267; x_wconf 89' lang='lat' dir='ltr'><strong>pulvere</strong></span> <span class='ocrx_word' id='word_1_394' title='bbox 3485 2186 3866 2268; x_wconf 76' lang='lat' dir='ltr'><strong>iacuerant„</strong></span> <span class='ocrx_word' id='word_1_395' title='bbox 3889 2187 4165 2269; x_wconf 87' lang='lat' dir='ltr'><strong>pristino</strong></span> <span class='ocrx_word' id='word_1_396' title='bbox 4220 2191 4409 2254; x_wconf 89' lang='lat' dir='ltr'><strong>resti-</strong></span> 
     </span>
     <span class='ocr_line' id='line_1_68' title="bbox 2469 2269 4409 2356; baseline 0.004 -24"><span class='ocrx_word' id='word_1_397' title='bbox 2469 2269 2747 2334; x_wconf 88' lang='lat' dir='ltr'><strong>tuendas</strong></span> <span class='ocrx_word' id='word_1_398' title='bbox 2784 2270 2997 2345; x_wconf 89' lang='lat' dir='ltr'><strong>nitori,</strong></span> <span class='ocrx_word' id='word_1_399' title='bbox 3051 2270 3174 2336; x_wconf 87' lang='lat' dir='ltr'><strong>hoc</strong></span> <span class='ocrx_word' id='word_1_400' title='bbox 3209 2282 3624 2354; x_wconf 87' lang='lat' dir='ltr'><strong>prospectum</strong></span> <span class='ocrx_word' id='word_1_401' title='bbox 3643 2274 3701 2355; x_wconf 78' lang='lat'><strong>⁰)</strong></span> <span class='ocrx_word' id='word_1_402' title='bbox 3736 2280 4026 2355; x_wconf 87' lang='lat' dir='ltr'><strong>tempore</strong></span> <span class='ocrx_word' id='word_1_403' title='bbox 4060 2294 4188 2356; x_wconf 91' lang='lat' dir='ltr'><strong>quo</strong></span> <span class='ocrx_word' id='word_1_404' title='bbox 4222 2275 4409 2341; x_wconf 88' lang='lat' dir='ltr'><strong>Deus</strong></span> 
     </span>
     <span class='ocr_line' id='line_1_69' title="bbox 2466 2352 4410 2438; baseline 0.003 -19"><span class='ocrx_word' id='word_1_405' title='bbox 2466 2352 2822 2438; x_wconf 88' lang='lat' dir='ltr'><strong>deploratis</strong></span> <span class='ocrx_word' id='word_1_406' title='bbox 2840 2357 2892 2435; x_wconf 88' lang='lat'><strong>⁷)</strong></span> <span class='ocrx_word' id='word_1_407' title='bbox 2972 2355 3150 2422; x_wconf 89' lang='lat' dir='ltr'><strong>illius</strong></span> <span class='ocrx_word' id='word_1_408' title='bbox 3226 2357 3533 2423; x_wconf 87' lang='lat' dir='ltr'><strong>ecclesiae</strong></span> <span class='ocrx_word' id='word_1_409' title='bbox 3609 2359 3704 2422; x_wconf 89' lang='lat' dir='ltr'><strong>ita</strong></span> <span class='ocrx_word' id='word_1_410' title='bbox 3764 2359 4071 2424; x_wconf 89' lang='lat' dir='ltr'><strong>misertus</strong></span> <span class='ocrx_word' id='word_1_411' title='bbox 4135 2368 4253 2438; x_wconf 91' lang='lat' dir='ltr'><strong>est,</strong></span> <span class='ocrx_word' id='word_1_412' title='bbox 4332 2368 4410 2425; x_wconf 84' lang='lat' dir='ltr'><strong>ut</strong></span> 
     </span>
     <span class='ocr_line' id='line_1_70' title="bbox 2466 2440 4404 2528; baseline 0.004 -24"><span class='ocrx_word' id='word_1_413' title='bbox 2466 2440 2794 2524; x_wconf 89' lang='lat' dir='ltr'><strong>evangelii</strong></span> <span class='ocrx_word' id='word_1_414' title='bbox 2838 2441 3087 2507; x_wconf 83' lang='lat' dir='ltr'><strong>fructus</strong></span> <span class='ocrx_word' id='word_1_415' title='bbox 3145 2450 3338 2525; x_wconf 88' lang='lat' dir='ltr'><strong>atque</strong></span> <span class='ocrx_word' id='word_1_416' title='bbox 3394 2463 3732 2509; x_wconf 85' lang='lat' dir='ltr'><strong>successus</strong></span> <span class='ocrx_word' id='word_1_417' title='bbox 3786 2445 4081 2509; x_wconf 90' lang='lat' dir='ltr'><strong>omnium</strong></span> <span class='ocrx_word' id='word_1_418' title='bbox 4137 2465 4404 2528; x_wconf 87' lang='lat' dir='ltr'><strong>exspec-</strong></span> 
     </span>
     <span class='ocr_line' id='line_1_71' title="bbox 2465 2526 4400 2611; baseline 0.004 -22"><span class='ocrx_word' id='word_1_419' title='bbox 2465 2526 2782 2591; x_wconf 89' lang='lat' dir='ltr'><strong>tationem</strong></span> <span class='ocrx_word' id='word_1_420' title='bbox 2825 2526 3021 2611; x_wconf 86' lang='lat' dir='ltr'><strong>longe</strong></span> <span class='ocrx_word' id='word_1_421' title='bbox 3042 2538 3323 2611; x_wconf 85' lang='lat' dir='ltr'><strong>superet.</strong></span> <span class='ocrx_word' id='word_1_422' title='bbox 3414 2530 3504 2594; x_wconf 87' lang='lat' dir='ltr'><strong>At</strong></span> <span class='ocrx_word' id='word_1_423' title='bbox 3524 2550 3708 2595; x_wconf 90' lang='lat' dir='ltr'><strong>secus</strong></span> <span class='ocrx_word' id='word_1_424' title='bbox 3730 2529 3947 2594; x_wconf 86' lang='lat' dir='ltr'><strong>visum</strong></span> <span class='ocrx_word' id='word_1_425' title='bbox 3971 2537 4072 2594; x_wconf 89' lang='lat' dir='ltr'><strong>est</strong></span> <span class='ocrx_word' id='word_1_426' title='bbox 4097 2531 4400 2611; x_wconf 91' lang='lat' dir='ltr'><strong>Domino,</strong></span> 
     </span>
     <span class='ocr_line' id='line_1_72' title="bbox 2463 2612 4404 2700; baseline 0.004 -26"><span class='ocrx_word' id='word_1_427' title='bbox 2463 2630 2549 2675; x_wconf 89' lang='lat' dir='ltr'><strong>ne</strong></span> <span class='ocrx_word' id='word_1_428' title='bbox 2591 2612 2745 2694; x_wconf 90' lang='lat' dir='ltr'><strong>quid</strong></span> <span class='ocrx_word' id='word_1_429' title='bbox 2790 2622 2962 2679; x_wconf 90' lang='lat' dir='ltr'><strong>esset</strong></span> <span class='ocrx_word' id='word_1_430' title='bbox 3004 2634 3087 2678; x_wconf 89' lang='lat' dir='ltr'><strong>ex</strong></span> <span class='ocrx_word' id='word_1_431' title='bbox 3130 2612 3391 2700; x_wconf 73' lang='lat' dir='ltr'><strong>parte0)</strong></span> <span class='ocrx_word' id='word_1_432' title='bbox 3433 2615 3719 2693; x_wconf 87' lang='lat' dir='ltr'><strong>beatum,</strong></span> <span class='ocrx_word' id='word_1_433' title='bbox 3767 2616 3878 2697; x_wconf 91' lang='lat' dir='ltr'><strong>qui</strong></span> <span class='ocrx_word' id='word_1_434' title='bbox 3920 2617 4106 2681; x_wconf 89' lang='lat' dir='ltr'><strong>nobis</strong></span> <span class='ocrx_word' id='word_1_435' title='bbox 4145 2617 4404 2682; x_wconf 91' lang='lat' dir='ltr'><strong>nullum</strong></span> 
     </span>
     <span class='ocr_line' id='line_1_73' title="bbox 2460 2696 4404 2783; baseline 0.004 -23"><span class='ocrx_word' id='word_1_436' title='bbox 2460 2696 2595 2760; x_wconf 90' lang='lat' dir='ltr'><strong>iam</strong></span> <span class='ocrx_word' id='word_1_437' title='bbox 2639 2696 2922 2764; x_wconf 89' lang='lat' dir='ltr'><strong>solidum</strong></span> <span class='ocrx_word' id='word_1_438' title='bbox 2959 2699 3169 2764; x_wconf 86' lang='lat' dir='ltr'><strong>voluit</strong></span> <span class='ocrx_word' id='word_1_439' title='bbox 3201 2720 3344 2765; x_wconf 90' lang='lat' dir='ltr'><strong>esse</strong></span> <span class='ocrx_word' id='word_1_440' title='bbox 3377 2698 3686 2783; x_wconf 83' lang='lat' dir='ltr'><strong>gaudium</strong></span> <span class='ocrx_word' id='word_1_441' title='bbox 3719 2701 3789 2764; x_wconf 90' lang='lat' dir='ltr'><strong>in</strong></span> <span class='ocrx_word' id='word_1_442' title='bbox 3828 2699 3951 2765; x_wconf 89' lang='lat' dir='ltr'><strong>hac</strong></span> <span class='ocrx_word' id='word_1_443' title='bbox 3983 2701 4404 2769; x_wconf 84' lang='lat' dir='ltr'><strong>mortalitatis</strong></span> 
     </span>
     <span class='ocr_line' id='line_1_74' title="bbox 2460 2782 4405 2870; baseline 0.003 -23"><span class='ocrx_word' id='word_1_444' title='bbox 2460 2782 2859 2865; x_wconf 89' lang='lat' dir='ltr'><strong>conditione,</strong></span> <span class='ocrx_word' id='word_1_445' title='bbox 2925 2784 3098 2867; x_wconf 87' lang='lat' dir='ltr'><strong>quod</strong></span> <span class='ocrx_word' id='word_1_446' title='bbox 3153 2807 3285 2850; x_wconf 91' lang='lat' dir='ltr'><strong>non</strong></span> <span class='ocrx_word' id='word_1_447' title='bbox 3351 2786 3571 2869; x_wconf 91' lang='lat' dir='ltr'><strong>aliqua</strong></span> <span class='ocrx_word' id='word_1_448' title='bbox 3633 2786 3933 2851; x_wconf 85' lang='lat' dir='ltr'><strong>tristitiae</strong></span> <span class='ocrx_word' id='word_1_449' title='bbox 3987 2786 4405 2870; x_wconf 86' lang='lat' dir='ltr'><strong>portiuncula</strong></span> 
     </span>
     <span class='ocr_line' id='line_1_75' title="bbox 2460 2867 4403 2956; baseline 0.003 -23"><span class='ocrx_word' id='word_1_450' title='bbox 2460 2867 2824 2936; x_wconf 90' lang='lat' dir='ltr'><strong>defloraret.</strong></span> <span class='ocrx_word' id='word_1_451' title='bbox 2913 2870 3286 2956; x_wconf 89' lang='lat' dir='ltr'><strong>Pergebant</strong></span> <span class='ocrx_word' id='word_1_452' title='bbox 3338 2893 3445 2936; x_wconf 88' lang='lat' dir='ltr'><strong>res</strong></span> <span class='ocrx_word' id='word_1_453' title='bbox 3490 2871 3974 2936; x_wconf 82' lang='lat' dir='ltr'><strong>Genevensium</strong></span> <span class='ocrx_word' id='word_1_454' title='bbox 4033 2872 4403 2938; x_wconf 86' lang='lat' dir='ltr'><strong>felicissime</strong></span> 
     </span>
     <span class='ocr_line' id='line_1_76' title="bbox 2459 2954 4401 3040; baseline 0.002 -19"><span class='ocrx_word' id='word_1_455' title='bbox 2459 2974 2537 3021; x_wconf 85' lang='lat' dir='ltr'><strong>ac</strong></span> <span class='ocrx_word' id='word_1_456' title='bbox 2579 2954 2790 3021; x_wconf 89' lang='lat' dir='ltr'><strong>indies</strong></span> <span class='ocrx_word' id='word_1_457' title='bbox 2833 2957 3080 3022; x_wconf 87' lang='lat' dir='ltr'><strong>maiora</strong></span> <span class='ocrx_word' id='word_1_458' title='bbox 3122 2957 3522 3040; x_wconf 87' lang='lat' dir='ltr'><strong>accipiebant</strong></span> <span class='ocrx_word' id='word_1_459' title='bbox 3561 2958 3987 3022; x_wconf 88' lang='lat' dir='ltr'><strong>incrementa:</strong></span> <span class='ocrx_word' id='word_1_460' title='bbox 4041 2955 4158 3023; x_wconf 87' lang='lat' dir='ltr'><strong>sed</strong></span> <span class='ocrx_word' id='word_1_461' title='bbox 4210 2978 4401 3025; x_wconf 88' lang='lat' dir='ltr'><strong>casus</strong></span> 
     </span>
     <span class='ocr_line' id='line_1_77' title="bbox 2456 3040 4402 3111; baseline 0.003 -6"><span class='ocrx_word' id='word_1_462' title='bbox 2456 3040 2585 3106; x_wconf 87' lang='lat' dir='ltr'><strong>iste</strong></span> <span class='ocrx_word' id='word_1_463' title='bbox 2626 3053 2882 3109; x_wconf 89' lang='lat' dir='ltr'><strong>nostros</strong></span> <span class='ocrx_word' id='word_1_464' title='bbox 2925 3052 3191 3109; x_wconf 87' lang='lat' dir='ltr'><strong>conatus</strong></span> <span class='ocrx_word' id='word_1_465' title='bbox 3236 3043 3425 3108; x_wconf 85' lang='lat' dir='ltr'><strong>valde</strong></span> <span class='ocrx_word' id='word_1_466' title='bbox 3467 3051 3847 3108; x_wconf 86' lang='lat' dir='ltr'><strong>remoratur.</strong></span> <span class='ocrx_word' id='word_1_467' title='bbox 3937 3041 4179 3109; x_wconf 89' lang='lat' dir='ltr'><strong>Omnia</strong></span> <span class='ocrx_word' id='word_1_468' title='bbox 4222 3064 4402 3111; x_wconf 91' lang='lat' dir='ltr'><strong>nunc</strong></span> 
     </span>
     <span class='ocr_line' id='line_1_78' title="bbox 2458 3127 4402 3213; baseline 0.003 -22"><span class='ocrx_word' id='word_1_469' title='bbox 2458 3127 2645 3193; x_wconf 90' lang='lat' dir='ltr'><strong>nobis</strong></span> <span class='ocrx_word' id='word_1_470' title='bbox 2689 3137 2845 3194; x_wconf 90' lang='lat' dir='ltr'><strong>sunt</strong></span> <span class='ocrx_word' id='word_1_471' title='bbox 2887 3130 2955 3194; x_wconf 93' lang='lat' dir='ltr'><strong>in</strong></span> <span class='ocrx_word' id='word_1_472' title='bbox 3000 3149 3232 3208; x_wconf 89' lang='lat' dir='ltr'><strong>manu;</strong></span> <span class='ocrx_word' id='word_1_473' title='bbox 3286 3150 3465 3195; x_wconf 92' lang='lat' dir='ltr'><strong>nunc</strong></span> <span class='ocrx_word' id='word_1_474' title='bbox 3516 3129 3880 3212; x_wconf 89' lang='lat' dir='ltr'><strong>ipsissimus</strong></span> <span class='ocrx_word' id='word_1_475' title='bbox 3931 3137 4034 3194; x_wconf 90' lang='lat' dir='ltr'><strong>est</strong></span> <span class='ocrx_word' id='word_1_476' title='bbox 4085 3128 4402 3213; x_wconf 88' lang='lat' dir='ltr'><strong>temporis</strong></span> 
     </span>
     <span class='ocr_line' id='line_1_79' title="bbox 2458 3211 4404 3298; baseline 0.002 -21"><span class='ocrx_word' id='word_1_477' title='bbox 2458 3211 2775 3280; x_wconf 89' lang='lat' dir='ltr'><strong>articulus</strong></span> <span class='ocrx_word' id='word_1_478' title='bbox 2818 3222 2884 3280; x_wconf 91' lang='lat' dir='ltr'><strong>et</strong></span> <span class='ocrx_word' id='word_1_479' title='bbox 2916 3222 3399 3298; x_wconf 87' lang='lat' dir='ltr'><strong>peropportuna</strong></span> <span class='ocrx_word' id='word_1_480' title='bbox 3440 3215 3688 3280; x_wconf 88' lang='lat' dir='ltr'><strong>occasio</strong></span> <span class='ocrx_word' id='word_1_481' title='bbox 3731 3212 4144 3280; x_wconf 88' lang='lat' dir='ltr'><strong>instaurandi</strong></span> <span class='ocrx_word' id='word_1_482' title='bbox 4178 3215 4404 3281; x_wconf 86' lang='lat' dir='ltr'><strong>omnia</strong></span> 
     </span>
     <span class='ocr_line' id='line_1_80' title="bbox 2458 3298 4401 3383; baseline 0.002 -20"><span class='ocrx_word' id='word_1_483' title='bbox 2458 3320 2625 3381; x_wconf 88' lang='lat' dir='ltr'><strong>qnae</strong></span> <span class='ocrx_word' id='word_1_484' title='bbox 2666 3300 2950 3383; x_wconf 87' lang='lat' dir='ltr'><strong>collapsa</strong></span> <span class='ocrx_word' id='word_1_485' title='bbox 2991 3301 3267 3366; x_wconf 87' lang='lat' dir='ltr'><strong>fuerant.</strong></span> <span class='ocrx_word' id='word_1_486' title='bbox 3369 3298 3504 3366; x_wconf 82' lang='lat' dir='ltr'><strong>Sed</strong></span> <span class='ocrx_word' id='word_1_487' title='bbox 3548 3299 3785 3366; x_wconf 91' lang='lat' dir='ltr'><strong>desunt</strong></span> <span class='ocrx_word' id='word_1_488' title='bbox 3825 3300 3952 3366; x_wconf 87' lang='lat' dir='ltr'><strong>viri</strong></span> <span class='ocrx_word' id='word_1_489' title='bbox 3995 3299 4290 3366; x_wconf 87' lang='lat' dir='ltr'><strong>doctrina</strong></span> <span class='ocrx_word' id='word_1_490' title='bbox 4331 3309 4401 3366; x_wconf 89' lang='lat' dir='ltr'><strong>et</strong></span> 
     </span>
     <span class='ocr_line' id='line_1_81' title="bbox 2457 3385 4395 3470; baseline 0.001 -21"><span class='ocrx_word' id='word_1_491' title='bbox 2457 3386 2703 3467; x_wconf 88' lang='lat' dir='ltr'><strong>pietate</strong></span> <span class='ocrx_word' id='word_1_492' title='bbox 2764 3386 3310 3452; x_wconf 90' lang='lat' dir='ltr'><strong>commendabiles</strong></span> <span class='ocrx_word' id='word_1_493' title='bbox 3416 3386 3485 3451; x_wconf 93' lang='lat' dir='ltr'><strong>ui</strong></span> <span class='ocrx_word' id='word_1_494' title='bbox 3550 3385 3675 3451; x_wconf 92' lang='lat' dir='ltr'><strong>hoc</strong></span> <span class='ocrx_word' id='word_1_495' title='bbox 3737 3393 4070 3470; x_wconf 88' lang='lat' dir='ltr'><strong>praestare</strong></span> <span class='ocrx_word' id='word_1_496' title='bbox 4134 3394 4395 3469; x_wconf 86' lang='lat' dir='ltr'><strong>queant.</strong></span> 
     </span>
     <span class='ocr_line' id='line_1_82' title="bbox 2456 3406 4401 3555; baseline 0.001 -20"><span class='ocrx_word' id='word_1_497' title='bbox 2456 3470 2885 3555; x_wconf 81' lang='lat' dir='ltr'><strong>Magistratus</strong></span> <span class='ocrx_word' id='word_1_498' title='bbox 2925 3482 2992 3537; x_wconf 91' lang='lat' dir='ltr'><strong>et</strong></span> <span class='ocrx_word' id='word_1_499' title='bbox 3051 3472 3330 3555; x_wconf 89' lang='lat' dir='ltr'><strong>populus</strong></span> <span class='ocrx_word' id='word_1_500' title='bbox 3372 3406 3653 3552; x_wconf 65' lang='lat' dir='ltr'><strong>denique</strong></span> <span class='ocrx_word' id='word_1_501' title='bbox 3696 3479 3871 3536; x_wconf 89' lang='lat' dir='ltr'><strong>totus</strong></span> <span class='ocrx_word' id='word_1_502' title='bbox 3912 3470 3982 3536; x_wconf 90' lang='lat' dir='ltr'><strong>in</strong></span> <span class='ocrx_word' id='word_1_503' title='bbox 4024 3470 4149 3536; x_wconf 92' lang='lat' dir='ltr'><strong>hoc</strong></span> <span class='ocrx_word' id='word_1_504' title='bbox 4191 3480 4291 3537; x_wconf 89' lang='lat' dir='ltr'><strong>est</strong></span> <span class='ocrx_word' id='word_1_505' title='bbox 4321 3479 4401 3537; x_wconf 84' lang='lat' dir='ltr'><strong>ut</strong></span> 
     </span>
     <span class='ocr_line' id='line_1_83' title="bbox 2454 3556 4395 3641; baseline 0 -19"><span class='ocrx_word' id='word_1_506' title='bbox 2454 3557 2849 3639; x_wconf 90' lang='lat' dir='ltr'><strong>reipublicae</strong></span> <span class='ocrx_word' id='word_1_507' title='bbox 2891 3558 3136 3641; x_wconf 91' lang='lat' dir='ltr'><strong>optimo</strong></span> <span class='ocrx_word' id='word_1_508' title='bbox 3178 3557 3574 3636; x_wconf 88' lang='lat' dir='ltr'><strong>consulatur,</strong></span> <span class='ocrx_word' id='word_1_509' title='bbox 3630 3556 3946 3623; x_wconf 85' lang='lat' dir='ltr'><strong>tollantur</strong></span> <span class='ocrx_word' id='word_1_510' title='bbox 3986 3556 4395 3638; x_wconf 86' lang='lat' dir='ltr'><strong>offendicula,</strong></span> 
     </span>
     <span class='ocr_line' id='line_1_84' title="bbox 2453 3642 4398 3727; baseline 0.002 -21"><span class='ocrx_word' id='word_1_511' title='bbox 2453 3642 2785 3721; x_wconf 87' lang='lat' dir='ltr'><strong>factiones,</strong></span> <span class='ocrx_word' id='word_1_512' title='bbox 2831 3643 3185 3709; x_wconf 88' lang='lat' dir='ltr'><strong>seditiones</strong></span> <span class='ocrx_word' id='word_1_513' title='bbox 3228 3652 3295 3708; x_wconf 89' lang='lat' dir='ltr'><strong>et</strong></span> <span class='ocrx_word' id='word_1_514' title='bbox 3335 3643 3625 3727; x_wconf 89' lang='lat' dir='ltr'><strong>reliquae</strong></span> <span class='ocrx_word' id='word_1_515' title='bbox 3662 3644 3730 3708; x_wconf 88' lang='lat' dir='ltr'><strong>id</strong></span> <span class='ocrx_word' id='word_1_516' title='bbox 3764 3663 3973 3727; x_wconf 90' lang='lat' dir='ltr'><strong>genus</strong></span> <span class='ocrx_word' id='word_1_517' title='bbox 4005 3642 4398 3726; x_wconf 82' lang='lat' dir='ltr'><strong>reipublicae</strong></span> 
     </span>
     <span class='ocr_line' id='line_1_85' title="bbox 2454 3728 4396 3813; baseline -0.002 -18"><span class='ocrx_word' id='word_1_518' title='bbox 2454 3736 2672 3813; x_wconf 91' lang='lat' dir='ltr'><strong>pestes</strong></span> <span class='ocrx_word' id='word_1_519' title='bbox 2712 3728 2797 3794; x_wconf 89' lang='lat' dir='ltr'><strong>ad</strong></span> <span class='ocrx_word' id='word_1_520' title='bbox 2840 3730 3045 3796; x_wconf 87' lang='lat' dir='ltr'><strong>malos</strong></span> <span class='ocrx_word' id='word_1_521' title='bbox 3088 3749 3318 3796; x_wconf 86' lang='lat' dir='ltr'><strong>corvos</strong></span> <span class='ocrx_word' id='word_1_522' title='bbox 3359 3729 3751 3813; x_wconf 88' lang='lat' dir='ltr'><strong>relegentur,</strong></span> <span class='ocrx_word' id='word_1_523' title='bbox 3806 3729 4167 3794; x_wconf 88' lang='lat' dir='ltr'><strong>ministerio</strong></span> <span class='ocrx_word' id='word_1_524' title='bbox 4210 3728 4396 3794; x_wconf 85' lang='lat' dir='ltr'><strong>verbi</strong></span> 
     </span>
     <span class='ocr_line' id='line_1_86' title="bbox 2455 3813 4394 3898; baseline -0.001 -19"><span class='ocrx_word' id='word_1_525' title='bbox 2455 3837 2615 3881; x_wconf 90' lang='lat' dir='ltr'><strong>suus</strong></span> <span class='ocrx_word' id='word_1_526' title='bbox 2678 3814 2990 3881; x_wconf 89' lang='lat' dir='ltr'><strong>reddatur</strong></span> <span class='ocrx_word' id='word_1_527' title='bbox 3049 3814 3288 3893; x_wconf 89' lang='lat' dir='ltr'><strong>honos,</strong></span> <span class='ocrx_word' id='word_1_528' title='bbox 3359 3814 3666 3880; x_wconf 89' lang='lat' dir='ltr'><strong>iuventus</strong></span> <span class='ocrx_word' id='word_1_529' title='bbox 3728 3814 3928 3898; x_wconf 90' lang='lat' dir='ltr'><strong>probe</strong></span> <span class='ocrx_word' id='word_1_530' title='bbox 3991 3813 4394 3893; x_wconf 89' lang='lat' dir='ltr'><strong>instituatur,</strong></span> 
     </span>
     <span class='ocr_line' id='line_1_87' title="bbox 2454 3898 4395 3983; baseline -0.002 -17"><span class='ocrx_word' id='word_1_531' title='bbox 2454 3902 2823 3967; x_wconf 89' lang='lat' dir='ltr'><strong>nosocomia</strong></span> <span class='ocrx_word' id='word_1_532' title='bbox 2876 3911 2945 3967; x_wconf 91' lang='lat' dir='ltr'><strong>et</strong></span> <span class='ocrx_word' id='word_1_533' title='bbox 3001 3898 3406 3966; x_wconf 90' lang='lat' dir='ltr'><strong>xenodochia</strong></span> <span class='ocrx_word' id='word_1_534' title='bbox 3463 3910 3883 3983; x_wconf 89' lang='lat' dir='ltr'><strong>reparentur,</strong></span> <span class='ocrx_word' id='word_1_535' title='bbox 3949 3919 4113 3983; x_wconf 89' lang='lat' dir='ltr'><strong>quae</strong></span> <span class='ocrx_word' id='word_1_536' title='bbox 4170 3899 4395 3964; x_wconf 83' lang='lat' dir='ltr'><strong>factio-</strong></span> 
     </span>
     <span class='ocr_line' id='line_1_88' title="bbox 2454 3986 4393 4072; baseline -0.002 -20"><span class='ocrx_word' id='word_1_537' title='bbox 2454 4008 2679 4052; x_wconf 90' lang='lat' dir='ltr'><strong>sorum</strong></span> <span class='ocrx_word' id='word_1_538' title='bbox 2757 3993 2825 4053; x_wconf 85' lang='lat' dir='ltr'><strong>et</strong></span> <span class='ocrx_word' id='word_1_539' title='bbox 2900 3987 3248 4072; x_wconf 89' lang='lat' dir='ltr'><strong>impiorum</strong></span> <span class='ocrx_word' id='word_1_540' title='bbox 3316 3986 3656 4050; x_wconf 89' lang='lat' dir='ltr'><strong>hominum</strong></span> <span class='ocrx_word' id='word_1_541' title='bbox 3721 4006 3916 4069; x_wconf 87' lang='lat' dir='ltr'><strong>opera</strong></span> <span class='ocrx_word' id='word_1_542' title='bbox 3985 3992 4393 4051; x_wconf 87' lang='lat' dir='ltr'><strong>corruerant:</strong></span> 
     </span>
     <span class='ocr_line' id='line_1_89' title="bbox 2454 4069 4397 4157; baseline -0.003 -18"><span class='ocrx_word' id='word_1_543' title='bbox 2454 4072 2570 4139; x_wconf 89' lang='lat' dir='ltr'><strong>sed</strong></span> <span class='ocrx_word' id='word_1_544' title='bbox 2602 4073 2976 4157; x_wconf 90' lang='lat' dir='ltr'><strong>paucissimi</strong></span> <span class='ocrx_word' id='word_1_545' title='bbox 3012 4080 3170 4140; x_wconf 90' lang='lat' dir='ltr'><strong>sunt</strong></span> <span class='ocrx_word' id='word_1_546' title='bbox 3202 4072 3312 4155; x_wconf 91' lang='lat' dir='ltr'><strong>qui</strong></span> <span class='ocrx_word' id='word_1_547' title='bbox 3348 4072 3492 4154; x_wconf 88' lang='lat' dir='ltr'><strong>pios</strong></span> <span class='ocrx_word' id='word_1_548' title='bbox 3526 4092 3749 4137; x_wconf 88' lang='lat' dir='ltr'><strong>eorum</strong></span> <span class='ocrx_word' id='word_1_549' title='bbox 3785 4078 4057 4136; x_wconf 87' lang='lat' dir='ltr'><strong>conatus</strong></span> <span class='ocrx_word' id='word_1_550' title='bbox 4084 4069 4397 4137; x_wconf 82' lang='lat' dir='ltr'><strong>adiuvent</strong></span> 
     </span>
     <span class='ocr_line' id='line_1_90' title="bbox 2454 4155 4396 4242; baseline -0.002 -19"><span class='ocrx_word' id='word_1_551' title='bbox 2454 4168 2522 4223; x_wconf 92' lang='lat' dir='ltr'><strong>et</strong></span> <span class='ocrx_word' id='word_1_552' title='bbox 2554 4170 3001 4242; x_wconf 85' lang='lat' dir='ltr'><strong>promoveant,</strong></span> <span class='ocrx_word' id='word_1_553' title='bbox 3045 4179 3247 4242; x_wconf 92' lang='lat' dir='ltr'><strong>quum</strong></span> <span class='ocrx_word' id='word_1_554' title='bbox 3291 4166 3509 4222; x_wconf 89' lang='lat' dir='ltr'><strong>tamen</strong></span> <span class='ocrx_word' id='word_1_555' title='bbox 3552 4178 3683 4222; x_wconf 94' lang='lat' dir='ltr'><strong>non</strong></span> <span class='ocrx_word' id='word_1_556' title='bbox 3724 4156 3939 4222; x_wconf 90' lang='lat' dir='ltr'><strong>desint</strong></span> <span class='ocrx_word' id='word_1_557' title='bbox 3978 4155 4243 4241; x_wconf 83' lang='lat' dir='ltr'><strong>plurimi</strong></span> <span class='ocrx_word' id='word_1_558' title='bbox 4286 4156 4396 4238; x_wconf 93' lang='lat' dir='ltr'><strong>qui</strong></span> 
     </span>
     <span class='ocr_line' id='line_1_91' title="bbox 2454 4241 4396 4328; baseline -0.002 -19"><span class='ocrx_word' id='word_1_559' title='bbox 2454 4245 2803 4311; x_wconf 86' lang='lat' dir='ltr'><strong>obturbare</strong></span> <span class='ocrx_word' id='word_1_560' title='bbox 2846 4246 3063 4328; x_wconf 89' lang='lat' dir='ltr'><strong>potius</strong></span> <span class='ocrx_word' id='word_1_561' title='bbox 3106 4265 3183 4310; x_wconf 91' lang='lat' dir='ltr'><strong>ac</strong></span> <span class='ocrx_word' id='word_1_562' title='bbox 3224 4244 3542 4308; x_wconf 86' lang='lat' dir='ltr'><strong>remorari</strong></span> <span class='ocrx_word' id='word_1_563' title='bbox 3584 4249 3919 4320; x_wconf 86' lang='lat' dir='ltr'><strong>conentur,</strong></span> <span class='ocrx_word' id='word_1_564' title='bbox 3977 4251 4043 4308; x_wconf 92' lang='lat' dir='ltr'><strong>et</strong></span> <span class='ocrx_word' id='word_1_565' title='bbox 4095 4241 4396 4307; x_wconf 88' lang='lat' dir='ltr'><strong>ecclcsia-</strong></span> 
     </span>
     <span class='ocr_line' id='line_1_92' title="bbox 2453 4326 4398 4412; baseline -0.002 -16"><span class='ocrx_word' id='word_1_566' title='bbox 2453 4352 2602 4396; x_wconf 91' lang='lat' dir='ltr'><strong>rum</strong></span> <span class='ocrx_word' id='word_1_567' title='bbox 2665 4330 3006 4397; x_wconf 83' lang='lat' dir='ltr'><strong>invideant</strong></span> <span class='ocrx_word' id='word_1_568' title='bbox 3069 4329 3543 4412; x_wconf 84' lang='lat' dir='ltr'><strong>tranquillitati.</strong></span> <span class='ocrx_word' id='word_1_569' title='bbox 3667 4329 4005 4395; x_wconf 87' lang='lat' dir='ltr'><strong>Hactenus</strong></span> <span class='ocrx_word' id='word_1_570' title='bbox 4072 4326 4398 4392; x_wconf 89' lang='lat' dir='ltr'><strong>Dominus</strong></span> 
     </span>
     <span class='ocr_line' id='line_1_93' title="bbox 2452 4410 4397 4483; baseline -0.001 -3"><span class='ocrx_word' id='word_1_571' title='bbox 2452 4437 2588 4481; x_wconf 90' lang='lat' dir='ltr'><strong>non</strong></span> <span class='ocrx_word' id='word_1_572' title='bbox 2651 4417 3069 4483; x_wconf 89' lang='lat' dir='ltr'><strong>mediocriter</strong></span> <span class='ocrx_word' id='word_1_573' title='bbox 3137 4425 3397 4481; x_wconf 88' lang='lat' dir='ltr'><strong>nostros</strong></span> <span class='ocrx_word' id='word_1_574' title='bbox 3459 4415 3713 4481; x_wconf 88' lang='lat' dir='ltr'><strong>labores</strong></span> <span class='ocrx_word' id='word_1_575' title='bbox 3776 4412 4151 4479; x_wconf 83' lang='lat' dir='ltr'><strong>fortunavit.</strong></span> <span class='ocrx_word' id='word_1_576' title='bbox 4259 4410 4397 4478; x_wconf 84' lang='lat' dir='ltr'><strong>Sed</strong></span> 
     </span>
     <span class='ocr_line' id='line_1_94' title="bbox 2454 4496 4397 4584; baseline -0.003 -17"><span class='ocrx_word' id='word_1_577' title='bbox 2454 4523 2646 4567; x_wconf 92' lang='lat' dir='ltr'><strong>nemo</strong></span> <span class='ocrx_word' id='word_1_578' title='bbox 2711 4510 2813 4569; x_wconf 90' lang='lat' dir='ltr'><strong>est</strong></span> <span class='ocrx_word' id='word_1_579' title='bbox 2878 4504 3065 4569; x_wconf 90' lang='lat' dir='ltr'><strong>cuius</strong></span> <span class='ocrx_word' id='word_1_580' title='bbox 3126 4520 3317 4584; x_wconf 87' lang='lat' dir='ltr'><strong>pares</strong></span> <span class='ocrx_word' id='word_1_581' title='bbox 3379 4500 3516 4567; x_wconf 90' lang='lat' dir='ltr'><strong>sint</strong></span> <span class='ocrx_word' id='word_1_582' title='bbox 3578 4499 3835 4566; x_wconf 89' lang='lat' dir='ltr'><strong>humeri</strong></span> <span class='ocrx_word' id='word_1_583' title='bbox 3913 4498 4084 4563; x_wconf 85' lang='lat' dir='ltr'><strong>tanti</strong></span> <span class='ocrx_word' id='word_1_584' title='bbox 4102 4496 4159 4584; x_wconf 83' lang='lat'><strong>⁹)</strong></span> <span class='ocrx_word' id='word_1_585' title='bbox 4236 4498 4397 4563; x_wconf 92' lang='lat' dir='ltr'><strong>moli</strong></span> 
     </span>
     <span class='ocr_line' id='line_1_95' title="bbox 2454 4586 4408 4669; baseline -0.002 -17"><span class='ocrx_word' id='word_1_586' title='bbox 2454 4588 2895 4668; x_wconf 89' lang='lat' dir='ltr'><strong>sustinendae,</strong></span> <span class='ocrx_word' id='word_1_587' title='bbox 2941 4587 3182 4653; x_wconf 91' lang='lat' dir='ltr'><strong>nedum</strong></span> <span class='ocrx_word' id='word_1_588' title='bbox 3226 4587 3374 4664; x_wconf 92' lang='lat' dir='ltr'><strong>mei,</strong></span> <span class='ocrx_word' id='word_1_589' title='bbox 3419 4587 3533 4669; x_wconf 92' lang='lat' dir='ltr'><strong>qui</strong></span> <span class='ocrx_word' id='word_1_590' title='bbox 3573 4607 3723 4652; x_wconf 92' lang='lat' dir='ltr'><strong>sum</strong></span> <span class='ocrx_word' id='word_1_591' title='bbox 3766 4586 3982 4650; x_wconf 90' lang='lat' dir='ltr'><strong>animo</strong></span> <span class='ocrx_word' id='word_1_592' title='bbox 4020 4591 4089 4650; x_wconf 91' lang='lat' dir='ltr'><strong>et</strong></span> <span class='ocrx_word' id='word_1_593' title='bbox 4127 4604 4408 4666; x_wconf 80' lang='lat' dir='ltr'><strong>corpore</strong></span> 
     </span>
    </p>
   </div>
   <div class='ocr_carea' id='block_1_18' title="bbox 2451 4739 2862 4755">
    <p class='ocr_par' dir='ltr' id='par_1_22' title="bbox 2451 4739 2862 4755">
     <span class='ocr_line' id='line_1_96' title="bbox 2451 4739 2862 4755; baseline 0 0"><span class='ocrx_word' id='word_1_594' title='bbox 2451 4739 2862 4755; x_wconf 95' lang='lat' dir='ltr'><strong> </strong></span> 
     </span>
    </p>
   </div>
   <div class='ocr_carea' id='block_1_19' title="bbox 2447 4826 4395 5448">
    <p class='ocr_par' dir='ltr' id='par_1_23' title="bbox 2447 4826 4395 5448">
     <span class='ocr_line' id='line_1_97' title="bbox 2657 4826 3277 4882; baseline -0.005 0"><span class='ocrx_word' id='word_1_595' title='bbox 2657 4828 2692 4882; x_wconf 84' lang='lat'><strong>3</strong></span> <span class='ocrx_word' id='word_1_596' title='bbox 2754 4826 2803 4881; x_wconf 82' lang='lat' dir='ltr'><strong>le</strong></span> <span class='ocrx_word' id='word_1_597' title='bbox 2837 4841 2897 4881; x_wconf 80' lang='lat' dir='ltr'><strong>e.-</strong></span> <span class='ocrx_word' id='word_1_598' title='bbox 2932 4827 3277 4881; x_wconf 83' lang='lat' dir='ltr'><strong>tutissimum.</strong></span> 
     </span>
     <span class='ocr_line' id='line_1_98' title="bbox 2657 4831 4393 4965; baseline -0.005 -15"><span class='ocrx_word' id='word_1_599' title='bbox 2657 4831 2720 4955; x_wconf 45' lang='lat'><strong>43</strong></span> <span class='ocrx_word' id='word_1_600' title='bbox 2755 4842 2895 4965; x_wconf 63' lang='lat' dir='ltr'><strong>lege:</strong></span> <span class='ocrx_word' id='word_1_601' title='bbox 2948 4894 3337 4965; x_wconf 83' lang='lat' dir='ltr'><strong>Gratianopoli.</strong></span> <span class='ocrx_word' id='word_1_602' title='bbox 3414 4891 3610 4949; x_wconf 64' lang='grc' dir='ltr'><strong>Ειίαω</strong></span> <span class='ocrx_word' id='word_1_603' title='bbox 3650 4892 3718 4947; x_wconf 63' lang='lat' dir='ltr'><strong>in</strong></span> <span class='ocrx_word' id='word_1_604' title='bbox 3755 4890 3984 4961; x_wconf 65' lang='lat' dir='ltr'><strong>reliquis</strong></span> <span class='ocrx_word' id='word_1_605' title='bbox 4034 4905 4151 4945; x_wconf 70' lang='lat' dir='ltr'><strong>non</strong></span> <span class='ocrx_word' id='word_1_606' title='bbox 4206 4887 4393 4944; x_wconf 65' lang='lat' dir='ltr'><strong>omnia</strong></span> 
     </span>
     <span class='ocr_line' id='line_1_99' title="bbox 2452 4959 4155 5042; baseline -0.005 -21"><span class='ocrx_word' id='word_1_607' title='bbox 2452 4965 2585 5021; x_wconf 77' lang='lat' dir='ltr'><strong>bene</strong></span> <span class='ocrx_word' id='word_1_608' title='bbox 2616 4980 2674 5020; x_wconf 79' lang='lat' dir='ltr'><strong>se</strong></span> <span class='ocrx_word' id='word_1_609' title='bbox 2707 4964 2905 5020; x_wconf 72' lang='lat' dir='ltr'><strong>habere</strong></span> <span class='ocrx_word' id='word_1_610' title='bbox 2936 4963 3214 5031; x_wconf 69' lang='lat' dir='ltr'><strong>videntur,</strong></span> <span class='ocrx_word' id='word_1_611' title='bbox 3252 4965 3392 5017; x_wconf 75' lang='lat' dir='ltr'><strong>certe</strong></span> <span class='ocrx_word' id='word_1_612' title='bbox 3426 4962 3480 5016; x_wconf 71' lang='lat' dir='ltr'><strong>si</strong></span> <span class='ocrx_word' id='word_1_613' title='bbox 3508 4961 3897 5042; x_wconf 69' lang='lat' dir='ltr'><strong>qrammaticos</strong></span> <span class='ocrx_word' id='word_1_614' title='bbox 3931 4959 4155 5042; x_wconf 66' lang='lat' dir='ltr'><strong>audias·</strong></span> 
     </span>
     <span class='ocr_line' id='line_1_100' title="bbox 2658 5024 4395 5104; baseline -0.005 -15"><span class='ocrx_word' id='word_1_615' title='bbox 2658 5033 2718 5095; x_wconf 77' lang='lat'><strong>5)</strong></span> <span class='ocrx_word' id='word_1_616' title='bbox 2754 5034 2897 5104; x_wconf 67' lang='lat' dir='ltr'><strong>leae.-</strong></span> <span class='ocrx_word' id='word_1_617' title='bbox 2949 5033 3324 5087; x_wconf 78' lang='lat' dir='ltr'><strong>Sammartaui.</strong></span> <span class='ocrx_word' id='word_1_618' title='bbox 3420 5029 3597 5085; x_wconf 63' lang='lat' dir='ltr'><strong>Omns</strong></span> <span class='ocrx_word' id='word_1_619' title='bbox 3643 5030 3772 5098; x_wconf 72' lang='lat' dir='ltr'><strong>fata</strong></span> <span class='ocrx_word' id='word_1_620' title='bbox 3820 5029 3981 5087; x_wconf 63' lang='lat' dir='ltr'><strong>nobas</strong></span> <span class='ocrx_word' id='word_1_621' title='bbox 4027 5040 4213 5082; x_wconf 69' lang='lat' dir='ltr'><strong>munos</strong></span> <span class='ocrx_word' id='word_1_622' title='bbox 4264 5024 4395 5081; x_wconf 71' lang='lat' dir='ltr'><strong>bene</strong></span> 
     </span>
     <span class='ocr_line' id='line_1_101' title="bbox 2447 5098 4057 5161; baseline -0.007 0"><span class='ocrx_word' id='word_1_623' title='bbox 2447 5106 2828 5161; x_wconf 60' lang='lat' dir='ltr'><strong>motum.</strong></span> <span class='ocrx_word' id='word_1_624' title='bbox 2898 5100 2989 5157; x_wconf 79' lang='lat' dir='ltr'><strong>De</strong></span> <span class='ocrx_word' id='word_1_625' title='bbox 3019 5101 3109 5157; x_wconf 70' lang='lat' dir='ltr'><strong>his</strong></span> <span class='ocrx_word' id='word_1_626' title='bbox 3140 5099 3378 5156; x_wconf 67' lang='lat' dir='ltr'><strong>cinaeus</strong></span> <span class='ocrx_word' id='word_1_627' title='bbox 3408 5098 3473 5153; x_wconf 87' lang='lat' dir='ltr'><strong><em>H</em></strong></span> <span class='ocrx_word' id='word_1_628' title='bbox 3595 5099 3608 5112; x_wconf 79' lang='lat'><em>⁶</em></span> <span class='ocrx_word' id='word_1_629' title='bbox 3706 5098 3851 5155; x_wconf 64' lang='grc' dir='ltr'><strong>ηῡκῖ</strong></span> <span class='ocrx_word' id='word_1_630' title='bbox 3880 5098 4057 5154; x_wconf 63' lang='lat' dir='ltr'><strong>haba.</strong></span> 
     </span>
     <span class='ocr_line' id='line_1_102' title="bbox 2655 5173 3779 5312; baseline -0.002 -18"><span class='ocrx_word' id='word_1_631' title='bbox 2655 5174 2716 5305; x_wconf 51' lang='lat'><strong>‘⁶7³3</strong></span> <span class='ocrx_word' id='word_1_632' title='bbox 2754 5173 3228 5312; x_wconf 43' lang='lat' dir='ltr'><strong>ggffiggfflgfoezg</strong></span> <span class='ocrx_word' id='word_1_633' title='bbox 3269 5238 3567 5309; x_wconf 78' lang='lat' dir='ltr'><strong>deploratis</strong></span> <span class='ocrx_word' id='word_1_634' title='bbox 3599 5238 3779 5293; x_wconf 82' lang='lat' dir='ltr'><strong>rebus.</strong></span> 
     </span>
     <span class='ocr_line' id='line_1_103' title="bbox 2655 5307 3233 5381; baseline -0.003 -16"><span class='ocrx_word' id='word_1_635' title='bbox 2655 5310 2715 5378; x_wconf 84' lang='lat'><strong>8)</strong></span> <span class='ocrx_word' id='word_1_636' title='bbox 2753 5311 2899 5366; x_wconf 89' lang='lat' dir='ltr'><strong>omni</strong></span> <span class='ocrx_word' id='word_1_637' title='bbox 2934 5327 3000 5365; x_wconf 86' lang='lat' dir='ltr'><strong>ex</strong></span> <span class='ocrx_word' id='word_1_638' title='bbox 3035 5307 3233 5381; x_wconf 78' lang='lat' dir='ltr'><strong>parte?</strong></span> 
     </span>
     <span class='ocr_line' id='line_1_104' title="bbox 2655 5380 2953 5448; baseline -0.003 -14"><span class='ocrx_word' id='word_1_639' title='bbox 2655 5380 2716 5448; x_wconf 82' lang='grc'><strong>9)</strong></span> <span class='ocrx_word' id='word_1_640' title='bbox 2750 5386 2953 5435; x_wconf 61' lang='lat' dir='ltr'><strong>unta.</strong></span> 
     </span>
    </p>
   </div>
   <div class='ocr_carea' id='block_1_20' title="bbox 5023 5 5036 807">
    <p class='ocr_par' dir='ltr' id='par_1_24' title="bbox 5023 5 5036 807">
     <span class='ocr_line' id='line_1_105' title="bbox 5023 5 5036 807; baseline 0 0"><span class='ocrx_word' id='word_1_641' title='bbox 5023 5 5036 807; x_wconf 95' lang='lat' dir='ltr'><strong> </strong></span> 
     </span>
    </p>
   </div>
  </div>
 </body>
</html>
