5050 6167
521 423 651 489 829

518 610 728 679 velim
768 610 902 677 illis
944 611 1233 695 spatium
1274 608 1420 676 dari
1460 608 1546 676 ad
1588 609 2043 697 cogitandum,
2088 617 2160 676 et
2197 609 2480 704 ne·illos

519 697 719 765 nimis
760 707 1000 783 urgeat
1040 706 1158 763 aut
1212 697 1595 782 interpellet,
1650 697 1951 765 nuncius.
2040 697 2190 763 Non
2242 718 2478 781 pareas

520 784 911 867 sumptibus,
965 790 1035 848 et
1086 780 1156 848 id
1199 804 1393 850 omne
1435 780 1611 866 quod
1666 782 2071 867 impenderis
2124 785 2478 849 resarciam

521 877 590 936 et
627 869 901 935 reddam
944 879 1264 952 quantum
1306 869 1598 950 iusseris,
1655 883 1852 955 atque
1909 871 2006 935 ita
2052 890 2162 935 me
2218 869 2479 936 abunde

515 954 849 1022 facturum
892 974 1110 1021 meam
1150 952 1350 1022 fidem
1391 954 1493 1022 do.

690 1040 864 1107 Vale
904 1041 1131 1126 igitur,
1188 1041 1640 1108 amantissime
1691 1040 1860 1106 mihi
1911 1041 1985 1105 in
2037 1040 2349 1121 Domino,
2409 1047 2479 1107 et

516 1123 645 1192 hoe
697 1148 834 1193 non
890 1128 1114 1193 minus
1180 1128 1286 1210 (ut
1332 1134 1401 1192 te
1464 1125 1799 1193 facturum
1865 1147 1998 1192 non
2065 1125 2293 1193 dubito
2359 1147 2477 1210 pro

516 1213 728 1280 veteri
763 1220 993 1280 nostra
1026 1210 1527 1299 consuetudine)
1576 1211 1926 1298 diligenter
1968 1232 2145 1291 eura,
2193 1220 2262 1278 et
2302 1214 2474 1295 quod

514 1297 615 1364 illi
671 1298 801 1365 viri
859 1299 1033 1378 boni,
1099 1298 1183 1364 ad
1249 1319 1413 1382 quos
1476 1298 1678 1367 velim
1743 1299 2041 1383 protinus
2097 1299 2203 1364 his
2267 1296 2475 1365 literis

515 1386 799 1467 acceptis
839 1386 1087 1463 mittas,
1131 1383 1608 1469 responderint,
1664 1385 1768 1451 fae
1813 1393 1887 1450 ut
1927 1383 2343 1470 obsignatum
2391 1387 2474 1450 ab

512 1469 648 1536 illis
714 1491 913 1554 quam
974 1470 1265 1555 primum
1328 1470 1495 1536 mihi
1558 1491 1678 1555 per
1754 1470 2090 1536 hominem
2161 1469 2472 1536 idoneum

514 1554 853 1623 reddatur.
942 1555 1268 1641 Cupimus
1311 1558 1488 1622 enim
1532 1576 1810 1641 semper,
1863 1554 2077 1640 quoad
2131 1556 2273 1623 eius
2330 1556 2473 1622 fieri

602 1641 789 1722 terit,
866 1643 1041 1709 faeta
1103 1652 1333 1709 nostra
1401 1661 1597 1726 quam
1662 1642 1965 1725 plurimis
2029 1641 2469 1725 comprobare.

581 1728 663 1794 tsi
710 1727 889 1793 enim
934 1726 1016 1795 de
1059 1727 1183 1795 hac
1225 1730 1607 1812 quaestione
1648 1750 1781 1794 non
1819 1729 2019 1812 plane
2054 1730 2471 1812 pronuncias,

511 1814 706 1882 video
758 1821 986 1881 tamen
1042 1814 1206 1881 satis
1263 1835 1458 1899 quam
1516 1814 1590 1880 in
1645 1825 1901 1897 partem
1954 1815 2022 1881 in
2079 1814 2298 1880 libello
2352 1822 2472 1880 tuo

512 1908 750 1985 vergat
785 1920 862 1965 ae
894 1899 1169 1966 inclinet
1202 1902 1413 1967 oratio
1446 1922 1522 1967 ao
1556 1902 1906 1967 sententia.
1992 1899 2218 1966 Nihilo
2252 1901 2472 1966 minus

511 1985 800 2069 reliquos
842 2005 883 2050 a
927 1986 1165 2070 quibus
1199 2006 1584 2069 responsum
1622 1995 2077 2071 exspectamus
2111 2007 2249 2052 non
2280 1986 2471 2052 aliter

512 2071 834 2138 excitabis
874 2071 1089 2137 literis
1124 2073 1256 2138 tuis
1298 2072 1427 2139 nisi
1471 2082 1551 2138 ut
1593 2071 1706 2137 dili
1758 2082 1947 2138 enter
1990 2093 2133 2138 rem
2175 2072 2471 2139 conside-

510 2164 681 2238 rent,
725 2178 803 2225 ac
846 2157 920 2224 in
960 2157 1096 2225 Dei
1150 2170 1219 2224 et
1243 2178 1364 2226 suo
1419 2158 1661 2242 spiritu
1742 2156 1918 2225 ‘bere
1972 2157 2131 2243 quid
2183 2159 2474 2226 sentiant

2355 426 2517 490 1544
2562 443 2616 487 s.
2661 420 2722 488 d.

4411 430 4540 493 830

2584 609 3040 693 pronuncient,
3084 607 3259 693 quod
3315 615 3542 677 tamen
3595 618 3667 676 te
3715 611 4047 678 facturum
4098 632 4236 679 non
4289 611 4539 681 dubito.

2585 695 2733 762 Hoc
2774 704 2841 762 te
2882 701 3224 780 praeterea
3257 716 3673 780 summopere
3706 703 3968 763 oratum
4001 697 4223 779 velim,
4267 706 4344 764 ut
4376 699 4541 768 haec

2585 790 2837 848 secreta
2870 779 3041 865 apud
3080 789 3147 846 te
3180 781 3538 861 contineas,
3575 804 3787 866 neque
3819 782 3978 850 huie
4012 782 4237 871 (quem
4264 784 4541 852 huiusce

2587 869 2832 953 negotii
2874 866 3061 933 nullo
3100 866 3292 933 modo
3333 867 3459 935 feei
3500 867 3917 955 participem)
3978 877 4093 935 aut
4150 871 4342 937 alteri
4398 872 4538 936 cui-

2587 955 2764 1037 piam
2824 955 2974 1020 istic
3037 953 3462 1020 commiseris.
3572 952 3709 1020 Sed
3780 955 3941 1021 haee
3997 976 4193 1039 quam
4249 957 4539 1023 maxime

2584 1041 2728 1105 fieri
2770 1050 2982 1123 potest
3023 1036 3305 1105 fideliter
3360 1039 3669 1123 expeditu
3724 1061 3845 1125 per
3896 1039 4206 1108 idoneum
4264 1064 4341 1109 ae
4392 1063 4539 1127 pro-

2585 1125 2808 1274 batu?
2868 1125 3086 1192 virum
3141 1125 3421 1191 remitte.
3511 1125 3683 1192 Vale
3737 1127 3997 1193 iterum.
4074 1118 4162 1191 Εῧ
4215 1129 4371 1193 ἔστω
4435 1131 4541 1193 καὶ

2581 1209 2679 1274 ἀεὶ
2758 1233 2906 1275 στω.

3748 1349 3930 1416 Tuus
3975 1349 4284 1435 Gapnius.
4313 1353 4365 1437 ¹)

2612 1620 3494 1686 600.1)Siveleimimhanc
3536 1637 3622 1692 ep.
3666 1623 4001 1692 inspuent,
4046 1622 4213 1690 faede
4255 1624 4529 1696 &biper-

2780 1689 2809 1772 J
2870 1706 2992 1745 eam
3033 1689 3221 1772 ipsam
3265 1705 3381 1745 ase
3562 1761 3574 1773 ·
3612 1691 3844 1748 Calvino
3888 1692 4229 1773 occasionem
4266 1697 4533 1775 praebuit

2580 1759 2831 1841 Οοηεξῑια·
2862 1759 3117 1827 Duthen,
3154 1707 3603 1841 udam-mag
3633 1762 3912 1816 etBuoen
3935 1763 4169 1831 petendi
4197 1763 4531 1820 domandis

2569 1829 2988 1953 ροοὲιῖβσιοὲινηι
2997 1829 3671 1954 Ἢειιιιοπῶίιῖἷὲακὲσ
3689 1830 3941 1900 Proleqa.
3955 1837 4153 1887 nostra
4171 1830 4321 1915 Qpp.
4341 1832 4402 1913 Τ.
4420 1833 4533 1917 VI:

2568 1901 2878 2036 ame>-
2877 2007 2895 2035 ‚
2941 1913 3060 2022 κε,
3104 1913 3233 2022 „3⁸0
3246 1914 3454 2022 wm-
3499 1900 4061 2035 ,mmmmm
4069 1901 4532 2039 verreret

2576 2039 2748 2105 seqq.)
2793 2036 2924 2117 ‚eine
2974 2036 3143 2092 dubio
3195 2034 3284 2117 ad·
3321 2036 3552 2092 eandm
3602 2036 3882 2118 Capitium
3932 2041 4174 2108 emptae
4220 2045 4369 2095 aaut.
4449 2040 4533 2096 Ex

2576 2120 2747 2186 qaum
2779 2121 2904 2187 tam·
2930 2120 3002 2160 m.
3037 2105 3315 2161 Ianum-⁸0
3352 2107 3489 2161 1545
3533 2104 4021 2188 thtenoberqmes
4066 2107 4135 2188 ἅς
4178 2122 4246 2163 ea
4278 2123 4342 2163 re
4373 2107 4527 2189 adw-

2573 2179 2669 2243 nt,
2706 2173 4528 2248 hnmmoemoeadssnmanmpmooedonmnponm.

1900 5337 2399 5407 BBUNSVIGAR,
2436 5334 2659 5393 mls
2691 5336 2764 5391 Η.
2803 5334 3144 5391 mmmm.
