5050 6167
434 425 547 492 333

426 639 601 685 nunc
640 617 763 683 tibi
819 626 1010 684 autor
1051 619 1174 698 sit,
1227 618 1400 702 quod
1456 618 1526 684 id
1575 618 1842 685 nullum
1890 614 2379 683 incommodum

424 704 663 769 habere
704 701 906 783 dicat,
965 714 1041 770 ut
1080 714 1233 788 post
1283 706 1554 771 missam
1598 705 1896 770 auditam
1938 703 2160 787 aliqua
2199 723 2376 769 oom-

423 789 753 856 munionis
796 790 1045 873 species
1089 792 1555 876 subiungatur,
1612 811 1779 874 quae
1823 808 2063 855 coenae
2106 788 2378 855 Domini

423 877 558 941 loco
602 875 705 941 sit.
772 875 952 941 mad
993 897 1191 961 porro
1234 898 1275 943 a
1316 875 1599 961 quadam
1634 898 1723 942 ex
1768 876 1897 941 tuis
1937 872 2198 958 probari
2241 896 2374 938 non

420 962 729 1044 potuisse,
774 961 948 1045 quod
992 964 1203 1028 verita
1246 964 1352 1041 sit,
1397 982 1485 1028 ne
1527 961 1685 1045 quid
1732 961 1839 1028 hic
1881 962 2072 1026 fieret
2114 980 2246 1024 non
2286 982 2374 1024 ex

418 1046 549 1113 Dei
588 1048 794 1114 verbo
808 1098 824 1127 ,
878 1047 1051 1131 quod
1106 1057 1334 1133 aperte
1389 1048 1641 1114 malum
1692 1068 1837 1113 esse
1894 1046 2186 1112 sentiret.
2276 1047 2373 1110 'Pe

418 1144 639 1199 autem
694 1132 862 1199 bono
915 1133 1031 1199 illo
1071 1133 1154 1199 N.
1201 1145 1428 1200 autore
1483 1154 1618 1199 non
1674 1145 1936 1199 tantum
1991 1152 2149 1216 erga
2188 1130 2373 1196 illam

415 1218 681 1284 vultum
723 1229 911 1285 tuum
954 1221 1357 1297 immutasse,
1401 1218 1519 1285 sed
1561 1227 1630 1283 et
1669 1220 1741 1283 in
1785 1239 1929 1284 eam
1974 1218 2371 1283 sententiam

416 1304 784 1384 adductam,
829 1313 902 1370 ut
941 1305 1216 1370 minime
1255 1304 1596 1371 ferendam
1629 1304 1814 1369 illam
1848 1303 2142 1369 mulieris
2185 1313 2252 1368 et
2286 1304 2371 1368 si-

414 1390 676 1456 milium
719 1391 1170 1457 morositatem
1211 1392 1568 1468 existimes,
1614 1410 1782 1474 quae
1824 1410 1945 1456 sua
1975 1389 2371 1472 importuni-

412 1484 552 1542 tate
616 1475 1001 1542 scandalum
1059 1477 1345 1542 infirmis
1399 1477 1544 1542 sine
1608 1497 1806 1543 causa
1869 1474 2138 1543 adferat.
2225 1475 2371 1558 Ego

412 1583 571 1628 vero
615 1583 818 1646 quum
861 1562 1050 1629 istius
1105 1563 1201 1628 rei
1245 1562 1380 1627 tale
1423 1573 1828 1628 momentum
1866 1581 2009 1626 esse
2053 1560 2368 1638 viderem,

410 1659 490 1714 ut
533 1647 936 1714 dissimulari
978 1647 1163 1713 nullo
1198 1648 1392 1715 modo
1436 1658 1659 1731 posset
1701 1646 1819 1712 tibi
1861 1648 2061 1713 etiam
2105 1666 2185 1711 ea
2216 1665 2368 1729 pro-

404 1734 567 1818 poni
609 1754 779 1817 quae
820 1733 1013 1818 longe
1057 1733 1251 1799 aliter
1293 1756 1364 1801 se
1398 1733 1734 1811 haberent,
1779 1732 1954 1815 apud
1995 1751 2102 1795 me
2145 1729 2368 1797 decre·

404 1840 642 1885 veram
658 1870 675 1898 ,
731 1817 890 1904 quid
939 1821 1080 1903 ipse
1125 1820 1469 1898 sentirem,
1529 1821 1583 1885 si
1639 1817 1794 1903 quid
1852 1839 1936 1883 ex
1992 1816 2123 1881 Dei
2167 1816 2366 1883 verbo

403 1905 687 1988 percepi,
731 1906 977 1988 scripto
1019 1906 1143 1971 tibi
1184 1906 1456 1989 aperire.
1547 1902 1902 1987 Quumque
1955 1905 2027 1968 in
2069 1924 2148 1967 ea
2187 1903 2367 1987 cogi-

403 1993 657 2058 tatione
700 1990 954 2056 defixus
997 1990 1355 2068 haererem,
1414 1990 1936 2057 commodissime
1990 2010 2032 2054 a
2072 1987 2156 2052 N.
2200 1987 2364 2053 mihi

402 2078 849 2162 significatum
903 2084 1009 2142 est
1064 2088 1130 2142 te
1186 2077 1311 2143 hoc
1368 2078 1584 2160 ipsum
1642 2098 1682 2141 a
1738 2097 1844 2140 me
1888 2088 2232 2158 expetere,
2291 2082 2366 2139 ut

400 2163 565 2247 quid
605 2165 680 2228 in
720 2185 794 2228 re
835 2163 1148 2247 perplexa
1190 2163 1308 2227 tibi
1351 2159 1759 2245 sequendum
1801 2172 1992 2238 esset,
2048 2157 2253 2225 semel
2297 2167 2365 2225 et

399 2250 578 2315 serio
623 2248 1045 2333 intelligeres.
1133 2247 1300 2313 Inde
1342 2248 1547 2331 igitur
1599 2249 1857 2312 animus
1913 2245 2111 2311 etiam
2156 2245 2365 2311 crevit

400 2335 604 2401 huius
649 2332 826 2417 apud
878 2342 945 2400 te
997 2333 1319 2418 fungendi
1375 2333 1571 2399 officii
1588 2382 1603 2408 ,
1660 2353 1787 2414 quo
1840 2340 1917 2396 ut
1969 2352 2159 2415 spero
2220 2350 2361 2397 rem

396 2420 614 2504 ipsam
655 2421 754 2486 ita
790 2420 909 2486 tibi
947 2421 1029 2486 ob
1073 2419 1293 2486 oculos
1336 2439 1593 2503 ponam,
1636 2432 1714 2483 ut
1756 2416 1916 2502 quid
1969 2417 2049 2482 de
2106 2436 2186 2482 ea
2226 2426 2361 2482 sta-

396 2505 720 2573 tuendum
763 2507 880 2585 sit,
938 2527 1075 2571 non
1130 2506 1228 2571 ita
1282 2504 1548 2570 difficile
1601 2503 1889 2588 colligas.
1977 2502 2115 2569 Fac
2158 2504 2362 2587 igitur

396 2603 474 2658 ut
516 2613 723 2676 quum
766 2591 897 2659 Dei
942 2592 1194 2658 veritas
1238 2594 1311 2657 in
1354 2590 1642 2656 medium
1687 2588 1992 2673 prodibit,
2038 2589 2132 2655 sic
2174 2589 2359 2654 illam

394 2698 742 2764 agnoscas,
788 2688 863 2743 ut
903 2678 1085 2744 zelus
1126 2679 1250 2744 iste
1294 2689 1452 2743 tuus
1497 2684 1632 2742 tam
1677 2676 1758 2742 ab
1794 2676 1972 2742 omni
2016 2681 2357 2741 contuma-

394 2766 502 2831 cia
559 2764 747 2843 absit,
816 2785 1014 2848 quam
1068 2772 1134 2830 te
1189 2765 1318 2829 Dei
1375 2764 1721 2828 timentem
1787 2772 1855 2827 et
1905 2761 2095 2827 verbi
2148 2761 2358 2845 ipsius

396 2849 722 2917 auditioni
766 2859 1151 2916 reverenter
1195 2849 1558 2915 subiectam
1592 2848 1757 2913 mihi
1794 2847 2115 2913 hactenus
2151 2866 2357 2930 agno·

394 2938 574 3003 visse
618 2935 799 3001 visus
842 2957 1009 3001 sum.
1097 2936 1192 3000 Et
1242 2934 1414 3019 quod
1470 2935 1554 3000 ad
1597 2934 1747 2999 illas
1798 2933 2168 3000 occasiones
2212 2936 2356 3016 qui-

392 3022 521 3089 bus
564 3021 814 3086 factum
855 3028 986 3099 est,
1045 3030 1124 3086 ut
1164 3041 1391 3086 rumor
1433 3021 1557 3086 iste
1600 3021 1889 3103 primum
1931 3017 2015 3083 ad
2058 3039 2166 3084 me
2208 3039 2357 3103 per-

396 3107 686 3185 veniret,
742 3106 881 3172 noli
923 3106 995 3171 in
1037 3106 1172 3171 illis
1216 3104 1639 3191 exquirendis
1684 3106 1989 3184 haerere,
2044 3125 2247 3188 quum
2289 3112 2359 3169 et

391 3194 513 3276 qui
555 3191 676 3258 illa
716 3190 1116 3271 referebant,
1176 3212 1311 3257 non
1364 3199 1677 3275 putarent
1732 3202 1797 3256 te
1849 3210 1890 3255 a
1930 3210 2038 3254 me
2079 3190 2359 3256 istorum

391 3277 879 3345 admonendam
917 3299 1207 3360 unquam
1261 3299 1433 3356 esse,
1492 3297 1613 3361 ego
1650 3297 1811 3342 vero
1853 3276 2099 3342 centies
2141 3276 2358 3359 perire

389 3364 644 3443 malim,
687 3384 887 3447 quam
929 3372 1006 3429 ut
1047 3363 1247 3430 ullius
1280 3361 1577 3428 mortalis
1610 3363 1824 3447 gratia
1858 3361 1968 3428 vel
2000 3363 2357 3443 occasione,

389 3451 529 3517 Dei
574 3449 849 3517 verbum
886 3450 1222 3516 inflexisse
1266 3461 1383 3515 aut
1418 3448 1768 3531 protulisse
1813 3449 2011 3513 etiam
2045 3446 2173 3515 dici
2206 3468 2356 3532 pos-

391 3538 542 3603 sim.
611 3534 893 3602 Summa
934 3556 1131 3602 causa
1170 3535 1377 3620 igitur
1420 3534 1583 3602 haec
1629 3556 1762 3601 una
1803 3542 1921 3613 est,
1967 3532 2141 3618 quod
2183 3534 2357 3600 ferre

390 3644 531 3689 nou
573 3623 900 3707 potuerim
942 3622 1223 3687 verbum
1263 3621 1392 3687 Dei
1436 3622 1531 3686 ita
1572 3619 1854 3704 sepeliri,
1906 3620 2172 3699 inverti,
2216 3641 2356 3686 cor-

392 3709 635 3791 rumpi,
682 3707 1034 3792 depravari
1075 3707 1147 3772 in
1181 3706 1377 3773 rebus
1411 3708 1582 3772 tanti
1614 3706 1951 3785 momenti,
1996 3714 2065 3772 et
2107 3704 2189 3773 ab
2223 3705 2355 3773 illis

390 3795 558 3879 ipsis
615 3792 853 3878 quibus
907 3792 1107 3860 fidem
1163 3791 1464 3873 adhibes,
1520 3800 1589 3858 et
1640 3812 1801 3876 quos
1860 3811 1900 3856 a
1946 3790 2035 3857 ud
2091 3797 2160 3856 te
2216 3810 2355 3856 non

390 3880 659 3964 vulgari
701 3878 842 3947 loco
887 3900 1029 3945 esse
1074 3880 1192 3945 vis.
1263 3877 1455 3960 Quod
1500 3879 1521 3941 i
1573 3878 1706 3942 ‘tur
1746 3877 1830 3942 ad
1932 3926 1946 3942 .
1993 3877 2248 3957 attinet,
2295 3878 2353 3942 si

392 3966 517 4033 tibi
560 3967 854 4050 aperiam
910 3963 1068 4050 quid
1126 3965 1209 4030 de
1263 3964 1377 4029 illo
1509 3964 1521 3977 ‘
1583 3964 1594 3977 '
1653 3972 2060 4046 compertum
2113 3963 2216 4041 sit,
2278 3974 2355 4028 ut

392 4051 703 4136 deinceps
739 4050 858 4116 tibi
894 4050 1271 4133 prospicias,
1307 4070 1522 4133 neque
1556 4049 1763 4132 ipsius
1800 4047 2165 4114 doctrinam
2199 4069 2353 4114 con-

392 4136 709 4205 fidentius
750 4135 1080 4213 admittas,
1128 4137 1492 4201 timendum
1551 4133 1714 4199 mihi
1771 4155 1903 4200 non
1953 4142 2179 4218 putem
2193 4185 2211 4214 ,
2270 4156 2354 4200 ne

394 4224 470 4289 in
514 4223 765 4289 sinistri
809 4223 1082 4288 affectus
1124 4243 1162 4287 o
1209 4221 1497 4287 inionem
1542 4219 1715 4305 apud
1757 4228 1826 4285 te
1869 4220 2181 4298 incidam,
2237 4242 2351 4286 cu·

392 4309 503 4375 ius
546 4329 777 4375 causas
809 4308 1037 4391 procul
1079 4308 1168 4373 ha
1293 4358 1307 4372 .
1373 4307 1476 4372 Ac
1498 4307 1554 4371 si
1591 4305 1766 4389 quod
1784 4327 2005 4372 meum
2047 4306 2118 4371 in
2142 4305 2352 4371 homi-

392 4415 553 4461 nem
598 4393 823 4459 odium
872 4394 1090 4459 notari
1133 4402 1362 4476 potest,
1423 4391 1591 4456 illud
1633 4412 1710 4456 eo
1754 4413 1888 4456 uno
1932 4392 2132 4470 stetit,
2176 4389 2350 4475 quod

394 4479 732 4546 hominem
779 4501 1017 4563 urgere
1070 4499 1410 4563 nunquam
1455 4476 1793 4556 desierim,
1849 4485 1928 4542 ut
1982 4497 2124 4543 sese
2177 4478 2348 4543 serio

396 4565 480 4632 ad
525 4566 835 4633 ecclesiae
893 4563 1409 4631 aedificationem
1463 4563 1536 4628 in
1592 4583 1791 4628 verae
1847 4561 2178 4629 doctrinae
2217 4563 2350 4628 sin-

396 4674 548 4719 cera
590 4651 993 4736 professione
1046 4650 1421 4734 applicaret.
1511 4646 1646 4728 Qui
1698 4668 1858 4714 vero
1901 4648 2175 4714 verbum
2219 4648 2347 4713 Dei

393 4739 575 4804 mala
604 4745 848 4816 mente,
890 4736 1065 4802 malo
1101 4736 1320 4801 animo
1363 4733 1702 4812 convellat,
1747 4742 1816 4798 et
1857 4733 2205 4799 veritatem
2247 4734 2346 4818 ip·

395 4825 533 4891 sius
577 4825 999 4907 exstinguere
1046 4832 1350 4900 conetur,
1405 4841 1536 4886 non
1581 4820 1638 4885 si
1678 4839 1825 4884 meo
1868 4820 2032 4885 mihi
2076 4830 2347 4904 parente

394 4910 811 4978 coniunctior
850 4909 955 4986 sit,
1001 4916 1227 4991 parcat
1267 4908 1366 4972 illi
1410 4906 1635 4972 oculus
1678 4926 1884 4984 meua,
1926 4907 2087 4988 quin
2130 4912 2206 4970 ut
2245 4906 2347 4969 in-

394 5004 838 5063 strumentum
874 4992 1163 5060 Satanae
1207 4993 1542 5076 accipiam.
1608 4992 1813 5059 Istius
1845 5012 2041 5074 porro
2077 4990 2186 5056 hic
2218 4991 2349 5055 fuit

394 5103 656 5166 semper
698 5102 932 5165 scopus
947 5132 964 5159 ,
1020 5089 1340 5164 quantum
1383 5099 1467 5144 ex
1525 5086 1705 5145 certa
1747 5077 2156 5160 experientia
2194 5097 2345 5159 per-

394 5188 467 5235 ce
510 5169 568 5248 i,
622 5174 701 5233 ut
754 5164 1406 5251 quantulumcunque
1458 5163 1932 5247 intelligentiae
1985 5163 2347 5246 scripturae

396 5274 439 5318 a
468 5190 768 5320 ffiomino
811 5252 1195 5334 accepisset,
1255 5249 1422 5315 illud
1475 5256 1690 5314 totum
1746 5247 1828 5314 ad
1882 5255 2225 5331 quaestum
2279 5255 2346 5312 et

396 5341 817 5408 ambitionem
873 5338 1215 5406 conferret.
1317 5334 1431 5402 Sic
1484 5335 1692 5418 igitur
1755 5343 1824 5400 et
1876 5333 2049 5418 quod
2114 5355 2345 5400 verum

2122 434 2280 496 1541
2329 375 2392 496 1}
2396 429 2740 497 OVEMB.

4312 445 4438 509 334

2480 638 2627 684 esse
2666 618 2930 701 sciebat,
2975 641 3113 686 non
3155 621 3445 700 reticuit,
3501 622 3615 688 ubi
3654 623 3838 692 illiue
3882 625 4144 711 aliquod
4187 629 4437 697 emolu-

2478 711 2779 770 mentum
2834 707 3128 790 captavit
3138 731 3156 786 ;
3215 716 3283 772 et
3348 704 3460 772 ubi
3527 708 3634 774 vel
3697 711 4043 777 minimum
4100 714 4438 783 molestiae

2478 789 2837 870 subolfecit,
2883 812 3015 858 non
3056 793 3281 857 minus
3331 801 3595 859 strenue
3638 797 4018 862 recantavit.
4108 799 4237 864 Illa
4281 822 4437 868 con-

2478 876 2751 941 scientia
2794 875 3160 961 praeditus,
3217 900 3417 962 quum
3462 878 3585 944 sibi
3630 902 3849 946 coram
3893 882 4271 953 hominibus
4316 887 4434 952 ali-

2477 963 2666 1026 cuius
2709 963 3023 1042 nominis,
3084 964 3187 1029 vel
3231 965 3399 1031 bene
3440 967 3833 1046 nummatis,
3890 971 4271 1036 concionem
4315 972 4433 1039 ha-

2476 1046 2760 1113 bendam
2801 1050 3151 1133 praecepit,
3207 1060 3274 1115 et
3315 1050 3427 1133 qui
3470 1051 3644 1134 apud
3685 1052 3934 1135 ipsum,
3991 1068 4066 1120 ut
4108 1055 4250 1122 Deo
4294 1058 4434 1141 glo·-

2476 1134 2643 1198 riam
2702 1133 2916 1213 daret,
2971 1135 3329 1214 instarent,
3395 1136 3489 1200 ita
3555 1136 3683 1203 illis
3742 1138 4002 1221 quidem
4060 1142 4433 1209 satisfacere

2476 1217 2745 1298 studuit,
2787 1230 2866 1284 ut
2900 1220 3095 1285 simul
3131 1241 3262 1286 non
3285 1223 3645 1305 gratuitam
3680 1242 3721 1287 a
3755 1245 3824 1289 se
3860 1224 4140 1291 locatam
4165 1248 4432 1310 operam

2475 1305 2635 1369 satis
2676 1303 3014 1370 indicaret.
3105 1304 3328 1387 Quum
3383 1328 3541 1373 vero
3598 1307 3774 1373 aliud
3826 1309 4160 1376 theatrum
4219 1334 4433 1381 succe-

2475 1388 2687 1467 deret,
2745 1402 2970 1456 noster
3014 1390 3208 1457 homo
3254 1391 3339 1457 ad
3379 1391 3780 1476 palinodiam
3821 1416 3860 1459 a
3907 1398 4112 1479 posite
4153 1399 4435 1467 instruc-

2474 1483 2585 1541 tus
2627 1475 2753 1542 sibi
2809 1476 3084 1559 perinde
3138 1478 3481 1545 consuluit.
3572 1477 3796 1560 Quare
3895 1504 3928 1545 e
3983 1482 4099 1547 illo
4154 1484 4433 1553 iudicari

2473 1561 2668 1626 aliter
2709 1583 2842 1627 non
2887 1572 3130 1646 potest,
3183 1585 3381 1647 quam
3437 1564 3518 1630 de
3571 1586 3648 1630 eo
3692 1568 3797 1631 cui
3850 1568 4128 1633 verbum
4171 1569 4297 1636 Dei
4341 1573 4430 1637 sit

2472 1667 2594 1729 pro
2637 1647 2886 1713 fabula:
2933 1655 3003 1714 et
3044 1649 3159 1731 qui
3194 1670 3475 1732 persona
3517 1651 3797 1735 quadam
3838 1655 4115 1735 parasiti
4158 1655 4428 1724 indutus

2472 1732 2547 1797 in
2572 1732 2924 1832 ‘theatrum
2967 1733 3269 1816 prodeat,
3329 1745 3405 1799 ut
3446 1757 3588 1802 sese
3640 1736 3745 1803 his
3789 1738 3897 1803 vel
3936 1738 4069 1803 illis
4112 1741 4424 1809 venditet.

2472 1818 2781 1884 Privatos
2815 1840 3029 1885 mores
3061 1841 3195 1884 non
3240 1821 3528 1904 attingo:
3574 1823 3688 1906 qui
3721 1824 3977 1889 utinam
4021 1827 4431 1894 concionato-

2471 1903 2566 1968 ris
2609 1904 2864 1969 nomini
2907 1905 3126 1971 minus
3170 1906 3343 1970 male
3386 1906 3876 1990 responderent.
3945 1909 4262 1978 Alienum
4305 1920 4427 1994 est,

2471 1990 2640 2066 scic,
2699 1988 2782 2054 ab
2837 1989 3104 2055 homine
3145 1990 3533 2070 christiane,
3595 1992 3804 2059 alteri·
3828 1993 4190 2062 detrahere.
4277 1999 4427 2069 Hoc

2468 2076 2524 2140 si
2570 2095 2975 2156 quaererem,
3029 2076 3229 2142 nimis
3271 2076 3540 2143 idoneas
3583 2080 3954 2146 occasiones
3995 2085 4424 2165 praetermisi.

2469 2157 2606 2226 Sed
2646 2159 2816 2225 illud
2851 2182 2962 2226 me
3005 2173 3219 2246 urget,
3278 2161 3449 2245 quod
3492 2162 3734 2228 clamat
3774 2165 4134 2247 Dominus,
4190 2190 4277 2235 ne
4319 2169 4427 2235 lu-

2468 2266 2584 2328 pos
2642 2245 2995 2312 toleremus
3050 2246 3173 2312 sub
3227 2255 3564 2329 pastorum
3622 2248 3814 2315 larva
3873 2272 4141 2335 gregem
4205 2256 4425 2337 ipsum

2466 2329 2907 2414 dispersuros:
2970 2331 3143 2416 quod
3197 2332 3373 2398 iubet
3434 2333 3717 2399 istorum
3781 2336 4266 2419 improbitatem
4319 2362 4425 2407 re·

2466 2417 2619 2501 tegi,
2663 2419 2776 2501 qui
2821 2418 3389 2500 praesentissimae
3430 2419 3566 2485 sint
3605 2427 3825 2502 pestes
3860 2421 3944 2487 ad
3986 2422 4195 2506 ipsius
4234 2426 4425 2492 fami-

2463 2501 2621 2568 liam
2680 2512 2749 2569 et
2795 2502 3215 2571 inficiendam
3232 2555 3247 2583 ,
3306 2513 3374 2569 et
3429 2505 3853 2574 enecmm.
3953 2508 4044 2572 Et
4099 2518 4320 2576 tamen
4365 2513 4422 2579 si

2464 2588 2630 2653 mihi
2698 2589 3034 2655 hominem
3087 2590 3305 2674 ipsum
3371 2590 3702 2674 appellare
3767 2593 4105 2675 integrum
4167 2596 4418 2679 fuisset,

2416 2707 2422 2715 ·
2460 2673 2651 2739 illum
2696 2676 2912 2759 potius
2954 2696 3152 2759 quam
3187 2684 3252 2741 te
3288 2676 3575 2760 primum
3610 2699 3787 2745 nunc
3822 2678 4018 2746 officii
4061 2678 4420 2748 admonen-

2461 2759 2619 2825 dum
2664 2760 2999 2826 duxissem
3015 2813 3030 2839 ,
3086 2782 3293 2844 quum
3348 2763 3510 2828 satis
3563 2764 3844 2848 cogitem
3888 2785 4088 2847 quam
4129 2766 4418 2834 irrecon-

2462 2845 2743 2912 ciliabile
2776 2847 3056 2913 istorum
3099 2846 3263 2911 mihi
3306 2846 3532 2913 odium
3575 2849 3932 2916 conciliem.
4000 2850 4205 2918 Nulla
4239 2855 4420 2920 enim

2462 2931 2584 2999 hoc
2623 2939 2915 3015 tempore
2958 2932 3124 2998 mihi
3155 2933 3449 3000 acerbior
3491 2943 3592 3000 est
3635 2937 3980 3016 contentio,
4024 2958 4225 3020 quam
4267 2959 4420 3006 cum

2460 3017 2849 3099 istiusmodi,
2893 3019 3006 3103 qui
3040 3019 3161 3085 sub
3197 3019 3525 3103 evangelii
3559 3022 3822 3087 nomine
3856 3023 4233 3107 principum
4275 3026 4417 3091 ani-

2460 3124 2605 3170 mos
2645 3104 2968 3170 fermento
3009 3126 3126 3171 suo
3161 3103 3537 3188 illaqueant,
3581 3117 3776 3189 atque
3810 3107 3959 3173 illos
3994 3109 4131 3175 suis
4165 3108 4418 3178 artibus

2462 3197 2530 3255 et
2571 3189 2738 3257 dolis
2781 3210 3039 3274 semper
3082 3191 3267 3273 quasi
3322 3211 3406 3255 ex
3458 3191 3717 3259 nebulis
3770 3214 4122 3276 suspensos
4165 3202 4418 3276 tenent,

2462 3296 2672 3358 neque
2724 3297 3016 3360 unquam
3084 3275 3168 3340 ad
3222 3296 3448 3341 veram
3510 3276 3676 3345 lucis
3739 3278 4117 3344 fruitionem
4181 3280 4417 3347 adduci

2459 3361 2805 3427 sustinent.
2894 3360 3071 3444 Quid
3112 3362 3317 3446 igitur
3355 3363 3639 3430 facerem
3682 3385 3833 3429 cum
3874 3364 4025 3441 illis,
4080 3386 4241 3448 quos
4285 3367 4417 3433 Dei

2461 3446 2695 3513 timore
2737 3447 2836 3513 ita
2877 3467 3120 3519 vacuos
3162 3447 3318 3514 novi
3333 3499 3351 3528 ,
3408 3456 3482 3513 ut
3537 3456 3606 3513 et
3647 3449 3854 3533 ipsius
3906 3449 4130 3518 iudicii
4171 3472 4415 3519 nomen

2456 3533 2619 3617 ipsis
2663 3533 2965 3598 futurum
3024 3535 3112 3599 sit
3164 3555 3285 3618 pro
3338 3535 3643 3600 cantione
3698 3534 3809 3600 vel
3848 3535 4129 3602 naenia?
4221 3536 4418 3619 Quod

2460 3640 2666 3684 unum
2711 3626 3011 3703 superest
3051 3619 3272 3703 igitur,
3316 3640 3403 3685 ne
3444 3620 3655 3705 ignoti
3699 3620 4006 3704 deinceps
4048 3621 4303 3704 fallant,
4347 3632 4418 3691 et

2455 3703 2607 3787 plus
2649 3703 2877 3770 damni
2920 3702 3095 3785 dent,
3155 3703 3603 3789 depingendos
3663 3706 3828 3770 mibi
3872 3705 4046 3790 apud
4088 3707 4236 3776 illos
4280 3718 4415 3776 sta-

2458 3798 2602 3869 tuo,
2656 3791 2772 3874 qui
2827 3788 2913 3855 ad
2963 3790 3258 3874 ipsorum
3315 3789 3587 3856 technas
3645 3791 3858 3875 magis
3912 3801 4070 3858 sunt
4112 3796 4412 3878 expositi.

2454 3875 2646 3941 Haec
2681 3876 2789 3943 via
2820 3875 2986 3941 mihi
3016 3875 3377 3955 consultior
3409 3876 3558 3942 visa
3591 3884 3709 3955 est,
3745 3883 3823 3942 ut
3857 3877 4094 3960 quibus
4128 3882 4416 3947 maxime

2459 3960 2826 4027 timendum
2868 3968 2987 4040 est,
3031 3969 3392 4045 opportune
3435 3960 3649 4045 quoad
3693 3982 3961 4045 possum
4003 3985 4137 4030 non
4182 3963 4409 4033 desim.

2456 4047 2672 4112 Istum
2713 4067 2910 4130 porro
2953 4048 3156 4113 semel
3199 4047 3270 4111 in
3327 4048 3507 4112 viam
3560 4048 3872 4114 reducere
3931 4057 4199 4116 conatus
4244 4072 4411 4132 sum,

2461 4140 2540 4197 ut
2581 4131 2665 4197 ad
2724 4153 2881 4199 suae
2924 4133 3268 4216 pravitatis
3324 4132 3728 4218 agnitionem
3787 4133 4121 4200 hominem
4178 4135 4415 4222 adege-

2456 4218 2605 4284 rim.
2667 4219 2878 4302 Atqui
2928 4219 3039 4285 ille
3081 4217 3289 4284 nihilo
3333 4220 3553 4285 minus
3595 4221 3665 4285 in
3709 4240 3785 4285 eo
3825 4220 4180 4303 perstabat,
4227 4230 4305 4287 ut
4345 4244 4417 4289 se

2456 4325 2590 4370 non
2635 4305 3032 4371 reiecturum
3084 4314 3200 4370 aut
3234 4305 3313 4370 ab
3350 4326 3427 4370 eo
3462 4324 3875 4371 recessurum
3929 4304 4196 4386 diceret,
4239 4308 4415 4391 quod

2455 4391 2735 4473 impium
2777 4412 2918 4456 esse
2953 4391 3079 4473 ipsi
3118 4390 3476 4457 constabat.
3497 4388 3520 4403 “
3563 4389 3788 4456 Semel
3831 4397 4055 4457 tamen
4101 4413 4302 4476 quum
4339 4394 4412 4460 in

2453 4496 2674 4541 meum
2734 4474 3062 4559 quendam
3119 4483 3469 4542 tractatum
3524 4474 3894 4555 incidisset,
3948 4478 4118 4544 serio
4173 4484 4239 4543 et
4277 4499 4413 4545 non

2454 4560 2600 4625 sine
2635 4560 2947 4645 gravibus
2981 4562 3555 4644 imprecationibus
3594 4568 3997 4645 protestatus
4043 4571 4163 4641 est,
4207 4585 4413 4647 quum

2452 4647 2694 4712 missae
2728 4646 3276 4713 abominationem
3308 4647 3506 4731 plane
3539 4648 3947 4731 exploratam
3985 4648 4277 4728 haberet,
4312 4649 4413 4714 illi

2453 4753 2524 4798 se
2576 4752 2919 4816 nunquam
2982 4733 3471 4798 interfuturum.
3573 4731 3843 4799 Scilicet
3896 4733 4144 4799 iuranti
4200 4734 4410 4801 credi-

2459 4817 2702 4885 dissem
2720 4869 2735 4897 ,
2795 4839 2992 4900 quem
3033 4838 3169 4883 non
3224 4819 3442 4883 minus
3497 4817 3758 4883 futilem
3815 4839 4011 4902 quam
4064 4818 4410 4904 graculum

2452 4905 2854 4987 garrientem
2892 4902 3264 4970 iudicarem.
3354 4905 3465 4968 En
3515 4904 3722 4989 igitur
3777 4925 3942 4988 quae
3981 4925 4167 4970 meae
4210 4903 4409 4972 huius

2452 4988 2537 5054 ad
2601 4997 2666 5053 te
2729 4990 2940 5073 ipsam
3008 4988 3473 5055 admonitionis
3536 5009 3801 5056 causam
3858 4990 4055 5075 plane
4111 5009 4407 5056 necessa-

2450 5075 2651 5140 riam:
2708 5095 2865 5139 nam
2909 5085 2975 5141 et
3016 5074 3190 5158 apud
3245 5075 3446 5141 istum
3489 5096 3756 5159 operam
3800 5076 4133 5154 lusissem,
4178 5083 4246 5140 et
4287 5075 4408 5141 tibi

2450 5163 2693 5225 certius
2748 5161 3087 5227 consulere
3141 5160 3332 5227 aliter
3387 5161 3562 5245 quod
3615 5162 3934 5227 sentirem
4000 5180 4135 5225 non
4200 5162 4403 5243 potui.

2450 5243 2589 5312 Sed
2633 5244 2802 5329 quod
2849 5246 2928 5312 de
2970 5246 3084 5313 illo
3125 5248 3511 5314 testificatus
3554 5268 3720 5325 sum,
3764 5248 3866 5313 fac
3898 5266 4031 5311 non
4066 5247 4228 5313 satis
4263 5267 4408 5313 esse

2450 5332 2616 5398 mihi
2659 5339 3092 5416 compertum,
3146 5341 3225 5399 ut
3271 5343 3344 5398 tu
3399 5334 3544 5417 ipsa
3597 5331 3963 5417 periculum
4017 5330 4235 5399 facias.
4326 5330 4405 5400 Si
