5050 6167
438 410 561 473 793

434 619 679 683 ponam
739 598 1156 683 phalangem.
1221 620 1437 666 meam
1494 599 1813 667 adversus
1865 608 1932 667 tc
1989 602 2384 668 sententiam

434 684 850 751 defensurus:
895 685 1229 751 Hilarium
1271 685 1535 764 scilicet,
1578 686 2045 771 Augustinum,
2103 687 2385 753 Ambro-

434 771 630 848 sium,
674 778 753 835 ut
792 772 1058 837 interim
1104 770 1184 837 de
1226 779 1293 837 te
1331 792 1408 837 ac
1429 771 1683 855 Cyrillo
1718 782 1987 839 taceam.
2057 771 2172 838 Sic
2206 773 2382 838 enim

434 856 739 922 Hilarius
772 856 941 921 libro
978 877 1154 923 nono
1197 856 1277 922 de
1311 857 1635 923 Trinitate
1669 858 1923 924 scribit:
1969 855 2164 938 Quod
2205 858 2380 924 enim

432 951 624 1025 pater
678 940 861 1008 dedit
914 952 1318 1026 potestatem,
1373 942 1444 1007 in
1502 942 1624 1008 hoc
1680 944 1887 1010 filium
1941 945 2168 1028 genuit
2208 944 2380 1027 quod

432 1027 613 1094 filius
654 1030 919 1111 accepit.
1008 1029 1113 1095 De
1168 1029 1372 1094 verbo
1413 1028 1719 1112 loquitur,
1775 1030 2185 1096 nativitatem
2229 1051 2382 1095 con-

432 1122 739 1180 summat.
842 1112 1049 1179 Dedit
1103 1115 1276 1179 enim
1335 1115 1398 1180 ei
1465 1124 1653 1197 pater
1718 1124 2106 1198 potestatem
2168 1116 2382 1181 omnis

432 1200 670 1279 carnis,
706 1209 775 1264 et
809 1199 893 1266 ad
926 1200 995 1265 id
1030 1199 1285 1265 dedisse
1298 1203 1390 1277 ²⁹)
1427 1209 1502 1264 nt
1535 1200 1648 1266 det
1679 1201 2000 1267 eisvitam
2025 1211 2376 1266 aeternam.

433 1285 660 1352 Habet
710 1287 781 1351 in
845 1284 1045 1352 dante
1110 1285 1284 1369 quod
1348 1295 1541 1368 pater
1594 1296 1725 1366 est,
1776 1296 1843 1351 et
1895 1287 1965 1351 in
2022 1287 2378 1371 accipiente

431 1371 606 1453 quod
674 1370 861 1438 Deus
916 1386 1034 1448 est,
1089 1392 1292 1454 quum
1348 1383 1417 1437 et
1472 1373 1543 1435 in
1600 1392 1677 1438 eo
1733 1372 2142 1456 significetur
2193 1380 2380 1454 pater

431 1476 577 1522 esse
620 1456 789 1539 quod
830 1456 1100 1531 dederit,
1146 1468 1215 1521 et
1247 1460 1315 1522 in
1350 1477 1427 1523 eo
1459 1458 1641 1522 filius
1676 1456 1835 1522 deus
1877 1467 2159 1535 maneat,
2205 1457 2375 1539 quod

430 1542 610 1606 vitae
652 1551 960 1608 aeternae
1000 1541 1256 1608 dandae
1299 1544 1655 1625 sumpserit
1695 1550 2095 1626 potestatem.
2181 1543 2376 1608 Mox-

430 1647 562 1709 que
617 1630 1007 1694 sententiam
1064 1627 1459 1694 collecturus
1501 1629 1729 1693 insert:
1786 1628 2120 1693 Naturalis
2175 1629 2379 1712 igitur

428 1711 569 1778 filio
589 1713 716 1777 Dci
750 1722 819 1778 et
849 1715 1201 1795 congenita
1239 1714 1457 1779 omnis
1490 1723 1779 1797 potestas
1813 1723 1930 1790 est,
1973 1734 2139 1795 quae
2174 1734 2378 1795 quum

429 1796 587 1863 data
628 1798 717 1864 sit
758 1819 885 1863 non
933 1798 1217 1864 alienata
1258 1808 1360 1865 est
1399 1821 1518 1881 per
1548 1797 1618 1862 id
1653 1799 1734 1864 ab
1769 1809 1998 1863 autore
2033 1798 2188 1880 quia
2222 1799 2379 1864 data

429 1891 550 1961 est,
595 1905 795 1966 quum
839 1883 1011 1967 quod
1053 1894 1155 1949 est
1194 1886 1441 1950 autoris
1480 1884 1604 1950 hoc
1643 1883 1891 1961 datum,
1938 1883 2093 1949 dare
2134 1885 2380 1951 scilicet

406 1969 639 2038 vitam
711 1979 1064 2035 aeternam.
1164 1971 1335 2035 Tum
1393 1972 1615 2052 paucis
1673 1970 2073 2052 interpositis
2141 1969 2376 2037 adiun-

400 2101 409 2108 ·
481 2057 559 2120 ‘tt
607 2055 811 2120 Dedit
842 2057 1059 2138 itaque
1091 2066 1276 2139 pater
1313 2057 1535 2122 omnia
1565 2065 1632 2119 et
1668 2056 1917 2138 accepit
1938 2056 2113 2121 filius
2134 2058 2374 2122 omnia.

497 2160 572 2206 ec
612 2142 822 2206 multo
866 2141 1214 2208 dissimilia
1226 2145 1319 2222 ⁸⁰)
1363 2142 1536 2226 apud
1579 2142 1859 2207 eundem
1894 2141 2138 2225 passim
2172 2143 2378 2209 lector

430 2225 701 2293 sedulus
753 2227 1053 2306 offendet,
1121 2247 1199 2293 ac
1255 2235 1394 2292 tum
1450 2228 1737 2293 maxime
1788 2226 1860 2292 in
1916 2247 1993 2298 eo
2040 2248 2234 2310 quem
2295 2228 2377 2294 de

430 2309 722 2397 Synodis
756 2313 1019 2396 scripsit
1049 2312 1287 2379 libello.
1360 2314 1770 2396 Augustinus
1805 2334 1962 2378 vero
1997 2313 2377 2381 huiusmodi

428 2400 778 2463 sententiis
800 2406 975 2463 totus
1009 2407 1233 2473 scatet,
1271 2418 1432 2480 quas
1453 2398 1619 2462 nulli
1644 2407 2097 2482 praeterquam
2120 2421 2378 2466 summe

431 2483 642 2548 desidi
681 2484 986 2568 colligere
1028 2484 1229 2549 fuerit
1270 2503 1630 2566 operosum.
1717 2484 1811 2548 Et
1861 2490 1942 2549 ιιι
1997 2483 2196 2551 fidem
2257 2486 2379 2551 tibi

427 2569 666 2636 faciam
709 2590 912 2635 unam
955 2578 1151 2652 atque
1193 2568 1467 2634 alteram
1503 2589 1584 2633 ex
1620 2570 1761 2634 eius
1794 2570 2182 2636 tractatibus
2225 2591 2378 2655 prc-

427 2654 638 2720 feram
680 2656 1089 2724 sententiam.
1176 2654 1257 2720 In
1294 2662 1578 2721 tractatu
1613 2654 1794 2719 enim
1827 2658 1907 2717 22
1945 2655 2017 2719 in
2056 2654 2374 2723 Ioannem

428 2740 525 2806 sic
580 2740 836 2806 scribit:
893 2739 1096 2806 Dedit
1150 2740 1248 2805 illi
1302 2762 1458 2824 ergo
1501 2741 1705 2806 vitam
1747 2739 1990 2806 habere
2043 2742 2115 2806 in
2169 2752 2378 2809 semet

427 2825 592 2908 ipso,
649 2825 830 2891 dedit
884 2825 947 2891 ei
989 2837 1305 2908 tanquam
1348 2826 1551 2891 verbo
1592 2847 1729 2906 suo,
1773 2837 2085 2910 tanquam
2146 2829 2206 2893 ei
2264 2830 2377 2912 qui

426 2911 498 2976 in
540 2912 861 2994 principio
904 2921 1046 2977 erat
1085 2912 1380 2976 verbum.
1470 2910 1652 2979 Alibi
1684 2933 1941 2996 quoque
1974 2914 2152 2978 idem
2185 2934 2374 2996 aper-

426 2996 682 3063 tissime
714 2997 1059 3063 insinuans
1090 2998 1209 3062 ait:
1255 2996 1404 3064 Hoc
1424 2997 1600 3063 inter
1717 3006 1888 3064 trem
1922 2998 2130 3064 solum
2167 3000 2373 3066 inter-

426 3091 533 3149 est
573 3091 641 3148 et
680 3081 914 3160 filium,
958 3084 1111 3165 quia
1152 3089 1341 3164 pater
1385 3083 1589 3148 vitam
1630 3018 1834 3150 ἔδει
1864 3083 1936 3149 in
1979 3093 2190 3149 semet
2229 3085 2374 3168 ipso

426 3187 623 3251 quam
681 3189 873 3235 nemo
928 3170 989 3234 ei
1042 3166 1236 3244 dedit,
1292 3167 1468 3234 filius
1524 3178 1743 3233 autem
1805 3170 2007 3234 vitam
2050 3171 2122 3234 in
2165 3180 2377 3236 semet

425 3253 573 3336 ipso
627 3252 830 3320 habet
885 3275 1083 3338 quam
1139 3260 1326 3336 pater
1381 3252 1577 3318 dedit.
1665 3254 2022 3320 Praeterea
2064 3256 2136 3319 in
2177 3254 2372 3322 illud:

426 3340 632 3405 Pater
664 3339 835 3423 quod
871 3338 1052 3405 dedit
1084 3338 1248 3403 mihi
1283 3339 1498 3405 maius
1528 3339 1833 3405 omnibus
1859 3341 2088 3416 est⁸¹).
2154 3341 2373 3408 Filius

425 3422 508 3490 de
548 3422 696 3490 Deo
739 3425 942 3501 Deus,
1001 3424 1083 3489 de
1136 3432 1405 3490 aeterno
1463 3432 1789 3491 aeternus.
1886 3425 2091 3491 Patcr
2148 3435 2372 3492 autem

424 3529 563 3575 non
605 3508 687 3576 de
727 3511 864 3577 filio
887 3511 1087 3588 Deus,
1132 3508 1279 3576 ideo
1320 3519 1511 3592 pater
1550 3509 1686 3575 filio
1707 3509 2038 3594 gignendo
2080 3509 2261 3577 dedit
2300 3520 2376 3577 ut

425 3593 613 3664 Deus
654 3609 846 3674 esset,
891 3595 1220 3679 gignendo
1264 3594 1447 3660 dedit
1488 3603 1565 3661 ut
1605 3594 1730 3661 sibi
1764 3603 2148 3662 coaeternus
2181 3607 2370 3663 esset

426 3680 806 3759 Glaucoma‚
863 3683 980 3764 qui
1034 3681 1143 3748 hic
1195 3702 1327 3747 non
1374 3681 1568 3761 videt,
1613 3681 1877 3764 patitur,
1932 3690 2048 3747 aut
2089 3682 2371 3749 obiectos

424 3768 724 3834 veritatis
757 3768 974 3834 radios
1008 3768 1311 3850 excipere
1345 3768 1755 3851 subterfugit.
1828 3767 2085 3833 Verum
2126 3789 2210 3833 ne
2239 3778 2373 3832 tam

394 3860 692 3936 ·apcrtae
758 3854 1026 3921 veritati
1089 3853 1382 3937 probatio
1459 3850 1661 3929 desit,
1739 3853 2069 3918 Ambrosii
2136 3850 2371 3919 addam

424 3938 832 4022 suffragium.
920 3940 1086 4006 Post
1128 3958 1406 4015 crucem,
1449 3937 1685 4020 inquit,
1728 3938 2188 4004 manifestatur
2220 3939 2375 4021 quid

398 4045 469 4090 ,a
508 4033 694 4107 patre
736 4046 938 4107 quum
989 4035 1417 4109 generaretur
1464 4024 1730 4105 accepit.
1798 4023 1950 4088 Non
1992 4022 2170 4089 enim
2213 4034 2376 4092 tunc

426 4110 677 4194 accepit
720 4130 927 4192 quum
956 4131 998 4176 a
1037 4118 1343 4176 creatura
1376 4110 1589 4193 coepit
1630 4109 1783 4174 sciri
1818 4108 2000 4173 illius
2042 4108 2375 4186 divinitas,

424 4195 605 4261 illius
646 4196 974 4260 maiestas.
1061 4194 1335 4260 Homini
1378 4214 1513 4259 non
1556 4202 1658 4259 est
1699 4194 1923 4259 datum
1968 4214 2209 4259 nomen
2246 4192 2376 4260 Dei

426 4280 600 4364 quod
634 4294 737 4347 est
771 4302 971 4365 supra
1002 4301 1196 4346 omne
1225 4300 1484 4358 nomen,
1528 4301 1663 4344 non
1699 4278 1907 4345 solum
1943 4278 2377 4363 appellatione

426 4364 544 4433 sed
578 4376 647 4432 et
679 4380 936 4445 natura,
980 4367 1096 4433 scd
1132 4367 1193 4433 ei
1227 4365 1338 4449 qui
1374 4365 1683 4448 aequalis,
1728 4363 1840 4446 qui
1876 4384 1948 4429 se
1981 4364 2375 4444 exinanivit,

427 4453 616 4519 cuius
671 4453 890 4517 omnia
941 4473 983 4517 a
1032 4460 1222 4537 patre
1278 4458 1452 4518 sunt.
1553 4450 1694 4517 Nec
1748 4449 1920 4516 hanc
1982 4450 2373 4516 sententiam

393 4537 814 4606 adversatur
834 4537 1144 4621 Cyrillus,
1181 4556 1452 4604 versans
1484 4534 1681 4600 illud:
1720 4533 1914 4602 Sicut
1955 4543 2144 4617 pater
2175 4534 2378 4614 habet

426 4625 637 4693 vitam
692 4625 766 4688 in
822 4631 1031 4689 semet
1085 4625 1225 4707 ipso
1281 4631 1404 4688 etc.
1449 4671 1466 4687 .
1513 4671 1529 4686 .
1573 4622 1973 4688 Examinate
2015 4641 2226 4703 porro,
2272 4621 2373 4686 in-

392 4749 397 4757 ·
470 4710 591 4787 uit,
635 4709 900 4793 singula
940 4708 1267 4794 evangelii
1319 4708 1521 4774 verba
1572 4705 1926 4791 diligenter
1977 4716 2171 4789 atque
2211 4728 2373 4789 pon-

392 4845 405 4852 -
473 4802 671 4873 erate,
714 4794 1021 4877 quoniam
1058 4815 1340 4878 magnus
1370 4793 1535 4859 latet
1564 4792 1634 4858 in
1670 4792 1830 4875 ipsis
1864 4812 2116 4858 sensus.
2192 4791 2373 4859 Scri-

427 4882 610 4948 bitur
661 4881 837 4946 enim
891 4879 1063 4963 quod
1119 4891 1308 4962 pater
1350 4881 1556 4945 vitam
1607 4880 1677 4943 in
1720 4887 1929 4943 semet
1967 4878 2112 4960 ipso
2152 4877 2372 4943 habet.

427 4967 578 5034 Hoc
600 4975 846 5032 autem:
881 4967 952 5030 in
974 4966 1367 5048 semetipso,
1403 4965 1572 5030 nihil
1602 4963 1783 5030 aliud
1817 4964 2145 5048 significat
2178 4985 2375 5048 quam

635 5185 726 5251 29)
762 5186 957 5243 Etiam
988 5187 1080 5242 hic
1109 5186 1333 5241 lacuna.

636 5254 731 5318 30)
765 5259 1099 5311 dissimiliter
1136 5261 1247 5322 (α).

636 5325 733 5393 31)
769 5324 870 5380 Sic
898 5341 1093 5396 nempe
1121 5329 1314 5396 patres
1343 5323 1511 5380 latins·
1539 5324 1789 5393 boehm*
1818 5324 1904 5392 Io.
1946 5324 2030 5392 10,
2064 5322 2150 5378 29.

2139 416 2303 478 1544
2344 411 2750 480 Dnomffl.

4300 422 4427 484 794

2486 601 2940 668 essentialiter.
3037 600 3173 669 Sed
3229 601 3403 668 filius
3458 622 3711 686 quoque
3769 603 3967 669 dante
4029 611 4249 687 patre,
4315 608 4431 687 qui

2486 705 2630 751 esse
2673 687 2888 769 ipsum
2934 686 3064 754 dat.
3152 689 3441 754 Rursum
3490 689 3652 753 libro
3693 688 4013 754 Thesauri
4067 695 4157 754 10.
4218 693 4430 774 capito

2489 771 2699 853 primo
2759 773 2978 839 verbis
3042 774 3474 857 apertioribus
3535 774 3710 839 idem
3763 775 4110 841 insinuans
4174 776 4426 860 inquit:

2487 854 2712 936 Quum
2758 879 2841 922 ex
2884 859 3247 925 substantia
3277 859 3486 944 patris
3520 860 3790 943 prodeat
3821 861 4014 938 filius,
4055 861 4278 928 omnia
4319 883 4428 931 ae-

2486 943 2828 1009 ternaliter
2881 948 3087 1028 patris
3137 944 3355 1024 habet,
3412 946 3831 1012 aeternaliter
3884 946 4084 1011 etiam
4139 947 4263 1013 hac
4317 971 4430 1017 ra-

2483 1028 2663 1094 tione
2720 1050 2804 1097 ex
2859 1051 2937 1095 eo
2991 1029 3228 1115 accipit
3281 1032 3504 1096 omnia
3546 1051 3710 1114 quae
3751 1031 3956 1114 ipsius
3998 1033 4205 1113 patris
4248 1043 4423 1101 sunt.

2482 1113 2635 1179 Alio
2688 1135 2945 1198 quoque
2996 1116 3139 1182 loco
3189 1117 3438 1182 scribit:
3499 1120 3561 1181 A
3603 1126 3791 1199 patre
3845 1118 4018 1182 enim
4062 1122 4427 1187 necessario

2481 1201 2774 1283 accipere
2817 1222 2986 1283 quae
3028 1200 3109 1267 ab
3152 1223 3229 1267 eo
3271 1201 3658 1267 naturaliter
3701 1202 3915 1280 habet,
3963 1212 4042 1267 nt
4083 1225 4284 1287 quum
4330 1206 4425 1272 al-

2482 1293 2588 1350 ter
2629 1285 2742 1351 det
2781 1286 2949 1351 alter
2994 1288 3284 1370 accipiat.
3373 1288 3477 1353 De
3521 1289 3718 1353 verbo
3762 1289 3844 1354 ab
3878 1297 4140 1355 aeterno
4183 1292 4423 1375 genito,

2481 1391 2615 1436 non
2660 1371 2741 1436 de
2783 1382 3116 1456 assumpto
3158 1371 3424 1438 homine
3465 1373 3766 1456 loquitur.
3855 1373 3925 1439 Is
3982 1374 4158 1439 enim
4217 1376 4426 1444 vitam

2482 1455 2870 1521 naturaliter
2913 1479 3046 1523 non
3089 1457 3305 1532 habet.
3351 1458 3466 1524 scd
3509 1480 3626 1541 per
3668 1460 3965 1543 gratiam.

2653 1540 2848 1623 Quod
2902 1550 2971 1607 et
3021 1551 3114 1619 tu,
3171 1542 3393 1608 divino
3445 1545 3562 1609 tibi
3618 1554 4008 1629 suggerente
4054 1546 4308 1628 spiritu,
4353 1549 4426 1614 in

2478 1625 2702 1693 libello
2747 1637 2865 1692 tuo
2909 1649 3103 1711 qucm
3147 1650 3346 1713 supra
3387 1629 3734 1695 citavimus
3780 1652 3909 1695 non
3953 1630 4228 1697 tacuisti.
4311 1630 4426 1700 Sic

2480 1713 2658 1778 enim
2713 1713 2944 1792 aist³²)
3005 1713 3228 1795 Quum
3283 1713 3588 1781 Christus
3643 1715 3731 1779 sit
3783 1716 3911 1781 Dei
3965 1717 4143 1783 filius
4194 1724 4264 1782 et
4303 1718 4424 1785 ho-

2482 1798 2699 1878 minis,
2751 1797 2922 1881 quod
2975 1809 3076 1865 εει
3129 1810 3369 1865 natura
3426 1812 3501 1866 ut
3542 1801 3745 1878 Deus,
3802 1801 3870 1866 id
3926 1810 4028 1868 est
4080 1804 4298 1886 gratia
4350 1812 4425 1870 ut

2473 1883 2695 1950 -homo,
2785 1884 2995 1950 Nemo
3036 1887 3238 1969 igitur
3281 1885 3409 1951 nisi
3452 1888 3692 1953 mentis
3732 1887 3935 1952 oculis
3979 1889 4246 1954 orbatus
4290 1910 4424 1956 non

2483 1970 2665 2036 videt
2705 1971 2981 2037 verbum
3015 1971 3334 2036 ineffabili
3368 1971 3559 2037 modo
3594 1993 3633 2036 a
3665 1981 3853 2055 patre
3885 1974 4182 2057 genitum
4218 1975 4426 2042 vitam

2481 2056 2723 2122 habere
2765 2058 3326 2134 communicatam,
3383 2056 3846 2140 Christumque
3900 2057 4259 2125 secundum
4304 2060 4421 2127 hc—

2480 2143 2729 2207 minem
2790 2144 2999 2208 Vitam
3065 2144 3386 2225 accepisse
3449 2162 3491 2206 a
3553 2154 3739 2225 patre
3792 2144 3989 2209 verbo
4044 2165 4119 2211 ac
4181 2146 4419 2228 spiritu

2481 2241 2705 2294 sancto
2760 2227 3080 2295 donatam.
3180 2227 3406 2309 Quum
3462 2249 3617 2295 vero
3675 2228 4007 2293 hominem
4065 2228 4240 2308 dice,
4306 2251 4425 2297 na-

2481 2324 2699 2380 turam
2756 2325 3159 2397 assumptam
3213 2314 3528 2397 intclligc,
3587 2334 3718 2380 non
3763 2334 4127 2396 personam.
4215 2315 4426 2382 Nemo

2478 2400 2721 2483 qnippe
2774 2400 3048 2466 verbum
3112 2408 3216 2473 (ut
3266 2400 3397 2464 iam
3454 2421 3600 2465 sum
3655 2401 4013 2482 praefatus)
4078 2421 4427 2482 personam

2479 2486 2906 2568 assumpsisse
2941 2486 3084 2551 sinc
3117 2483 3452 2569 religionis
3474 2485 3715 2550 iniuria
3733 2488 4225 2552 asseveraverit.
4295 2487 4423 2554 'Pa-

2478 2572 2671 2636 metsi
2717 2571 2885 2637 hanc
2927 2571 3320 2636 sententiam
3366 2579 3483 2635 tua
3516 2569 3851 2636 Institutio
3887 2569 4122 2636 alicubi
4157 2591 4426 2653 prorsus

2478 2677 2611 2721 non
2667 2655 3068 2721 adversetur.
3157 2656 3262 2721 Dc
3320 2675 3450 2737 qua
3503 2675 3593 2731 re,
3649 2653 3804 2719 dum
3856 2676 3977 2738 per
4027 2657 4236 2721 otium
4278 2657 4428 2728 lice·-

2480 2740 2595 2818 bit,
2640 2762 2680 2806 a
2720 2762 2827 2806 me
2870 2739 3169 2806 nonnihil
3212 2739 3453 2805 audies.
3541 2740 3690 2805 Non
3734 2748 3836 2806 est
3882 2749 4104 2807 tamen
4158 2742 4269 2808 hic
4309 2763 4427 2809 cur

2478 2826 2738 2892 mireris
2793 2836 2909 2892 aut
2962 2826 3394 2909 obstupcscas.
3481 2825 3668 2890 Nihil
3719 2828 3894 2891 enim
3938 2847 3979 2891 a
4021 2835 4137 2893 tua
4179 2836 4248 2892 ει
4291 2827 4425 2913 Cy-

2478 2912 2613 2977 rilli
2667 2912 2993 2978 sententia
3050 2910 3335 2977 alienum
3392 2911 3649 2978 dicitur.
3738 2911 3989 2978 Verum
4046 2933 4174 2995 quo
4219 2911 4427 2979 dona-

2478 2998 2677 3063 tionis
2718 3017 2959 3081 genere
3014 2998 3216 3062 vitam
3275 2997 3473 3063 verbo
3515 2998 4080 3075 communicatam,
4140 3018 4268 3080 quo
4313 2998 4428 3065 de-

2475 3082 2631 3149 inde
2667 3094 3003 3164 assumpto
3039 3082 3310 3159 homini,
3345 3082 3546 3147 velim
3583 3083 3693 3148 hic
3726 3084 4033 3167 inprimis
4067 3083 4422 3168 intelligas.

2476 3167 2699 3234 Verbo
2756 3168 3017 3250 quidem
3072 3167 3357 3233 naturali
3412 3165 3759 3234 donatione
3813 3169 3955 3234 vita
4007 3169 4089 3234 ab
4153 3176 4424 3235 aeterno

2477 3254 2718 3320 donata
2759 3263 2878 3330 est,
2926 3254 3179 3318 homini
3220 3275 3378 3319 vero
3436 3264 3770 3337 assumpto
3810 3274 3892 3319 cx
3937 3262 4231 3338 tempore
4272 3273 4426 3339 gra-

2477 3341 2666 3406 tuita.
2756 3337 3032 3404 Varium
3086 3338 3210 3405 hoc
3265 3339 3628 3404 donationis
3671 3360 3879 3424 genus
3922 3341 3998 3419 si,
4057 3354 4134 3406 ut
4185 3360 4424 3408 conve-

2474 3425 2720 3503 niebat,
2765 3423 3175 3502 attendisses,
3224 3423 3497 3504 Calvina,
3549 3446 3680 3491 non
3724 3433 3864 3491 tam
3907 3426 4193 3509 turpiter
4234 3425 4426 3494 dissi-

2476 3511 2733 3594 puisses
2745 3511 2858 3593 ⁸⁸),
2881 3530 3093 3593 neque
3114 3510 3383 3577 Ioannis
3405 3511 3839 3590 autoritatem,
3863 3532 4028 3594 quae
4051 3521 4115 3576 te
4136 3512 4427 3595 pressius

2476 3595 2773 3682 urgebat,
2818 3604 2957 3662 tam
2999 3596 3237 3663 misere
3280 3598 3599 3676 torsisses,
3660 3618 3784 3662 nec
3839 3604 3976 3661 tam
4019 3596 4222 3681 longa
4262 3596 4426 3664 mihi

2474 3704 2595 3768 pro
2637 3683 2764 3749 hac
2805 3703 2881 3748 re
2922 3691 3136 3748 tecum
3181 3702 3344 3766 opus
3375 3683 3611 3747 fuisset
3643 3682 4143 3748 concertatione.

2646 3768 2751 3835 Ne
2794 3790 2950 3835 vero
2992 3766 3164 3853 quod
3208 3789 3250 3831 a
3289 3789 3396 3831 me
3439 3767 3559 3833 tibi
3603 3767 3711 3833 hic
3746 3768 4066 3834 occinitur
4109 3788 4194 3832 ex
4238 3766 4426 3834 thec-

2475 3852 2776 3939 logorum
2832 3855 3026 3940 (quos
3081 3871 3546 3934 nonnunquam
3606 3861 3724 3916 tua
3777 3853 4116 3918 Institutio
4175 3854 4427 3920 auritos

2476 3939 2714 4005 asellos
2755 3939 2977 4022 vocat)
3030 3938 3284 4004 lacunis
3340 3937 3651 4003 haustum
3692 3946 3904 4020 putes,
3949 3948 4064 4002 aut
4107 3959 4148 4002 a
4189 3959 4298 4003 me
4342 3959 4429 4004 ex

2477 4023 2804 4092 industria
2864 4026 3236 4102 confictum,
3297 4044 3380 4088 ex
3445 4021 3587 4105 ipso
3652 4021 3904 4107 Gyrillc
3963 4020 4140 4086 istud
4204 4024 4427 4104 ipsum

2477 4111 2734 4193 aperire
2797 4110 3091 4188 tentab0,
3179 4128 3451 4191 sperans
3513 4129 3621 4173 me
3695 4129 3838 4172 rem
3917 4106 4035 4170 tibi
4098 4107 4428 4176 facturum

2477 4194 2687 4259 multo
2745 4193 3202 4277 gratissimam.
3303 4190 3416 4259 Sic
3469 4195 3649 4260 enim
3692 4192 3988 4278 Oyrillus
4040 4190 4208 4257 libro
4252 4189 4426 4258 'Phe-

2478 4279 2659 4345 sauri
2714 4283 2754 4341 4
2811 4276 3007 4343 fidem
3064 4279 3184 4343 tibi
3239 4277 3532 4344 facturus
3582 4279 3888 4362 loquitur,
3944 4275 4257 4342 adversus
4316 4297 4428 4342 eos

2478 4364 2592 4447 qui
2645 4361 2853 4427 filium
2910 4371 3093 4443 patre
3146 4364 3573 4444 posteriorem
3636 4362 3839 4446 (quod
3891 4386 3975 4429 ex
4032 4363 4175 4446 ipso
4218 4361 4430 4428 multa

2479 4447 2858 4531 recepisset)
2915 4444 3481 4530 impudentissime
3542 4450 3936 4515 asscrebant.
4037 4449 4188 4513 Non
4247 4447 4427 4513 enim

2477 4534 2651 4600 filius
2693 4534 2875 4617 prius
2916 4553 3049 4597 non
3094 4531 3416 4597 exsistens
3457 4532 3625 4598 nihil
3670 4555 3752 4600 ex
3794 4543 3981 4616 patre
4015 4531 4266 4612 habuit,
4312 4531 4428 4602 dc-

2475 4619 2631 4686 inde
2676 4639 2759 4685 ex
2803 4638 2880 4683 eo
2924 4615 3171 4701 aliquid
3207 4618 3472 4699 accepit,
3516 4619 3631 4683 sed
3675 4618 4064 4684 naturaliter
4104 4629 4298 4684 natus
4340 4637 4428 4692 ex

2476 4713 2664 4789 patre
2705 4703 2926 4770 omnia
2967 4701 3293 4769 nascendo
3337 4722 3502 4785 quae
3538 4705 3705 4785 patri
3749 4704 4077 4769 naturalia
4109 4713 4266 4768 sunt
4308 4724 4427 4769 na-

2477 4790 2782 4857 turaliter
2823 4789 3258 4872 consequitur.
3323 4786 3890 4868 Quemadmodum
3925 4791 3983 4855 si
4026 4790 4170 4873 quis
4213 4787 4428 4855 lucem

2476 4897 2644 4960 quae
2687 4872 2903 4959 prodit
2941 4896 3027 4940 ex
3069 4874 3205 4940 sole
3250 4875 3539 4956 accipere
3583 4872 3826 4957 aliquid
3861 4876 3943 4941 ab
3997 4896 4072 4940 eo
4128 4871 4271 4939 idco
4328 4871 4427 4938 di-

2477 4971 2673 5039 ceret,
2718 4981 2922 5044 quum
2963 4960 3186 5024 omnia
3270 4981 3395 5025 uae
3437 4967 3594 5023 sunt
3647 4961 3716 5024 in
3761 4961 3924 5037 luce,
3984 4968 4052 5025 et
4102 4961 4247 5043 ipsa
4286 4959 4426 5038 lux,

2477 5069 2564 5114 ex
2607 5047 2742 5115 sole
2783 5052 2958 5113 sunt.
3046 4980 3305 5112 Deinde
3346 5052 3498 5128 post
3537 5065 3748 5128 pauca
3790 5046 4105 5114 adversus
4161 5067 4270 5112 eos
4312 5045 4427 5130 qui

2681 5250 2784 5388 {Z}
2817 5248 3371 5374 flamm
3449 5248 3596 5319 epp.
3638 5248 3705 5304 V.
3745 5250 3861 5304 191.
