5050 6167
370 445 485 509 158

1269 633 1418 703 270.

510 770 921 839 VIRE'I'US
965 772 1451 840 MIMS'PRIS
1495 772 2170 842 BERNENSIBUS.

536 942 2326 1028 Hortaturutetipsiproviraidecalvmorestt

363 1030 933 1113 umdomyomt.

368 1200 477 1266 (Ex
513 1200 643 1254 Cod.
678 1200 811 1255 bibl.
849 1200 1050 1255 Genev.
1091 1201 1190 1253 111
1228 1218 1277 1271 a,
1313 1201 1405 1256 fol.
1441 1200 1557 1255 126.
1628 1204 1757 1256 Sine
1805 1204 1916 1256 ulla
1950 1203 2320 1271 inscriptione,

364 1276 577 1323 tantum
595 1270 775 1339 spatio
792 1269 974 1339 aliquo
998 1270 1289 1324 interiecto
1307 1270 1555 1340 sequitur
1574 1272 1860 1340 epistolam
1885 1271 2320 1341 praecedentem,

363 1339 469 1392 alia
501 1346 689 1392 tamen
725 1355 888 1392 manu
923 1339 1143 1409 scripta,
1179 1355 1281 1393 nee
1315 1339 1515 1405 Vireti,
1553 1346 1611 1393 et
1646 1340 1865 1408 quidem
1891 1341 2027 1393 satis
2044 1341 2321 1410 mendose,

364 1414 424 1460 ut
457 1407 668 1461 dixeris
702 1423 1085 1461 amanumem
1122 1409 1210 1462 vel
1243 1409 1422 1462 minus
1457 1408 1693 1475 doctam,
1730 1410 1819 1463 vel
1854 1409 2032 1463 minus
2049 1414 2321 1463 attentum

358 1477 571 1531 autoris
597 1476 855 1530 dictantis
875 1477 1046 1530 verba
1061 1477 1331 1531 incautius
1368 1477 1685 1531 reddidisse.
1756 1478 2072 1532 manifestos
2107 1494 2323 1532 errores

363 1546 447 1598 vel
482 1547 653 1599 tacite
688 1545 1054 1611 emendamus,
1104 1547 1193 1600 vel
1237 1545 1307 1599 ad
1501 1547 1513 1559 ‘
1556 1564 1641 1600 em
1726 1547 1971 1616 reposita
2013 1547 2323 1601 coniectura

362 1614 557 1667 iisdem
575 1613 783 1667 mederi
801 1615 1132 1669 conabimur.
1200 1614 1439 1669 'situlum
1470 1615 1660 1669 itidem
1701 1616 1903 1669 scimus
1922 1633 1989 1669 ex
2009 1616 2322 1670 coniectura

360 1698 537 1752 eaque
554 1683 647 1736 vix
666 1681 1053 1737 addubitanda.
1100 1683 1291 1753 Intorp
1436 1684 1531 1737 ndi
1549 1700 1681 1738 cura
1695 1685 1874 1737 scriba
1890 1700 1949 1738 se
1965 1684 2081 1738 fere
2100 1685 2320 1739 omnino

360 1752 700 1817 exoneravit,
738 1768 847 1820 qua
880 1752 1214 1822 negligentia
1238 1759 1417 1807 oratio
1445 1754 1517 1807 ali
1591 1755 1683 1806 uin
1714 1770 1824 1806 non
1848 1770 2040 1823 parum
2063 1754 2321 1807 intricata

557 1836 903 1889 nequaquam
937 1821 1170 1875 lucidior
1203 1822 1349 1875 facta
1384 1828 1483 1875 est.
1609 1823 1707 1876 libi
1742 1839 1851 1876 non
1887 1827 2112 1890 exstat.)

535 2007 760 2090 Quum
806 2011 1000 2075 toties
1041 2017 1314 2077 vocatus
1362 2031 1573 2077 essem
1611 2031 1652 2075 a
1685 2018 1919 2076 senatu
1952 2009 2322 2095 populoque

362 2094 773 2171 Gonevensi,
827 2094 1227 2179 quotidianis
1284 2117 1492 2180 paene
1551 2096 1865 2163 conviciis
1923 2117 1963 2162 a
2018 2095 2321 2181 plurimis

358 2182 571 2265 iisque
615 2180 881 2264 optimis
923 2181 1090 2247 viris
1132 2182 1496 2267 efflagitare
1541 2183 1962 2247 hortaremur
1995 2181 2044 2268 ¹)
2086 2182 2322 2267 impel-

361 2266 704 2350 lerontque
739 2266 979 2334 statres
1012 2268 1249 2351 quibus
1286 2268 1612 2334 creditum
1658 2277 1759 2334 est
1802 2267 1985 2335 verbi
2027 2269 2322 2335 ministe-

360 2355 557 2432 rium,
602 2373 732 2418 non
778 2352 992 2419 solum
1028 2353 1342 2419 Genevae
1385 2354 1499 2419 sed
1542 2355 1616 2418 in
1661 2374 1835 2419 nova
1876 2376 2130 2438 quoque
2171 2375 2321 2438 pro-

360 2439 600 2518 vincis,
620 2437 677 2525 ²)
721 2459 1003 2522 quorum
1039 2441 1217 2504 votis
1252 2441 1525 2505 necessit
1559 2440 2221 2524 Argentoratensium
2257 2447 2324 2505 et

501 2526 828 2590 ’6118111111
888 2524 1233 2591 consilium
1292 2533 1361 2591 et
1416 2526 1643 2591 literae
1697 2527 1973 2609 (eorum,
2029 2527 2320 2610 inquam,

361 2612 472 2695 qui
517 2620 590 2676 et
632 2612 1039 2695 Argentinae
1082 2620 1240 2677 sunt
1281 2620 1350 2677 et
1385 2611 1794 2678 Volmaciam
1842 2612 2321 2697 convenerunt)

359 2698 599 2782 quibus
657 2696 1116 2763 Genevensem
1175 2705 1479 2765 senatum
1536 2695 1975 2763 admonebant
1991 2749 2007 2775 ,
2073 2704 2151 2762 ut
2214 2718 2321 2762 me

360 2784 490 2849 huc
538 2782 859 2848 deducere
902 2792 1228 2862 curarent,
1274 2784 1651 2849 Beruenses
1705 2783 1873 2849 bona
1930 2804 2083 2848 eum
2129 2784 2322 2848 venia

358 2868 426 2934 id
490 2869 961 2953 permitterent
1023 2869 1490 2951 precabantur,
1566 2890 1642 2935 ac
1721 2891 1827 2934 me
1889 2868 2170 2953 denique
2233 2890 2321 2934 ne

358 2975 695 3021 morosum
727 2975 805 3020 ac
839 2955 1273 3040 refragarium
1306 2955 1584 3020 nimium
1620 2955 2020 3038 praeberem,
2056 2957 2113 3021 si
2146 2956 2321 3021 iusta

358 3041 526 3107 mihi
556 3040 874 3106 offeretur
888 3041 948 3123 8)
982 3040 1261 3108 occasio:
1298 3061 1431 3106 non
1466 3041 1670 3125 potui,
1706 3040 2064 3124 quamlibet
2095 3042 2320 3106 formi-

362 3126 629 3193 dolosus
688 3126 984 3210 trepidus
1001 3125 1061 3213 ⁴)
1122 3126 1205 3191 ad
1268 3134 1527 3193 tantam
1592 3125 2001 3193 subeundam
2058 3128 2319 3206 molem,

361 3214 467 3278 eni
526 3212 809 3279 nimium
865 3231 1047 3278 moos
1105 3214 1318 3279 sentio
1384 3213 1693 3278 humeros
1752 3213 2069 3296 impares,
2136 3233 2321 3279 meae

361 3300 662 3365 conscius
743 3297 1230 3382 imprudentiae
1316 3299 1702 3365 oscitantiae
1787 3299 2178 3365 temeritatis
2257 3308 2324 3364 et

359 3385 681 3464 inscitiae,
730 3385 901 3451 bona
943 3385 1344 3451 conscientia
1386 3392 1486 3450 tot
1528 3407 1605 3451 ac
1645 3392 1983 3451 tantorum
2027 3386 2322 3451 virorum

361 3472 791 3537 confirmatus
858 3471 1211 3536 autoritate
1276 3478 1345 3536 et
1403 3471 1799 3537 testimoniis
1851 3471 2092 3537 iustam
2150 3472 2322 3538 hanc

360 3578 503 3624 esse
549 3556 960 3623 vocationem
1004 3557 1275 3622 Domini
1317 3556 1637 3637 dubitare,
1681 3556 1928 3624 diutius
1963 3579 2068 3622 me
2101 3558 2322 3642 ipsum

359 3642 697 3729 flagitanti
712 3641 1021 3709 eeclesiae
1034 3640 1379 3728 denegare,
1403 3643 1561 3726 quin
1581 3642 1663 3708 ad
1687 3650 1947 3727 tempus
1967 3644 2323 3710 inviserem

362 3738 429 3793 et
491 3748 620 3813 pro
683 3747 830 3794 meo
894 3728 1160 3795 modulo
1225 3728 1561 3795 studerem
1625 3728 1979 3812 collapsam
2045 3731 2320 3815 erigere,

364 3812 817 3901 [amaturus
859 3815 1171 3880 nimirum
1214 3816 1271 3881 si
1314 3816 1455 3881 eius
1495 3814 1966 3880 instaurandae
2009 3837 2159 3900 81168
2203 3815 2321 3881 ali-

362 3921 491 3985 qua
527 3900 894 3986 affulgeret.
977 3900 1313 3968 Descendi
1345 3901 1567 3985 itaquo
1601 3899 1672 3965 in
1706 3922 1846 3966 rem
1884 3910 2321 3984 praesentem,

360 3988 714 4071 impetrata
790 3986 955 4052 mihi
1020 3986 1466 4052 Genevatium
1531 3992 1599 4051 ot
1661 3987 2322 4072 Argentoratensium

361 4071 583 4139 studio
631 4080 697 4137 et
740 4072 1040 4156 precibus
1085 4094 1126 4137 a
1169 4073 1568 4158 principibus
1613 4073 1837 4151 venia,
1881 4073 2146 4157 negotio
2190 4076 2323 4139 fra-

360 4158 578 4225 tribus
642 4158 1227 4224 Lausannensibus
1286 4160 1796 4237 communicato,
1862 4159 1979 4242 qui
2042 4160 2322 4226 aliorum

362 4256 519 4311 vota
552 4246 690 4310 suis
723 4264 979 4327 quoque
1014 4243 1347 4328 suffragiis
1381 4245 1843 4328 approbarunt.
1917 4243 2112 4325 Quod
2147 4244 2322 4329 apud

362 4352 481 4396 vos
522 4350 779 4414 quoque
823 4332 1117 4395 facturus
1161 4350 1361 4407 eram,
1416 4331 1545 4396 nisi
1592 4329 1912 4415 denegato
1966 4333 2101 4396 otio
2156 4341 2322 4396 tom-

361 4417 542 4500 poris
586 4417 873 4482 brevitas
914 4415 1382 4500 impedivisset,
1433 4424 1499 4481 61
1540 4416 1726 4482 vobis
1769 4416 1929 4482 satis
1972 4418 2324 4501 probatum

362 4502 446 4568 iri
498 4503 1015 4582 existimassem,
1075 4523 1151 4567 eo
1204 4503 1631 4568 confirmatus
1687 4509 2093 4586 argumento,
2149 4502 2323 4586 quod

362 4588 446 4653 D.
494 4588 889 4669 Eramuff)
931 4598 1000 4653 61
1042 4585 1125 4651 Ι).
1176 4586 1504 4653 Sultzerus
1547 4586 1720 4652 hanc
1763 4587 1934 4670 apud
1953 4587 2009 4674 ⁶)
2054 4608 2321 4654 causam

364 4677 655 4758 egissent
688 4675 1104 4752 Lausannae,
1149 4674 1423 4740 consilio
1462 4674 1697 4756 opinor
1738 4693 1961 4738 eorum
2008 4675 2121 4756 qui
2164 4683 2323 4741 tunc

360 4762 433 4824 in
501 4761 626 4827 hac
692 4759 964 4825 ecclesia
1027 4758 1215 4824 verbi
1280 4759 1645 4825 ministerio
1701 4769 2066 4842 praeerant.
2172 4759 2323 4842 Quo

397 4964 532 5029 m,
571 4966 628 5031 1)
664 4965 807 5033 16963
841 4964 1188 5035 efflagitarer,
1223 4965 1589 5019 hortarentur.

569 5034 783 5102 meod.
831 5034 2324 5103 Bon-minam,oomoeq=oecap·ae1.aueanna

569 5174 630 5241 3)
664 5173 968 5227 offerretur.

569 5241 630 5309 4)
667 5251 725 5295 et
757 5242 1020 5311 trepidae.

570 5312 632 5379 b)
669 5309 939 5366 Rasna.

570 5381 630 5447 6)
666 5381 810 5451 apud
845 5382 980 5435 vos?
1016 5381 1152 5433 nos?

2040 453 2199 515 1541
2246 448 2712 515 FEBRUAR.

4262 456 4384 519 154

2426 637 2675 704 factum
2719 647 2821 702 est
2863 646 2942 703 ut
2982 637 3172 704 vobis
3216 636 3396 703 haud
3438 639 3772 739 ingratum
3827 640 3964 706 fore
4008 661 4139 730 non
4196 639 4384 707 dubi-

2427 724 2642 804 tarim,
2687 723 2858 807 quod
2896 722 3243 807 aliquando
3279 723 3581 791 voluistis
3615 734 3682 790 et
3715 735 4047 792 tantorum
4085 730 4385 792 virorum

2427 830 2752 876 consensu
2796 818 2865 874 et
2905 810 3249 876 sententiis
3303 812 3694 878 confirmare
3713 812 3771 893 ⁷)
3829 810 4085 878 vidctis.
4173 812 4383 879 Porro

2426 902 2772 979 postquam
2792 895 2962 961 mihi
2983 896 3116 960 iam
3151 904 3391 962 cuncta
3432 896 3817 981 diligentius
3862 899 4131 963 rimanti
4173 914 4242 963 et
4264 919 4382 963 ex-

2425 980 2718 1131 ploranti
2740 990 3148 1066 compertum
3169 991 3271 1047 est
3291 981 3466 1065 quod
3487 996 3665 1049 certo
3694 983 3775 1049 ad
3801 994 4055 1050 vestros
4079 983 4379 1064 scribam,

2471 1068 2816 1133 intumum
2868 1068 2992 1133 hoc
3047 1088 3272 1133 meum
3328 1068 3664 1134 silentium
3729 1070 3911 1136 volui
3974 1070 4382 1154 abrumpere,

2426 1154 2615 1219 cuius
2680 1154 3000 1219 hactenus
3065 1151 3226 1219 adeo
3279 1161 3484 1220 tenax
3539 1155 3635 1220 fui
3651 1206 3668 1233 ,
3735 1154 3908 1239 quod
3973 1176 4235 1222 vererer
4297 1177 4384 1221 ne

2426 1239 2679 1305 incerta
2720 1260 2839 1323 pro
2882 1239 3079 1306 certis
3136 1239 3420 1305 scribere
3463 1241 3894 1326 contingeret,
3946 1262 4220 1325 meaque
4260 1242 4383 1307 fal-

2427 1323 2602 1390 lerer
2657 1326 2960 1408 opinione
2973 1377 2989 1403 ,
3056 1328 3112 1391 si
3165 1327 3374 1393 fretus
3431 1326 3647 1409 primo
3701 1328 3829 1393 isto
3882 1327 4202 1411 applausu
4255 1348 4384 1411 quo

2426 1419 2731 1494 acceptus
2776 1412 2857 1478 ab
2901 1412 3206 1478 omnibus
3253 1412 3353 1476 fui
3395 1412 3618 1478 omnia
3658 1413 3792 1481 iam
3834 1423 4052 1479 sarcta
4093 1422 4265 1478 tecta
4307 1435 4385 1480 ac

2425 1496 2499 1560 in
2544 1505 2687 1561 tuto
2731 1518 2874 1563 esse
2916 1496 3378 1581 persuaderem
3410 1498 3594 1563 mihi.
3685 1501 3778 1564 At
3809 1499 3942 1563 iam
3975 1498 4190 1566 multa
4226 1510 4385 1566 sunt

2426 1603 2595 1665 quae
2651 1592 2976 1649 testantur
3034 1581 3541 1666 haudquaquam
3601 1586 3767 1650 fixos
3782 1584 3844 1668 ε5)
3906 1606 4047 1651 6886
4110 1586 4382 1663 animos,

2427 1667 2544 1733 sed
2599 1676 2769 1735 totos
2823 1671 2894 1734 in
2950 1668 3072 1734 hoc
3131 1690 3272 1735 esse
3331 1680 3400 1734 ut
3456 1691 3676 1735 veram
3737 1672 3910 1736 inter
3960 1692 4031 1736 se
4098 1670 4386 1737 habeant

2426 1755 2795 1820 animorum
2852 1756 3345 1821 consensionem
3361 1804 3377 1833 ,
3441 1757 3699 1821 firmam
3765 1756 4120 1822 amicitiam
4187 1766 4384 1841 atque

2426 1841 2841 1907 concordiam
2881 1843 3165 1919 foveant,
3211 1860 3346 1906 non
3390 1841 3601 1907 solum
3646 1843 3820 1907 inter
3854 1864 3924 1908 se
3969 1842 4084 1907 sed
4127 1842 4384 1908 vicinos

2426 1946 2502 1991 ac
2558 1926 2946 2010 praesertim
2999 1927 3330 2009 principes
3384 1936 3671 2005 nostros,
3728 1949 3878 1994 cum
3933 1927 4170 2011 quibus
4225 1927 4384 1993 olim

2425 2011 2653 2078 foedus
2694 2014 3007 2090 inierunt,
3054 2012 3239 2078 cuius
3284 2023 3445 2078 sunt
3493 2015 3810 2079 maiorem
3854 2013 4128 2097 posthac
4183 2035 4382 2097 quam

2426 2098 2746 2164 hactenus
2790 2119 3083 2181 unquam
3127 2099 3450 2164 rationem
3491 2099 3795 2179 habituri,
3845 2100 3901 2165 si
3944 2099 4135 2165 modo
4179 2099 4385 2165 semel

2425 2185 2774 2268 contigerit
2838 2184 3002 2250 duas
3065 2185 3230 2249 istas
3287 2184 3687 2268 respublicas
3741 2185 4103 2252 coalescere
4167 2197 4236 2251 et
4300 2185 4388 2251 ad

2425 2270 2774 2353 pristinam
2817 2269 3036 2336 redire
3079 2271 3468 2337 amicitiam:
3527 2271 3632 2335 cui
3685 2271 3815 2335 nisi
3873 2270 4100 2337 sedulo
4155 2292 4383 2338 omnes

2425 2354 2895 2435 incumbimus,
2969 2355 3381 2422 declaramus
3446 2377 3564 2421 nos
3632 2355 3798 2421 nihil
3864 2355 4105 2422 habere
4169 2359 4381 2440 pensi,

2426 2441 2680 2506 nullam
2736 2462 2962 2507 curam
3019 2451 3358 2507 tantarum
3414 2442 3865 2519 ecelesiarum,
3922 2444 4052 2507 imo
4111 2442 4381 2522 Christi,

2426 2527 2821 2593 christianae
2842 2527 3177 2612 religionis
3198 2534 3268 2593 et
3295 2529 3603 2594 caritatis.
3694 2528 3757 2592 N
3758 2549 3842 2592 on
3887 2538 4163 2612 possunt
4205 2531 4383 2594 enim

2424 2614 2592 2679 istae
2630 2613 3035 2696 respublicae
3078 2614 3314 2678 animis
3358 2613 3659 2693 dissilire,
3707 2615 3981 2699 seiungi,
4039 2614 4166 2680 sibi
4220 2616 4383 2698 ipsis

2426 2697 2782 2777 adversari,
2834 2700 2960 2764 nisi
3008 2699 3300 2764 maxima
3345 2698 3760 2785 evangelicae
3801 2701 4067 2785 pietatis
4110 2702 4380 2781 iactura,

2426 2785 2720 2850 omnium
2758 2784 3177 2851 eeclesiarum
3214 2784 3468 2862 damno,
3514 2787 3772 2869 piorum
3808 2806 4100 2851 moerore
4134 2796 4200 2851 et
4234 2806 4382 2851 cru-

2425 2873 2628 2950 ciatu,
2709 2871 3060 2955 impiorum
3138 2871 3487 2954 applausu,
3567 2871 3785 2937 utrius
3829 2893 3914 2937 ue
3989 2871 4383 2955 reipublicae

2425 2955 2858 3037 incommodo,
2902 2957 3206 3022 molestia
3249 2964 3317 3021 et
3357 2957 3739 3042 ignominia.
3846 2955 3889 3021 d
3931 2966 4151 3022 autem
4196 2979 4387 3043 spero

2425 3042 2698 3109 tandem
2743 3043 3049 3109 effectum
3091 3043 3193 3122 iri,
3240 3049 3307 3108 et
3345 3043 3516 3108 forte
3559 3044 3779 3109 minus
3822 3050 3998 3109 esset
4038 3044 4384 3125 malorum,

2427 3131 2482 3195 si
2504 3136 2641 3194 tam
2664 3128 2856 3194 multi
2877 3129 3257 3194 incondium
3279 3129 3700 3215 exstinguere
3736 3137 4146 3209 conarentur,
4183 3150 4385 3214 quam

2424 3215 2622 3281 multi
2654 3213 2968 3300 frigidum
3006 3213 3413 3293 suffundunt‚
3458 3224 3525 3280 et
3565 3214 3820 3281 addunt
3860 3214 4078 3280 oleum
4122 3216 4382 3282 camino

2427 3303 2754 3386 utrinque.
2846 3303 2941 3367 At
2974 3299 3305 3367 Dominus
3339 3302 3555 3368 iustus
3588 3301 3790 3367 iudex
3837 3301 4103 3368 tandem
4149 3301 4383 3386 probet

2427 3395 2689 3454 autores
2724 3387 2963 3453 horum
2996 3387 3321 3453 malorum
3360 3394 3429 3453 et
3463 3389 3574 3471 qui
3609 3388 3751 3472 pios
3774 3394 4031 3453 nostros
4053 3388 4386 3472 principes

2426 3475 2494 3540 in
2532 3473 2751 3539 taedia
2785 3494 2976 3541 curas
3014 3480 3080 3538 et
3111 3473 3445 3539 molestias
3478 3474 3637 3538 istas
3671 3480 4154 3557 pertraxerunt.
4213 3474 4386 3540 Utut

2425 3582 2532 3626 res
2576 3558 2879 3639 habeant,
2925 3579 3085 3626 cura
3127 3568 3228 3625 est
3270 3559 3457 3625 nobis
3492 3556 3908 3642 suscipienda
3942 3559 4382 3639 ecclesiarum,

2425 3646 2686 3712 etiamsi
2731 3646 3029 3712 homines
3073 3651 3294 3711 essent
3334 3642 3650 3729 bipedum
3668 3644 3723 3730 ⁹)
3782 3645 4079 3710 omnium
4121 3647 4382 3728 nequis-

2428 3733 2597 3799 simi.
2686 3730 2899 3797 Video
2943 3731 3310 3798 certissima
3351 3731 3838 3815 resipiscentiae
3883 3732 4091 3830 sig-na,
4138 3730 4385 3797 fastum

2426 3818 2637 3897 deiiei,
2685 3817 3053 3884 simultates
3097 3814 3413 3900 paulatim
3458 3816 3687 3881 revelli
3732 3837 3815 3881 ex
3860 3817 4116 3896 animis,
4173 3818 4384 3881 maxi-

2425 3924 2613 3969 mum
2656 3902 2741 3969 ad
2784 3923 3002 3970 sacras
3060 3902 3405 3969 conciones
3462 3922 3876 3981 coneursum,
3932 3903 4382 3985 frequentissi-

2425 4011 2609 4055 mum
2688 3996 2756 4054 et
2819 3989 3334 4054 attentissimum
3423 3986 3818 4054 auditorium
3836 4039 3853 4067 ,
3932 3987 4384 4072 quotidianam

2425 4075 3016 4160 perseverantiam,
3062 4075 3343 4139 calorem
3388 4073 3572 4157 prius
3615 4081 4001 4158 conceptum
4046 4075 4272 4158 augeri
4318 4081 4385 4138 61

2426 4162 2640 4246 magis
2684 4160 2969 4241 accendi,
3013 4161 3472 4246 magistratum
3518 4180 3594 4226 ae
3617 4168 3830 4225 totum
3856 4158 4171 4243 populum
4199 4160 4382 4225 verbi

2426 4247 2865 4313 ministerium
2906 4248 3213 4326 revereri,
3260 4247 3446 4312 cuius
3489 4247 3845 4332 contempti
3888 4246 4047 4311 satis
4090 4246 4385 4310 sentiunt

2428 4356 2497 4400 se
2542 4353 2788 4418 poenas
2832 4331 3027 4397 luere.
3118 4330 3196 4397 Si
3240 4353 3376 4397 non
3427 4331 3640 4398 desint
3681 4330 3835 4396 boni
3876 4337 4190 4414 pastores,
4248 4352 4381 4397 non

2425 4426 2587 4503 puto
2630 4418 2969 4484 defuturos
3011 4419 3214 4485 bonos
3257 4419 3461 4484 cives:
3519 4419 3575 4485 si
3619 4417 3835 4483 desint
3877 4415 4383 4483 calumniatores

2428 4514 2495 4571 et
2548 4503 2632 4571 ad
2686 4504 2863 4569 mala
2897 4506 2976 4587 ¹⁰)
3043 4502 3392 4571 seditiones
3458 4511 3526 4569 et
3591 4504 3904 4570 factiones
3967 4502 4380 4586 impulsores,

2427 4612 2620 4675 spero
2656 4591 2858 4656 etiam
2892 4590 3056 4657 istas
3091 4589 3491 4673 reipublicae
3642 4597 3743 4656 tes
3777 4595 4163 4656 cessaturas.
4201 4590 4383 4674 Ergo

2427 4678 2485 4743 si
2540 4674 2709 4744 serio
2764 4674 3104 4742 studemus
3158 4696 3467 4758 promove
3561 4696 3638 4741 ae
3691 4676 3936 4760 gloriae
3993 4673 4266 4755 Christi,
4325 4675 4379 4740 si

2427 4784 2582 4829 vere
2650 4762 2953 4829 ecclesias
3017 4761 3335 4828 habemus
3390 4761 3911 4838 commendatas,
3968 4760 4090 4826 hoc
4144 4780 4380 4826 saxum

2427 4869 2658 4915 omnes
2704 4848 2968 4914 volvere
3010 4868 3275 4915 neeesse
3332 4854 3450 4927 est,
3511 4848 3633 4913 nisi
3692 4845 4103 4914 offendiculis
4158 4846 4379 4929 potius

2428 4947 2495 5002 et
2529 4937 2742 4999 ruinis
2777 4955 2975 5017 quam
3012 4934 3308 5019 profectu
3348 4934 3723 5019 evangelico
3759 4934 4183 5000 oblectantur.
4241 4932 4382 4995 Vos

2634 5173 2692 5239 7)
2728 5174 3051 5227 confirmari.

2631 5241 2691 5379 33
2725 5257 2833 5365 3ἓέ
2991 5242 3001 5255 ’

2599 5381 2691 5445 10)
2727 5382 2941 5434 malas?
