5050 6167
379 462 498 523 617

544 747 682 815 Suo
723 748 961 814 Ioanni
1007 748 1286 814 Calvino
1328 748 1579 831 pastori
1623 745 2127 829 vigilantissimo

1876 864 2207 932 Genevae.

543 1005 612 1072 S.
680 1006 834 1071 Misi
872 1005 954 1069 ad
998 1014 1065 1069 te
1098 1004 1328 1069 literas
1371 1002 1475 1068 die
1499 1002 1774 1073 Saturni
1805 1003 1853 1087 ¹)
1896 1023 2017 1086 per
2059 1001 2329 1066 viduam

373 1091 696 1175 quandam
741 1090 906 1155 mihi
949 1090 1376 1155 notissimam.
1468 1088 1773 1173 Optarim
1820 1111 1906 1154 ex
1949 1100 2014 1153 te
2058 1088 2326 1166 discere,

382 1178 702 1260 acceperis
737 1198 859 1242 nec
893 1199 994 1241 ne.
1065 1175 1394 1257 Quamvis
1431 1197 1514 1240 ex
1549 1176 1685 1240 tuis
1720 1175 1930 1239 literis
1966 1195 2128 1257 quas
2165 1173 2328 1238 mihi

382 1263 730 1328 zebedaeus
785 1262 1072 1327 reddidit
1092 1266 1145 1343 ²)
1205 1262 1504 1345 suspicor
1565 1262 1691 1326 tibi
1753 1262 1952 1326 fuisse
2019 1259 2325 1325 redditas.

373 1348 603 1415 Scribe
648 1359 867 1413 tamen
911 1370 998 1412 an
1042 1348 1366 1432 acceperis
1415 1356 1492 1411 ut
1533 1349 1772 1413 certior
1814 1348 1986 1425 fiam,
2033 1367 2118 1409 ne
2161 1346 2330 1410 mihi

377 1435 540 1500 forto
594 1435 945 1518 contigerit
1002 1434 1172 1517 quod
1231 1434 1300 1498 in
1359 1432 1571 1498 literis
1628 1434 1793 1497 meis
1851 1432 1933 1496 ad
1996 1432 2329 1498 Farellum

377 1542 533 1604 quas
585 1521 889 1585 Telo-sano
905 1523 962 1602 ⁸)
1014 1520 1341 1585 dederam.
1446 1519 1697 1585 Farello
1754 1517 1924 1583 dixit
1978 1539 2049 1583 se
2103 1519 2175 1581 in
2217 1519 2328 1582 via

377 1607 699 1684 amisisse,
758 1605 874 1670 sed
918 1626 1149 1671 vereor
1205 1626 1289 1670 ne
1334 1605 1716 1681 retinuerit,
1771 1626 1856 1668 ne
1900 1606 1960 1669 ei
2004 1604 2329 1669 accideret

367 1692 536 1776 quod
586 1691 877 1757 Gortesio.
966 1690 1351 1757 Scribebam
1409 1692 1590 1756 enim
1644 1688 1818 1754 idem
1863 1688 1943 1754 de
1985 1689 2326 1754 literarum

367 1779 708 1862 apertione
750 1776 921 1860 quod
966 1778 1048 1842 ad
1093 1788 1175 1855 te,
1235 1778 1292 1843 si
1333 1775 1526 1841 modo
1571 1777 1798 1840 literas
1835 1796 2018 1842 meas
2061 1797 2326 1859 accepe-

367 1866 477 1929 ris.
568 1862 888 1946 Suspicor
929 1862 1262 1928 hominem
1299 1883 1481 1927 meas
1514 1861 1884 1944 resignasse
1927 1883 2049 1927 nec
2092 1883 2327 1925 ausum

367 1948 675 2027 reddere,
738 1950 1022 2016 veritum
1080 1970 1164 2013 ne
1221 1949 1397 2013 idem
1454 1946 1973 2030 deprehenderet
2031 1946 2329 2011 Farellus

371 2034 539 2119 quod
600 2056 738 2118 ege.
829 2035 1005 2099 Nam
1060 2057 1167 2100 me
1224 2043 1444 2099 orarat
1498 2045 1574 2097 ut
1625 2033 1705 2097 de
1760 2053 1829 2097 se
1873 2032 1956 2096 ad
2001 2032 2326 2096 Farellum

370 2122 741 2187 scriberem.
832 2119 1058 2201 Quum
1104 2132 1327 2185 autem
1370 2120 1532 2185 satis
1582 2117 1818 2203 frigide
1859 2139 1900 2181 a
1941 2139 2048 2182 me
2091 2140 2325 2201 excep-

365 2218 472 2272 tus
516 2216 695 2272 esset
730 2216 799 2271 et
842 2227 949 2271 me
993 2207 1330 2288 scripsisse
1386 2225 1777 2283 assererem,
1839 2206 2133 2287 suspicor
2175 2226 2326 2269 eum

367 2293 657 2358 voluisse
714 2293 1002 2376 experiri
1065 2293 1292 2373 quales
1350 2292 1556 2357 ferret
1610 2291 1868 2369 literas,
1936 2289 2108 2372 quod
2162 2291 2327 2355 mihi

365 2399 604 2461 parum
649 2378 881 2443 fideret
926 2378 1124 2442 homo
1181 2378 1354 2442 male
1409 2377 1596 2442 fidus.
1697 2378 1866 2441 Rem
1922 2378 2190 2441 omnino
2234 2379 2328 2441 ita

365 2464 614 2530 habere
668 2465 956 2539 coniicio,
1002 2474 1070 2528 et
1113 2463 1374 2546 quidem
1419 2461 1843 2546 probabiliter
1886 2463 2076 2527 satis:
2144 2464 2327 2528 cuius

365 2558 428 2615 te
493 2551 677 2616 volui
732 2550 1173 2626 admonitum,
1243 2560 1321 2614 ut
1377 2558 1450 2614 tu
1506 2570 1760 2631 quoque
1826 2549 2328 2632 diligentissime

365 2657 629 2720 semper
670 2636 973 2701 attendas
1017 2635 1256 2717 quibus
1299 2645 1450 2699 tuas
1492 2636 1717 2699 literas
1761 2636 2153 2700 committas.

534 2725 646 2787 De
693 2721 1078 2787 Franchesio
1117 2720 1305 2785 aliter
1346 2723 1560 2786 facere
1591 2740 1728 2785 non
1763 2720 1966 2803 potui.
2073 2720 2330 2785 Vereor

363 2830 446 2873 ne
489 2809 686 2873 vobis
729 2808 818 2872 sit
860 2807 1176 2871 molestus
1232 2815 1301 2871 et
1354 2805 1550 2872 valde
1591 2808 2026 2888 importunus.
2114 2808 2329 2873 Miror

367 2891 719 2959 Genesium
763 2892 1057 2958 nondum
1115 2893 1231 2958 abs
1287 2900 1354 2956 te
1412 2894 1659 2969 visum,
1715 2913 1835 2975 per
1889 2913 2087 2975 quem
2132 2892 2216 2958 ad
2259 2902 2328 2956 te

367 2981 764 3063 scripseram
820 2979 893 3043 in
952 2981 1092 3044 eius
1150 2978 1452 3062 gratiam.
1479 2983 1536 3050 ⁴)
1634 2977 1716 3042 In
1771 2977 1979 3043 literis
2037 3000 2201 3060 quas
2257 2999 2328 3042 se

362 3066 667 3131 amisisse
731 3064 1080 3131 Tolosam-9
1148 3065 1240 3128 ait
1294 3064 1465 3128 nihil
1518 3070 1663 3128 erat
1726 3063 1897 3145 quod
1961 3084 2068 3129 me
2132 3063 2330 3129 valde

363 3157 592 3235 angat,
655 3152 784 3215 nisi
828 3149 1000 3233 quod
1060 3149 1140 3215 de
1184 3150 1519 3232 apertione
1560 3148 1907 3214 literarum
1948 3149 2328 3214 addideram

362 3239 586 3302 statim
636 3238 706 3301 in
741 3236 1164 3320 frontispicio.
1235 3235 1341 3301 De
1369 3235 1672 3300 Zebedaei
1714 3236 1979 3319 negotio
2024 3246 2091 3300 et
2132 3235 2328 3300 rebus

360 3323 636 3407 reliquis
678 3322 894 3399 brevi,
954 3330 1030 3387 ut
1072 3341 1281 3404 spero,
1339 3329 1721 3404 praesentes
1764 3320 1961 3412 latius
2004 3321 2329 3404 colloque-

358 3426 528 3488 mur,
551 3409 618 3494 ὅ)
719 3408 981 3473 namvis
1037 3406 1212 3472 diem
1263 3405 1387 3471 tibi
1448 3408 1812 3491 praefigere
1870 3427 2004 3471 non
2061 3408 2326 3490 possim.

359 3492 578 3560 Valde
631 3494 696 3558 la
778 3514 853 3557 ro
909 3496 981 3557 in
1034 3493 1218 3577 equis
1260 3492 1699 3559 inveniendis.
1790 3490 2023 3557 Saluta
2067 3493 2327 3559 amicos.

364 3579 650 3646 Gaudeo
690 3600 834 3645 rem
878 3600 1012 3644 non
1056 3588 1191 3643 tam
1237 3577 1643 3661 deploratam
1701 3576 1781 3642 de
1826 3579 2155 3643 sententia
2195 3579 2331 3643 Ba-

362 3666 754 3745 siliensium‚
799 3686 996 3748 quam
1040 3664 1443 3730 audiveram.
1533 3662 1808 3731 Gaudeo
1844 3663 2044 3728 etiam
2085 3664 2330 3746 princi-

359 3770 477 3835 pes
521 3761 788 3818 nostros
831 3749 1093 3834 publico
1128 3748 1338 3816 edicto
1368 3750 1661 3815 hortatos
1705 3749 2019 3833 populum
2060 3749 2144 3814 ad
2183 3771 2331 3833 pre-

364 3857 473 3904 ces
529 3840 617 3904 ob
687 3838 1146 3901 imminentem
1202 3835 1329 3900 Dei
1384 3835 1763 3914 vindictam,
1823 3845 1890 3900 et
1933 3835 2188 3900 choreis
2253 3855 2329 3901 ac

362 3922 776 3989 carminibus
809 3922 1076 3987 lascivis
1157 3922 1377 3986 cuitus
1411 3921 1848 3987 interdixisse.
1907 3920 2094 3985 Vale.
2146 3921 2329 3986 Lau-

365 4030 642 4087 sannae,
688 4013 788 4073 20.
836 4006 1107 4091 Septem
1154 4057 1167 4072 .
1221 4010 1403 4071 1543.

1516 4178 1700 4245 Tuus
1742 4177 1818 4241 P.
1866 4174 2154 4243 Viretus.

363 4355 518 4363 ο-.η-.--β
559 4356 778 4363 ----.-..

349 4556 353 4560 Α
396 4470 534 4532 ⁵⁰2⁶
578 4470 643 4601 y)
675 4468 1080 4618 ω’·ῗῗῖτᾏςφς.
1121 4535 1370 4591 Genevae
1401 4536 1601 4600 fuerat.
1688 4606 1698 4617 ⁶
1895 4605 1906 4617 ⁹
1947 4605 1959 4616 .
2091 4556 2096 4563 ·
2301 4606 2313 4617 ·

575 4607 639 4676 3)
676 4555 801 4662 ῧιοο
843 4623 956 4661 non
999 4606 1217 4660 videtin·
1262 4620 1458 4658 nomen
1498 4620 1788 4674 proprium
1836 4604 1987 4674 Vm,
2031 4604 2130 4659 sed
2159 4611 2331 4674 yena-

362 4675 547 4732 litium
603 4675 758 4731 Galli
790 4675 1076 4731 cuiusdam
1122 4675 1220 4744 qui
1264 4673 1568 4729 Helvetium
1615 4688 1942 4740 percurrens
1986 4675 2056 4728 ab
2099 4674 2212 4728 alio
2258 4674 2335 4728 ad

359 4745 539 4801 alium
578 4745 982 4800 emmendotus
1016 4744 1384 4814 ableqabatur.

475 4827 484 4837 ·
577 4812 642 4880 4)
683 4814 758 4868 N.
794 4812 915 4868 499.
951 4812 1071 4867 500.

579 4882 641 4951 5)
684 4883 823 4937 Fuit
861 4883 1123 4938 Genevae.
1163 4879 1337 4947 (504.)

1263 5193 1558 5201 H--b—

1796 457 1961 519 1543
2005 451 2943 521 SEPTEMB.-OCTOBR.

4264 456 4389 519 618

3335 642 3487 713 5⁰3.

2870 797 3366 864 FREOHTUS
3413 796 3944 865 BLAURERO.

2611 968 3036 1033 Communicat
3076 988 3216 1034 cum
3258 989 3324 1032 eo
3368 989 3524 1049 quae
3561 971 3918 1051 nuperrime
3959 969 4191 1050 accepit
4232 988 4393 1033 nova

2435 1054 2510 1119 de
2557 1052 2814 1120 Calvino
2857 1060 2910 1119 et
2970 1054 3281 1120 VermiliO.

2434 1224 2539 1293 (Ex
2575 1225 2915 1295 autographo
2950 1225 3093 1279 Bibl.
3130 1225 3365 1279 Vadian.
3404 1226 3640 1296 Sangall.
3680 1226 3837 1279 MSS.
3875 1225 3934 1278 Τ.
3971 1224 4044 1278 34
4088 1226 4157 1279 al.
4194 1225 4264 1277 V.
4300 1224 4393 1280 fol.

2432 1294 2563 1363 2163
2602 1295 2653 1347 le
2694 1294 2802 1346 itur
2837 1295 3002 1347 etiam
3049 1293 3107 1345 in
3143 1295 3272 1348 cod.
3321 1295 3458 1348 Bibl.
3507 1297 3656 1349 civic.
3704 1295 4012 1347 Turicensis
4059 1294 4123 1347 F.
4160 1292 4229 1346 43
4263 1295 4394 1347 olim

2559 1364 2672 1416 Arc
2713 1403 2726 1416 .
2763 1363 3013 1432 Hctting.
3050 1362 3200 1416 VIII.
3236 1380 3288 1431 p.
3327 1363 3430 1417 556
3466 1374 3523 1417 et
3559 1381 3642 1434 ap.
3681 1364 3972 1417 Simlerum
4007 1363 4125 1417 Vol.
4163 1361 4278 1428 53.)

2430 1552 4396 1567 ---·-.·--ο-----ο-ο-ιο.---ι-οσ-

2606 1605 2852 1687 Accepi
2907 1626 3166 1682 recens,
3233 1605 3642 1686 Argentinae
3699 1604 4037 1671 Calvinum
4096 1614 4397 1671 nostrum

2431 1691 2816 1756 convenisse
2855 1690 3183 1756 Farezlum
3227 1700 3295 1753 et
3336 1691 3485 1757 istic
3528 1712 3773 1775 magna
3814 1712 3968 1757 cum
4009 1688 4203 1755 laude
4245 1711 4394 1772 pro-

2429 1776 2730 1840 fitentem
2784 1775 3042 1840 Petrum
3100 1776 3476 1858 Martyrem,
3503 1779 3550 1859 ¹)
3618 1780 3729 1860 qui
3802 1798 3953 1843 cum
4025 1775 4392 1859 impudenti

2431 1861 2831 1927 Antichristi
2866 1864 3193 1945 mancipio
3213 1863 3504 1927 Metensi
3545 1863 3827 1945 quodam
3871 1863 4393 1945 praedicatore,²)
4480 1887 4490 1896 ·

2433 1947 2911 2029 (paedicatore,
2981 1950 3181 2015 verbo
3237 1950 3325 2013 sit
3388 1950 3617 2028 venia,
3678 1950 3960 2015 scribere
4021 1947 4392 2024 volueram)

2433 2032 2774 2117 disputare
2816 2034 3117 2100 voluerit.
3207 2035 3461 2099 Verum
3508 2038 3744 2101 infecta
3787 2056 3858 2100 re
3908 2035 3991 2099 ad
4036 2057 4156 2100 sua
4197 2033 4397 2098 rediit

2431 2128 2562 2202 opt.
2615 2120 2933 2186 Calvinus,
3025 2119 3159 2201 Qui
3215 2122 3286 2185 in
3340 2142 3570 2187 omnes
3617 2122 3812 2187 Pauli
3865 2121 4174 2204 epistolas
4218 2141 4395 2186 com-

2431 2207 2791 2271 mentarios
2846 2206 3014 2283 edet,
3035 2207 3091 2292 3)
3149 2216 3224 2271 ut
3280 2206 3366 2271 D.
3421 2207 3648 2273 Petrus
3706 2208 3777 2272 in
3830 2228 4058 2273 omnes
4102 2207 4392 2274 minores

2432 2291 2787 2373 prophetas
2842 2314 2881 2355 a
2937 2314 3007 2358 se
3051 2293 3461 2376 Argentinae
3506 2294 3883 2375 praelectos.
3903 2298 3960 2371 ⁴)
4050 2291 4186 2359 Sed
4224 2293 4394 2358 forte

2433 2377 2552 2442 tibi
2611 2376 2741 2442 iam
2801 2377 2915 2442 diu
2971 2388 3131 2444 nota
3187 2379 3418 2444 scribo,
3481 2415 4073 2427 —————
4121 2379 4393 2463 Raptim

2430 2461 2669 2528 Ulmac
2716 2467 2817 2528 23.
2865 2462 3047 2547 Sept.
3104 2470 3284 2530 1543.

3344 2603 3416 2667 T.
3465 2624 3517 2668 c.
3565 2623 3652 2667 ex
3695 2603 3914 2668 animo

3670 2724 3996 2789 Frechtus
4038 2731 4210 2788 tuus.

3338 3202 3489 3274 504.

2544 3336 3165 3405 GENEVENSES
3211 3339 3646 3509 MSINIgS'gRI
3688 3338 4290 3408 LAUSANNEN-

3426 3443 3487 3510 U
3547 3495 3561 3508 .

2612 3610 2935 3677 Iudicium
2976 3611 3052 3677 de
3095 3611 3419 3679 Fracheto.

2438 3781 2551 3847 (Ex
2587 3783 2925 3852 autographo
2971 3782 3105 3837 Ood.
3146 3783 3349 3838 GeneV.
3389 3783 3517 3851 106,
3566 3785 3657 3839 fol.
3694 3783 3777 3838 96.
3860 3785 4212 3852 Exemplar-ia
4244 3802 4401 3855 prae-

2436 3858 2592 3905 terea
2627 3857 2847 3905 exstant
2882 3853 3166 3906 lenvillaei
3215 3854 3290 3907 ib.
3327 3854 3455 3907 Cod.
3498 3852 3624 3917 196,
3672 3855 3763 3908 fol.
3798 3852 3898 3921 84,
3947 3854 4226 3907 Turretini
4263 3854 4396 3909 Ood.

2542 3918 2660 3988 111,
2695 3921 2788 3973 fol.
2829 3918 2911 3985 79,
2950 3921 3226 3976 Bernense
3260 3923 3403 3992 Epp.
3445 3922 3567 3975 VII.
3604 3922 3723 3987 539,
3763 3924 3982 3977 Simleri
4019 3922 4145 3976 Vol.
4182 3921 4295 3989 53.)

2435 4090 2777 4158 Fidelibus
2823 4091 3077 4160 Christi
3133 4093 3455 4159 ministris
3498 4093 3873 4176 pastoribus
3916 4103 3984 4159 et
4026 4091 4402 4161 doctoribus

2435 4176 2940 4267 Lausannensis
2999 4180 3316 4279 ecclesiae
3368 4190 3437 4278 et-
3492 4180 3638 4263 agri
3694 4181 3900 4248 vicini
3940 4181 4254 4246 fratribus
4298 4203 4403 4247 ca-

3262 4286 3560 4330 rissimis.

2612 4399 2848 4465 Gratia
2891 4404 3081 4469 vobis
3116 4415 3184 4468 et
3224 4424 3356 4485 pax
3400 4424 3441 4467 a
3477 4402 3625 4468 Deo
3670 4411 3858 4486 patre
3899 4412 4127 4467 nostro
4172 4413 4241 4469 et
4260 4401 4402 4470 Do-

2437 4485 2618 4551 mino
2657 4486 2812 4551 Iesu
2858 4484 3143 4567 Christo,
3190 4489 3427 4553 fratres
3474 4487 3900 4554 dilectissimi.

2611 4570 2830 4637 Biduo
2890 4584 3243 4656 antequam
3316 4574 3447 4640 huc
3504 4574 3846 4640 adveniret
3909 4575 4113 4639 frater
4178 4584 4404 4642 noster

2471 4827 2602 4887 504.
2642 4830 2697 4888 1)
2744 4827 2853 4896 Qui
2904 4829 2967 4881 in
3025 4828 3199 4885 locum
3261 4828 3546 4900 capitonis
3596 4832 3863 4900 ‘suffectus
3909 4833 4023 4886 iam
4071 4838 4237 4887 totum
4282 4832 4401 4898 fere

2439 4910 2648 4949 annum
2684 4898 2770 4950 Ar
2808 4897 3048 4952 entorati
3078 4899 3336 4954 hebraica
3369 4900 3607 4955 docebat.

2645 4964 2706 5031 2)
2793 4967 2948 5020 arelo
2980 4982 3054 5021 oc.
3091 4967 3174 5021 vel
3211 4967 3403 5022 Fidele
3436 4968 3851 5035 mancinum,
3899 4971 3998 5039 qui
4041 4970 4303 5024 acerrim
4337 4983 4399 5024 ιο

2439 5040 2801 5171 tenaci-{zap
2842 5035 3113 5100 Metsnscs
3145 5037 3207 5090 in
3247 5044 3615 5105 protestantes
3658 5038 4024 5093 invehebatur.
4097 5035 4400 5102 (Μαι-ιω

2645 5172 2707 5239 3)
2746 5172 2897 5227 Haec
2927 5174 3094 5227 nimis
3125 5178 3476 5241 praemature
3502 5176 3799 5243 promissa.

2646 5239 2707 5307 4)
2756 5241 2909 5296 Talis
2943 5243 3357 5297 commentarius
3392 5258 3676 5313 nunquam
3707 5243 3933 5313 prodiit,
3978 5248 4028 5298 et
4062 5259 4202 5313 quae
4236 5260 4396 5313 prae-

2438 5308 2692 5365 lectiones
2723 5313 2840 5364 eius
2872 5312 3173 5381 exegeticae
3204 5317 3325 5381 exst
3364 5318 3423 5367 nt
3458 5328 3551 5367 eas
3624 5320 3709 5377 ost
3729 5313 3931 5367 obitum
3955 5311 4165 5367 demum
4186 5315 4401 5369 autoris

2440 5381 2612 5435 amici
2641 5378 2946 5436 ediderunt.
3019 5378 3306 5449 (Schmidt,
3325 5327 3623 5451 (17εωὶρέ
3641 5400 3694 5451 p.
3729 5379 3813 5435 57.
3836 5379 3982 5450 293.)
