5050 6167
632 422 715 484 63
2173 405 2703 475 EPISTOLAE
2750 407 3091 470 226-228
4566 397 4651 466 6⁴4

631 627 826 673 aurez
868 605 989 670 fait
1024 605 1288 688 iusques
1330 602 1440 686 icy
1475 600 1590 684 qui
1623 620 1773 666 sera
1803 596 2091 664 lendroit
2111 617 2195 661 ou
2208 598 2278 680 je
2298 602 2589 678 mettray

630 694 727 759 fin
770 698 814 758 a
854 710 964 755 ma
1004 690 1197 755 lettre
1240 688 1517 770 escripte
1559 693 1604 752 a
1642 685 1709 751 la
1752 683 2146 751 Ohaussiere
2187 681 2252 747 16
2296 685 2406 745 25ο
2431 682 2590 765 jour

632 778 714 845 (16
747 775 1019 862 jeuillet.

1894 905 1960 971 la
2002 904 2152 971 bien
2193 911 2413 969 vostre

1943 990 2365 1076 Marguerite.

1406 1251 1811 1262 .-——....-—-—.--

1529 1434 1675 1504 227.

1117 1574 1590 1644 GALVINUS
1634 1571 2097 1641 FARELLO.

810 1751 1206 1834 Stipendium
1254 1749 1384 1815 sibi
1438 1753 1687 1813 andum
1728 1746 2007 1826 nunciat,
2067 1746 2266 1811 mnino
2309 1745 2590 1827 rependit

630 1859 787 1925 quos
851 1839 960 1904 ille
1019 1856 1220 1918 nuper
1271 1835 1609 1919 Hayenoae
1675 1837 1962 1915 sumptus
2045 1835 2262 1896 ecerat.
2360 1830 2587 1896 Libros

631 1922 1226 2079 masalman
1278 1942 1322 1987 a
1396 1918 1751 1986 Wmdelino
1809 1919 1880 1984 in
2012 1917 2297 1984 elvetzam'
2358 1917 2588 1981 missos

635 2184 745 2252 (Ex
793 2188 1019 2248 autogr·
1058 2179 1130 2233 ho
1175 2178 1307 2232 bibl.
1361 2177 1564 2231 GeneV.
1612 2176 1744 2231 Ood.
1792 2172 1911 2238 106,
1955 2172 2048 2227 fol.
2097 2170 2181 2225 28.
2232 2200 2299 2213 -
2347 2174 2589 2237 Quocum

636 2253 773 2306 conf.
807 2250 945 2305 Ood.
981 2249 1010 2301 1
1054 2248 1099 2314 1,
1133 2247 1225 2301 fol.
1265 2245 1345 2301 18.
1416 2246 1557 2315 Epp.
1594 2247 1759 2300 Bern.
1799 2242 1915 2297 vu.
1947 2239 2068 2295 297.
2123 2242 2322 2295 Simler
2357 2241 2484 2299 Vol.
2517 2238 2589 2294 46

658 2334 665 2340 ·
989 2323 1048 2372 et
1080 2316 1386 2370 versionem
1422 2314 1689 2385 anglicam
1723 2312 1876 2366 Tom.
1912 2310 1955 2365 1.
1990 2328 2043 2380 p.
2081 2307 2227 2376 125.)

861 2471 1126 2538 Farello
1166 2470 1355 2536 fratri
1396 2468 1564 2534 mihi
1606 2467 1906 2553 inprimis
1949 2464 2372 2531 observando.

807 2608 995 2673 Nihil
1052 2607 1209 2672 novi
1263 2605 1500 2673 accidit
1550 2626 1636 2670 ex
1689 2625 1817 2687 quo
1875 2603 2030 2668 hinc
2084 2610 2151 2667 te
2194 2602 2512 2685 recepisti,
2541 2602 2592 2685 ¹)

636 2696 768 2764 nisi
820 2692 993 2778 quod
1051 2712 1129 2758 eo
1187 2692 1328 2775 ipso
1400 2690 1533 2769 die,
1606 2690 1821 2755 tribus
1883 2689 2142 2756 circiter
2197 2687 2379 2753 horis
2443 2697 2595 2771 post

634 2788 827 2848 tuum
882 2780 1162 2856 abitum,
1222 2776 1642 2844 scholarchae
1697 2774 2097 2859 stipendium
2142 2773 2307 2839 mihi
2351 2794 2593 2858 augere

635 2868 1002 2935 voluerunt.
1021 2863 1078 2950 ²)
1144 2861 1591 2929 Oontulerunt
1631 2860 1813 2926 enim
1846 2858 2282 2927 sacerdotium
2326 2869 2594 2925 centum

634 2955 1062 3030 florenorum,
1116 2971 1196 3016 ea
1247 2949 1395 3034 lege
1447 2955 1525 3014 ut
1566 2966 1731 3030 quae
1775 2956 1970 3012 antea
2025 2943 2344 3011 dederant
2384 2945 2594 3030 resig-

636 3060 887 3105 narem.
955 3034 1091 3103 Sed
1109 3056 1315 3119 quum
1347 3033 1419 3098 in
1442 3032 1793 3117 collegium
1827 3032 2288 3098 canonicorum
2321 3040 2595 3096 ventum

636 3133 840 3203 esset,
905 3142 1131 3205 preces
1195 3120 1412 3204 regias
1429 3118 1486 3205 ⁸)
1551 3119 1739 3183 nobis
1802 3118 2211 3195 obiecerunt,
2279 3116 2402 3183 hoc
2467 3125 2591 3195 est,

635 3209 1133 3276 frustrationem
1177 3227 1308 3289 qua
1341 3226 1463 3271 nos
1497 3204 1940 3270 excluderent.
2005 3202 2113 3268 Ita
2144 3201 2352 3268 nihilo
2381 3203 2594 3269 factus

638 3315 788 3362 sum
827 3291 1233 3376 locupletior.
1322 3291 1523 3357 Mitto
1566 3290 1687 3356 tibi
1729 3290 2090 3373 capitatum
2103 3292 2163 3366 ⁴)
2207 3310 2325 3372 pro
2367 3310 2592 3373 sump-

634 3380 819 3446 tibus
860 3399 1022 3462 quos
1063 3397 1211 3442 meo
1268 3377 1532 3443 nomine
1583 3375 1828 3441 fecistis
1882 3374 2262 3460 Hagenoae.
2361 3373 2593 3456 Quan-

681 3486 836 3531 uam
892 3463 1147 3548 indigni
1206 3464 1402 3529 eratis
1458 3461 1700 3546 quibus
1756 3482 2067 3527 nummus
2125 3481 2296 3526 unus
2352 3480 2592 3543 repen-

637 3487 923 3617 deretur.
997 3549 1336 3615 Debuistis
1371 3549 1548 3613 enim
1581 3568 1688 3612 me
1724 3546 2090 3612 admonere.
2166 3547 2314 3630 Ego
2347 3546 2592 3612 iustam

637 3636 1129 3704 excusationem
1172 3633 1398 3714 habeo,
1442 3630 1615 3716 quod
1648 3633 1815 3698 mihi
1844 3652 2187 3716 uunquam
2206 3633 2278 3698 in
2300 3640 2593 3697 mentem

637 3723 852 3800 venit,
908 3722 1034 3787 nisi
1086 3729 1236 3803 post
1288 3728 1562 3803 tempus.
1675 3718 1869 3800 Quod
1933 3719 2321 3802 scripseram
2388 3726 2464 3783 ut
2534 3719 2594 3783 si

638 3808 889 3874 dolium
945 3804 1209 3890 aliquod
1262 3806 1430 3871 istuc
1478 3804 1773 3870 mitteret
1827 3804 2103 3870 Michael
2178 3802 2592 3870 Genevensis

639 3895 990 3977 reciperes,
1048 3913 1191 3957 eam
1259 3912 1401 3957 rem
1469 3890 1820 3957 Wenddini
1836 3889 1893 3968 ὅ)
1947 3909 2145 3956 causa
2209 3889 2326 3956 tibi
2393 3911 2594 3957 curae

640 4000 784 4046 esse
843 3977 1059 4044 velim.
1160 3976 1237 4043 Si
1307 3977 1455 4061 quis
1509 3978 1638 4042 erit
1694 3976 1806 4059 qui
1870 3974 2072 4040 libros
2128 3975 2291 4042 velit
2352 3996 2591 4053 emere,

638 4062 901 4133 vendes.
991 4061 1127 4130 Sed
1171 4082 1352 4129 meos
1395 4084 1526 4127 non
1568 4061 1843 4126 minoris
1898 4082 2095 4144 quam
2137 4059 2360 4127 decem
2403 4061 2594 4126 bath-

638 4151 790 4230 ziis,
840 4157 955 4215 aut
1005 4169 1241 4215 novem
1299 4155 1376 4214 ut
1432 4149 1811 4220 minimum,
1872 4147 2002 4211 nisi
2056 4148 2223 4212 forte
2280 4168 2593 4232 magnam

638 4237 892 4319 copiam
934 4234 1080 4318 quis
1124 4235 1433 4317 accipiat,
1490 4242 1567 4298 ut
1626 4231 2078 4299 cressonerius.
2179 4233 2368 4298 Tunc
2412 4234 2592 4298 enim

636 4342 861 4406 posses
930 4328 1075 4386 octo
1157 4319 1478 4385 addicere.
1497 4320 1556 4390 ⁶)
1670 4319 1916 4402 Magno
1980 4319 2157 4384 enim
2222 4319 2515 4385 constitit
2533 4320 2592 4403 ⁷)

678 4577 810 4639 227,
847 4577 908 4642 1)
951 4576 1211 4630 Far-ellus
1228 4576 1583 4642 Aryentorats·
1612 4574 1801 4639 fuerat
1831 4590 1901 4627 m.
1924 4573 2091 4628 lunio
2111 4572 2262 4630 1540.
2315 4575 2422 4640 (N.
2440 4572 2594 4641 222.)

842 4644 901 4707 2)
935 4645 1119 4699 Antea
1177 4645 1442 4699 habuerat
1507 4641 1578 4697 52
1630 4643 1685 4710 fl.
1738 4659 1846 4712 per
1895 4659 2132 4711 mm,
2194 4643 2327 4699 inde
2381 4660 2421 4698 a
2475 4644 2590 4700 Gal.

640 4715 771 4770 Mai
804 4712 939 4768 1539
977 4714 1089 4779 (als
1122 4715 1211 4767 ein
1244 4713 1543 4779 Zuhelfer).

842 4782 898 4846 3)
939 4781 1242 4837 &candum
1276 4782 1367 4836 ius
1392 4782 1706 4850 primarum
1733 4795 1955 4848 precum
1985 4795 2152 4849 penes
2202 4780 2592 4850 Imperatorem

634 4858 761 4907 erat
792 4852 1036 4917 conferre
1070 4865 1164 4905 eas
1197 4850 1540 4918 praebendas
1571 4864 1712 4920 quae
1742 4850 1956 4918 primae
2000 4851 2062 4903 in
2106 4865 2316 4920 quoque
2349 4852 2592 4919 capitulo

842 4987 903 5052 4)
936 4924 1367 5056 Ξοῗοοκοηῑιῗέω
1402 4919 1479 4974 “d
1512 4934 1753 4987 reanum.

845 5056 906 5125 5)
945 5055 1156 5111 Raudii
1201 5056 1690 5125 Aramum-atensis
1722 5054 2078 5124 bibliopolae,
2125 5054 2225 5124 qui
2267 5053 2437 5111 libros
2470 5055 2592 5110 cuis

639 5126 951 5195 sumptibus
984 5125 1158 5180 editos
1189 5126 1457 5180 Michaeli
1484 5124 1586 5180 Du
1618 5124 1761 5181 Bois
1781 5124 2094 5180 &menei
2126 5124 2370 5193 miserat,
2406 5140 2446 5179 a
2480 5138 2592 5194 quo

638 5193 758 5252 ἰαῦ
788 5194 867 5250 ad
898 5193 1186 5250 Fanum
1220 5195 1641 5251 maechantur.
1698 5192 1807 5260 (Ν.
1839 5193 1965 5262 201,
2000 5197 2116 5247 not.
2156 5192 2265 5259 11.)

844 5262 905 5400 33
938 5265 1070 5389 ‘gill‘
1086 5281 1221 5390 ⁰53:
1247 5283 1372 5337 may
1408 5266 1652 5319 exereise
1686 5280 1825 5334 your
1865 5262 2175 5317 discretion.

2693 601 2980 672 vectura,
3025 599 3094 658 et
3137 590 3355 658 adhuc
3396 589 3749 668 constabit,
3805 590 4191 675 priusquam
4244 590 4330 656 ad
4386 598 4453 656 te
4496 610 4651 674 per-

2691 680 2981 746 veniant.
3063 677 3251 755 Vale,
3310 677 3555 760 optime
3594 684 3662 742 et
3702 676 4092 743 suavissime
4125 677 4344 743 frater.
4413 673 4653 743 Saluta

2689 763 2838 848 plus
2904 784 3104 847 quam
3166 762 3518 846 diligenter
3594 771 3660 828 et
3728 772 4027 829 amanter
4098 782 4326 829 omnes
4391 771 4651 828 nostros

2691 851 2946 915 fratres.
3017 847 3351 915 Dominus
3395 870 3513 914 vos
3546 867 3772 914 omnes
3808 847 3920 913 diu
3955 857 4317 915 conservet.
4387 850 4650 932 Argen-

2692 936 2887 1002 torati
2933 939 3032 998 27.
3079 934 3257 1000 Iulii.
3273 934 3334 1014 Β)

2890 1077 2906 1100 ,
3934 1018 4255 1086 Calvinus
4300 1033 4471 1085 tuus.

2829 1192 2984 1246 Libri
3016 1193 3075 1245 in
3111 1207 3240 1244 vase
3277 1190 3544 1259 (primum
3579 1193 3844 1260 scriptum
3877 1197 4027 1245 erat.-
4062 1190 4266 1258 dolio):

2899 1276 3109 1331 Oalvini
3143 1276 3514 1330 institutiones
3583 1316 3596 1328 .
3670 1316 3684 1328 .
3757 1318 3769 1330 .
3842 1274 3926 1330 67.
3962 1276 4240 1331 scribebat
4276 1274 4437 1329 meh.
4476 1274 4544 1328 69

2896 1346 2984 1399 Ad
3021 1346 3294 1400 Romanos
3330 1345 3598 1398 eiusdem.
3672 1384 3685 1397 .
3757 1386 3769 1397 .
3810 1342 3912 1398 182

2897 1414 3191 1470 Heremer.
3228 1413 3505 1484 Capitonis
3587 1454 3599 1465 .
3671 1454 3684 1465 .
3760 1452 3771 1463 .
3841 1413 3926 1466 23.

2898 1484 2990 1537 Ad
3025 1484 3298 1537 Romanos
3334 1482 3531 1537 Buceri
3582 1522 3596 1536 .
3671 1522 3682 1533 .
3758 1525 3771 1537 .
3843 1481 3926 1535 12.

2900 1552 2991 1605 Ad
3028 1551 3311 1605 Hebraeos
3346 1551 3613 1606 Oeoolam.
3673 1592 3685 1603 .
3761 1592 3772 1603 .
3841 1551 3930 1605 20.

2899 1622 2968 1674 In
3003 1621 3189 1674 Hiere.
3226 1620 3397 1674 einsd.
3418 1657 3774 1674 .....
3845 1619 3931 1676 10.

2898 1690 2962 1743 1n
2996 1689 3248 1743 Ezechiel
3331 1727 3775 1743 ......
3847 1687 3930 1742 12.

2833 1775 3208 1830 Institutione·
3243 1780 3301 1828 et
3335 1774 3527 1844 Capito
3563 1775 3618 1828 in
3654 1774 3838 1828 Hiero.
3875 1775 4179 1840 mittantur,
4219 1775 4323 1828 alia
4360 1772 4546 1842 non-'y

3594 2203 3739 2273 228.

3138 2339 3493 2407 OALVIN
3537 2343 3601 2407 A
3644 2343 3776 2409 DU
3820 2340 4195 2408 TAILLY.

2871 2512 3161 2580 Relation
3202 2514 3290 2579 du
3332 2512 3597 2595 colloque
3637 2513 3713 2579 de
3757 2513 4130 2598 Hayuenau.

2700 2683 2994 2748 (Archives
3040 2684 3109 2738 (16
3145 2682 3364 2739 Geneve
3401 2682 3553 2738 1250.
3597 2712 3655 2721 -
3695 2683 3918 2765 Oopies:
3965 2685 4106 2739 Bibl.
4154 2682 4225 2738 (16
4259 2683 4479 2739 Geneve
4515 2684 4652 2740 cod.

2698 2752 2818 2821 111,
2853 2753 2891 2806 f.
2927 2751 3013 2806 24.
3049 2782 3115 2794 -—
3151 2753 3292 2807 Bibl.
3340 2753 3408 2807 de
3454 2752 3680 2817 Zurich,
3732 2752 3932 2807 Simler
3966 2753 4085 2808 Vol.
4120 2749 4205 2807 48.
4277 2754 4546 2808 Archives
4581 2754 4654 2808 de

2698 2823 2893 2888 Berne,
2930 2823 3069 2892 Epp.
3108 2822 3232 2877 vu.
3267 2820 3389 2875 375.
3425 2850 3494 2861 -
3528 2821 3818 2891 Imprimee
3854 2822 3989 2876 dans
4033 2822 4262 2889 Bonnet,
4299 2823 4364 2879 L.
4399 2822 4464 2876 fr.
4501 2823 4565 2877 T.
4601 2825 4651 2878 1.

3136 2908 3189 2961 p.
3223 2889 3310 2959 24,
3343 2896 3401 2944 et
3436 2907 3504 2944 on
3538 2891 3763 2960 Anglais
3799 2891 3859 2944 Τ.
3896 2892 3943 2944 1.
3980 2908 4033 2961 p.
4073 2890 4215 2960 169.)

2869 3046 3213 3112 Monsieur
3254 3044 3342 3110 du
3384 3043 3631 3125 Tamis,
3675 3066 3914 3128 pource
3967 3067 4093 3129 que
4146 3046 4209 3111 ie
4263 3068 4425 3114 vous
4467 3048 4652 3115 avois

2695 3132 2896 3198 remis
2938 3153 3061 3215 par
3102 3152 3243 3197 mes
3288 3130 3620 3197 dernieres
3660 3132 3909 3212 lettres,
3937 3134 3988 3216 ¹)
4030 3131 4296 3215 iusques
4340 3155 4380 3200 a
4412 3155 4488 3201 ce
4566 3156 4653 3203 ue

2694 3240 2863 3286 nous
2905 3217 3169 3282 aurions
3210 3217 3360 3300 plus
3403 3218 3723 3283 certaines
3767 3216 4100 3283 nouvelles
4145 3216 4228 3283 de
4268 3219 4550 3287 lassemb
4576 3242 4654 3288 66

2697 3304 2779 3371 (16
2821 3304 3210 3387 Haguenau,
3255 3324 3424 3386 pour
3464 3324 3632 3369 vous
3676 3324 3760 3369 en
3801 3303 4102 3383 mander,
4157 3305 4217 3369 ie
4272 3325 4405 3391 nay
4442 3306 4650 3373 voulu

2695 3390 2928 3456 laisser
2970 3389 3133 3455 aller
3175 3409 3249 3454 cc
3292 3397 3607 3473 pourteur
3660 3410 3814 3454 sans
3863 3410 3999 3456 mes
4041 3389 4297 3471 lettres,
4354 3392 4652 3458 combien

2697 3497 2825 3560 que
2862 3497 3031 3541 nous
3073 3496 3206 3541 nen
3246 3495 3454 3561 ayons
3497 3496 3765 3542 encores
3820 3475 3889 3541 la
3940 3477 4052 3541 fin.
4141 3475 4210 3540 Ie
4263 3497 4433 3543 vous
4486 3478 4652 3545 reci-

2696 3572 2882 3647 teray
2927 3561 3097 3628 donc
3139 3583 3222 3626 en
3265 3561 3439 3627 brief
3473 3582 3545 3627 ce
3579 3562 3691 3645 qui
3729 3582 3812 3626 en
3834 3570 3939 3627 est
3966 3561 4230 3645 iusques
4250 3583 4291 3627 a
4310 3564 4567 3630 ceiour.
4591 3563 4650 3648 2)

2695 3647 2884 3713 Vous
2939 3668 3168 3714 scavez
3222 3669 3349 3731 que
3403 3646 3467 3712 le
3523 3648 3674 3732 Roy
3731 3645 4105 3713 Ferdinand
4168 3649 4344 3715 avoit
4394 3649 4650 3734 appelle

2694 3734 2794 3800 les
2846 3735 3104 3816 princes
3163 3733 3243 3798 de
3298 3755 3373 3799 sa
3426 3741 3593 3816 part,
3648 3732 3924 3817 quelque
3978 3740 4193 3818 temps
4249 3733 4495 3802 devant
4550 3735 4650 3802 les

2695 3827 2969 3898 nostres,
3019 3840 3058 3884 a
3101 3820 3195 3883 fin
3240 3817 3320 3883 de
3364 3819 3697 3885 consulter
3739 3838 3898 3885 avec
3943 3840 4072 3884 eux
4116 3840 4236 3902 par
4278 3821 4427 3904 quel
4471 3829 4650 3887 coste

2695 3905 2747 3971 il
2796 3927 2962 3971 nous
3017 3903 3328 3970 fauldroit
3367 3904 3665 3970 assaillir.
3763 3906 3977 3987 Apres
4029 3907 4214 3972 avoir
4277 3917 4438 3971 tenu
4504 3907 4652 3973 lem·

2697 3992 2957 4069 conseil,
3003 3990 3090 4055 ilz
3132 3998 3248 4056 ont
3292 3989 3518 4056 advise
3554 3990 3790 4056 deslire
3824 4001 4081 4073 quattre
4118 3991 4396 4058 arbitres
4433 4013 4472 4056 a
4504 3992 4650 4059 leur

2695 4087 2880 4162 poste
2912 4098 3078 4160 pour
3112 4098 3278 4162 ouyr
3299 4077 3397 4142 les
3414 4077 3889 4142 controversies
3914 4075 4084 4142 dune
4106 4086 4260 4160 part
4279 4085 4349 4143 et
4370 4076 4649 4158 daultre,

2697 4165 2828 4229 afin
2887 4163 2966 4229 (16
3022 4162 3213 4228 venir
3266 4183 3304 4226 a
3359 4162 3638 4246 quelque
3702 4161 3828 4227 bon
3876 4162 4421 4245 appoinctement.
4511 4164 4648 4230 Les

2698 4248 2974 4315 arbitres
2996 4249 3277 4313 estoient
3295 4247 3359 4313 le
3382 4247 3595 4313 Oonte
3621 4247 3903 4328 Palatia,
3938 4247 4262 4332 l'evesque
4294 4246 4375 4314 de
4404 4248 4646 4332 TreveS,

2696 4335 3042 4413 electeurs3
3083 4333 3145 4398 le
3179 4334 3329 4399 Duc
3374 4333 3455 4399 de
3490 4334 3819 4413 BaviereS,
3864 4342 3930 4398 et
3970 4333 4282 4417 levesque
4326 4334 4408 4401 de
4434 4333 4648 4401 Strac-

2696 4420 2905 4505 bow-9.
3009 4419 3069 4484 Il
3125 4441 3220 4503 ny
3277 4442 3318 4484 a
3374 4441 3455 4484 eu
3520 4419 3634 4485 nul
3702 4418 3783 4484 (16
3848 4440 3969 4484 noz
4039 4420 4293 4503 princes
4346 4422 4458 4504 qui
4519 4422 4649 4487 soit

2901 4572 2962 4639 8)
2998 4572 3075 4628 In
3109 4570 3242 4627 God.
3281 4573 3400 4640 111,
3445 4573 3577 4627 item
3618 4590 3657 4626 a
3701 4571 3936 4628 smero
3978 4577 4032 4626 et
4075 4572 4332 4629 Bovmeto
4361 4590 4652 4644 perperam

2696 4660 2752 4698 a.
2807 4641 2938 4695 1539
2991 4641 3310 4722 ademptus
3366 4646 3475 4709 est,
3533 4641 3602 4695 de
3643 4656 3756 4764 go
3800 4641 4256 4722 plane-coeitari
4295 4645 4489 4713 nequit
4530 4650 4652 4700 tum

2839 4715 2923 4766 ter
2965 4710 3181 4765 Farellt
3223 4712 3287 4765 in
3330 4716 3602 4765 eonem
4042 4712 4424 4780 praesentiam
4468 4729 4653 4783 supra

2851 4784 3052 4846 ratam,
3088 4784 3206 4833 tum
3216 4785 3449 4848 propter
3471 4779 3692 4834 Caluini
3705 4725 3873 4834 135oe
3890 4779 4049 4847 infra
4074 4786 4399 4838 memoratos

2695 4849 2836 4973 §fter
2883 4848 3099 4971 ἀαιὲιέπ
3143 4865 3214 4901 m.
3263 4849 3721 4918 Auanwto1539,
3767 4849 3907 4904 alter
3949 4850 4197 4917 sequenti
4238 4867 4389 4906 anno
4428 4851 4651 4920 prodiit

2696 4933 2964 5110 Fadum
2999 4985 3161 5040 Haec
3205 4985 3324 5040 alia
3379 5001 3558 5041 manu
3599 4985 3892 5055 adscripta
3932 4991 4068 5042 amnt
4109 4987 4175 5041 in
4215 4991 4394 5057 temo,
4450 4987 4650 5045 satim

2754 5071 2823 5109 ar
2915 5094 2930 5109 .

2731 5123 3121 5192 &Uelleo
3181 5123 3477 5178 a'eoeistent
3530 5124 3682 5192 plue.
3751 5152 3818 5162 —
3887 5122 3989 5178 Du
4044 5123 4223 5195 Ταᾱῑν
4269 5125 4652 5194 pontiacum

2694 5191 2950 5260 {rancato
2998 5191 3290 5260 ref-⁶936&
3336 5191 3863 5248 Genevenousest
3913 5192 4044 5262 ἀέῇὰ
4099 5194 4654 5263 nemptonum

2694 5276 2829 5317 sous
2858 5261 2908 5316 le
2940 5277 3070 5318 nom
3101 5261 3326 5316 lationi-sb
3357 5262 3426 5316 de
3465 5261 3733 5317 Talem-is.

2904 5331 2965 5399 2)
3007 5331 3195 5401 Gonp.
3229 5330 3402 5388 sleid.
3430 5347 3496 5401 p.
3533 5331 3654 5387 190.
3722 5330 4100 5402 Μανήοὲοκὲο,
4136 5330 4247 5389 IV.
4280 5331 4352 5387 43
4385 5345 4462 5389 u.
