5050 6167
654 413 783 476 663

645 596 971 663 omnibus.
1051 592 1391 663 Utendum
1434 600 1538 662 est
1577 595 1683 661 his
1724 615 1892 679 quae
1916 597 2001 679 ¹²)
2043 595 2239 661 offert
2277 593 2612 660 Dominus

647 680 1116 761 occasionibus,
1157 681 1215 747 si
1255 679 1560 747 meliores
1600 678 1835 747 desint.
1882 679 2064 747 Satis
2104 681 2233 747 fuit
2275 681 2399 747 hoc
2442 686 2610 744 tem-

648 788 808 850 pore
850 767 1104 833 anim0s
1148 765 1411 845 sedare,
1465 787 1701 850 parare
1743 766 1828 832 ad
1870 766 2169 846 meliora,
2228 765 2353 833 sibi
2396 763 2610 830 conci-

649 852 813 919 liare
876 851 1286 933 infensiores,
1350 859 1417 918 et
1478 850 1721 919 amicos
1746 851 1828 936 ¹⁸)
1894 853 1963 916 in
2027 853 2240 919 officio
2302 851 2608 926 retinere,

650 938 839 1004 salva
877 937 1227 1004 ministerii
1270 938 1651 1003 autoritate:
1696 959 1892 1021 quam
1932 959 2064 1003 non
2098 937 2433 1013 laesimus,
2478 934 2612 1000 nisi

649 1024 806 1106 quid
847 1044 889 1089 a
929 1023 1118 1089 nobis
1171 1023 1618 1108 imprudentia
1669 1030 2012 1107 peecatum
2056 1031 2183 1104 est,
2243 1021 2417 1105 quod
2476 1042 2610 1086 non

648 1106 1325 1175 animadverterimus.
1413 1109 1632 1174 Audio
1674 1130 1715 1174 a
1764 1107 2200 1191 Christophoro
2241 1107 2609 1191 Ripallien-

648 1215 784 1260 sem
816 1198 901 1278 ¹⁴)
943 1194 1347 1277 praefectum
1391 1194 1666 1274 dixisse,
1710 1215 1830 1261 nos
1873 1195 2135 1259 veniam
2177 1203 2506 1278 precatos,
2552 1191 2611 1257 si

647 1277 802 1363 quid
844 1300 886 1345 a
923 1280 1115 1345 nobis
1157 1286 1502 1362 peccatum
1545 1287 1748 1359 esset,
1793 1287 1861 1345 et
1902 1280 2223 1362 pollicitos
2266 1278 2438 1344 nihil
2481 1299 2609 1343 un-

647 1386 841 1448 quam
898 1365 1030 1431 tale
1084 1365 1390 1431 facturos.
1478 1364 1716 1431 Nescio
1772 1365 2009 1449 quibus
2076 1365 2415 1431 autoribus
2479 1365 2609 1429 ista

645 1459 1060 1536 spargantur,
1106 1460 1222 1516 aut
1255 1448 1411 1533 quid
1445 1451 1636 1517 nobis
1671 1450 1895 1517 insciis
1931 1451 2177 1518 dictum
2213 1460 2328 1517 aut
2359 1451 2607 1515 factum

646 1536 750 1602 sit.
816 1535 969 1602 Scio
1013 1535 1170 1618 quid
1214 1534 1496 1601 dixerim
1541 1546 1607 1601 et
1650 1537 2131 1620 responderim:
2178 1538 2394 1604 nescio
2440 1557 2607 1619 quae

648 1623 783 1687 sint
826 1621 1145 1687 dictorum
1188 1622 1770 1704 interpretationes.
1815 1622 1989 1687 Rem
2023 1632 2098 1688 ut
2132 1622 2416 1688 habebat
2448 1623 2606 1688 sim·

648 1706 1004 1790 plicissime
1048 1705 1370 1772 duntaxat
1404 1709 1844 1790 exposuimus,
1890 1717 1958 1774 et
1992 1709 2412 1774 consiliorum
2450 1728 2606 1773 nos-

644 1801 898 1857 trorum
941 1793 1289 1858 rationem:
1332 1803 1669 1875 praeterea
1690 1793 1873 1858 nihil.
1921 1792 2210 1860 Senatus
2232 1792 2609 1861 consultum

643 1877 976 1943 noluimus
1019 1876 1418 1957 detrectare,
1464 1898 1585 1943 nec
1625 1880 1873 1945 frustra
1914 1900 2122 1946 novos
2164 1889 2383 1945 motus
2427 1878 2605 1944 exci-

646 1972 787 2029 tare
852 1970 919 2029 et
980 1983 1246 2030 eausam
1311 1962 1573 2030 laedere
1638 1966 1900 2048 pietatis
1965 1987 2171 2049 quum
2235 1966 2354 2032 vix
2422 1962 2605 2031 aliud

644 2069 1000 2132 possemus.

817 2134 1042 2200 Habes
1105 2134 1372 2220 longam
1423 2133 1705 2200 Iliadem
1765 2142 1833 2201 et
1888 2136 2257 2215 confusam,
2314 2134 2430 2202 sed
2485 2136 2606 2200 vix

645 2241 763 2304 per
804 2222 1071 2304 negotia
1114 2230 1182 2286 et
1219 2221 1438 2287 taedia
1479 2219 1763 2287 scribere
1804 2221 1975 2287 licet.
2056 2223 2160 2287 De
2203 2242 2403 2286 causa
2452 2218 2605 2286 Gor-

644 2326 791 2370 neae
819 2306 902 2389 16)
947 2304 1240 2371 nondum
1287 2307 1618 2389 potuimus
1662 2307 1844 2372 aliud
1886 2307 2145 2373 rescire.
2217 2307 2407 2372 Dabo
2453 2327 2605 2389 ope-

645 2410 787 2455 ram
831 2400 905 2456 ut
947 2412 1032 2456 cx
1074 2391 1579 2474 pharmacopola
1621 2392 1947 2459 discamus
1991 2391 2255 2474 aliquid,
2302 2392 2605 2475 quamvis

644 2477 774 2540 iam
816 2477 954 2541 fere
997 2476 1362 2561 intelligam
1411 2486 1485 2541 ut
1526 2499 1634 2543 res
1678 2477 1999 2543 habuerit.
2088 2479 2263 2543 Nam
2307 2477 2602 2543 medicus

645 2572 747 2625 est
786 2561 1055 2644 quidam
1099 2564 1171 2626 in
1214 2562 1589 2645 Aquiliensi
1650 2564 2087 2646 praefectura,
2145 2563 2260 2628 scd
2305 2564 2415 2646 qui
2462 2584 2603 2627 ma-

642 2647 803 2730 gicis
846 2647 1246 2714 carminibus
1291 2657 1359 2712 et
1398 2647 1467 2711 id
1513 2666 1724 2732 genus
1780 2649 2094 2714 maleficis
2149 2648 2401 2715 artibus
2443 2648 2602 2713 abu-

642 2739 840 2812 tatur,
907 2752 1034 2815 quo
1102 2733 1211 2797 hic
1274 2732 1778 2816 pharmacopola
1841 2733 2189 2817 aliquando
2256 2755 2415 2799 usus
2481 2742 2601 2798 est.

641 2817 804 2882 Fuit
845 2826 1114 2901 propter
1155 2817 1340 2882 illum
1378 2839 1481 2882 ma
1533 2820 1706 2884 icum
1750 2820 1970 2903 gravis
2009 2820 2334 2885 contentio
2358 2820 2602 2884 Torna-

639 2902 923 2988 censi.¹⁶)
967 2901 1255 2968 Proinde
1303 2925 1466 2987 expe
1515 2907 1567 2968 it
1608 2911 1686 2970 ut
1728 2905 1810 2969 ad
1845 2927 1964 2970 nos
1999 2906 2198 2970 etiam
2236 2906 2602 2989 perscribas

642 2986 799 3071 quid
844 3010 996 3054 cum
1037 2988 1155 3052 illo
1199 2990 1439 3072 egerit,
1499 2999 1576 3054 ut
1622 2991 2071 3057 Tornacensem
2126 2990 2600 3057 admoneamus

640 3082 708 3139 et
749 3073 1094 3157 principes.
1142 3071 1380 3140 Saluta
1424 3076 1683 3141 amicos.
1772 3076 1997 3140 Nostri
2041 3086 2106 3141 te
2150 3097 2377 3143 omnes
2419 3077 2598 3142 salu-

638 3168 802 3235 tant,
861 3160 1253 3224 nominatim
1304 3158 1567 3227 Coeliua
1627 3160 1813 3227 Vale.
1880 3163 2281 3229 Lausannae
2321 3162 2448 3229 hoc
2491 3162 2599 3227 die

638 3244 1029 3311 Nativitatis
1079 3249 1260 3310 1543.

1781 3333 1964 3399 Tuus
2005 3334 2082 3400 P.
2129 3331 2420 3400 Viretus.

810 3463 1075 3531 Oblitus
1152 3486 1334 3531 eram
1414 3468 1682 3550 addere,
1765 3469 2121 3535 Sultzerum
2205 3471 2595 3555 gravissimo

636 3550 860 3617 morbo
904 3549 1220 3629 laborare,
1309 3574 1469 3619 uum
1512 3555 1807 3620 Bernam
1851 3556 2255 3639 appulimus:
2296 3577 2424 3640 quo
2466 3557 2595 3622 fac·

636 3643 778 3701 tum
845 3642 949 3700 est
1011 3644 1092 3700 ut
1150 3637 1337 3704 nobis
1402 3640 1628 3706 adesse
1691 3662 1825 3706 non
1882 3643 2183 3724 potuerit.
2270 3641 2594 3726 Coeperat

634 3728 857 3786 tamen
900 3721 1307 3788 revalescere
1348 3726 1733 3809 priusquam
1775 3725 2157 3794 rediremus.

840 4007 929 4072 12)
964 4007 1059 4061 sic.

840 4076 930 4144 13)
956 4076 1224 4131 Simlems
1238 4092 1529 4149 perperam
1546 4079 1770 4135 coniicit
1785 4082 2138 4137 scribendum
2159 4099 2274 4138 csse
2287 4102 2307 4137 .·
2326 4086 2400 4138 ini
2407 4088 2590 4141 mices.

684 4213 695 4224 ,
839 4143 932 4204 14)
969 4144 1262 4214 Bipaffles,
1299 4148 1575 4203 castellum
1608 4150 1812 4204 ducum
1847 4151 2169 4206 Sabaudiac
2198 4168 2371 4222 prope
2410 4155 2589 4209 Tono-

630 4229 817 4292 Ψ,
870 4213 978 4292 Jtoc
1020 4220 1257 4283 tempore
1313 4218 1464 4272 sedec
1508 4220 1775 4287 praefecti
1818 4221 2220 4289 Ber-muscam,
2281 4228 2473 4291 postca
2516 4224 2590 4278 ab

629 4280 825 4362 sudem
858 4297 984 4350 tone
1017 4284 1248 4338 deletum
1281 4304 1334 4341 a.
1374 4286 1526 4353 1589,
1563 4287 1761 4342 deinde
1792 4291 2188 4345 monasterium
2223 4289 2591 4348 Carmaniam·

630 4349 848 4404 ardum

767 4487 779 4499 ,
838 4390 932 4485 is)
969 4420 1047 4487 of.
1081 4421 1168 4501 μ’.
1204 4420 1328 4489 515,
1363 4428 1477 4478 not.
1513 4423 1563 4478 6.
1623 4423 1755 4479 eoa.
1778 4425 1880 4479 116
1912 4443 2113 4482 nome„
2144 4428 2363 4496 omma,
2396 4429 2588 4485 relicto

627 4491 827 4611 m.
862 4486 1193 4545 flemma
1226 4492 1553 4562 apoyrapha
1584 4509 1656 4547 ne
1688 4494 1790 4549 hoc
1821 4496 2040 4564 quam
2073 4502 2290 4552 servato
2322 4497 2587 4553 lammam

833 4625 929 4692 16)
965 4626 1047 4682 N.
1082 4626 1204 4692 404,
1240 4634 1353 4684 not.
1391 4630 1474 4684 10.

2215 402 2745 472 EPISTOLAE
2793 404 3131 468 525—526

4531 406 4646 470 664

3618 587 3771 659 52⁶.

3111 743 3466 810 estvm
3499 745 3564 809 A
3606 742 3699 809 M.
3745 743 3873 809 DE
3918 739 4277 839 mnus.

2889 912 2960 977 12
3000 912 3296 980 Pexhorte
3339 913 3383 978 ὰ
3413 915 3721 998 persister
3771 914 3933 981 dans
3986 934 4087 979 ses
4138 912 4488 978 sentimenta
4526 917 4582 977 d
4616 914 4660 978 ὰ

2711 995 2884 1079 faire
2935 998 3024 1065 les
3084 1001 3398 1082 sacrifices
3435 999 3628 1085 ,βαρέες
3681 999 4063 1066 ηὲοεεεαίνεε
4090 1019 4262 1081 pour
4302 1018 4368 1064 se
4408 996 4662 1083 ddqayer

2713 1083 2822 1149 des
2865 1084 3024 1151 liene
3064 1088 3175 1168 qui
3215 1085 3709 1152 enchaineraient
3749 1107 3828 1152 sa
3868 1086 4223 1152 conscience.

2718 1271 3102 1343 (Autographe
3149 1274 3218 1327 de
3264 1275 3319 1326 la
3370 1274 3517 1329 Bibl.
3563 1274 3633 1327 de
3678 1274 3899 1329 Geneve
3944 1272 4074 1326 Ood.
4122 1270 4252 1338 194,
4296 1271 4388 1325 fol.
4427 1269 4508 1324 12.
4564 1272 4663 1325 Ed.

2714 1338 2942 1395 d’Amst.
2978 1359 3031 1412 p.
3067 1341 3149 1396 11.
3221 1343 3456 1408 Bonnet‚
3495 1344 3689 1396 lettres
3724 1343 3789 1397 fr.
3811 1342 3854 1395 1.
3895 1341 4010 1394 101.
4070 1341 4231 1395 Trad.
4268 1342 4410 1411 angl.
4446 1341 4490 1395 1.
4516 1338 4663 1405 377.)

2796 1513 2862 1577 A
2896 1533 3051 1577 mon
3095 1513 3224 1579 bon
3267 1513 3578 1665 seiffneur
3619 1520 3688 1579 et
3728 1513 3942 1578 entier
3983 1534 4136 1597 amy
4179 1511 4243 1576 le
4277 1511 4585 1597 seigneur

3402 1620 3638 1683 acques
3681 1599 3744 1665 le
3784 1599 4021 1665 Franc.

2883 1735 3178 1820 Monsgr.
3197 1787 3212 1813 ‚
3268 1756 3511 1820 pource
3569 1756 3695 1819 que
3748 1736 3809 1800 ie
3860 1754 3969 1799 me
4025 1734 4235 1801 confie
4302 1755 4387 1799 en
4446 1742 4669 1799 nostre

2713 1820 2844 1886 bon
2866 1819 3061 1898 Dieu,
3107 1842 3234 1906 que
3279 1843 3529 1888 comme
3574 1822 3622 1886 il
3661 1842 3820 1887 vous
3854 1842 3894 1886 a
3928 1818 4231 1887 conduict
4263 1821 4504 1903 iusque
4546 1820 4606 1886 ic
4650 1870 4670 1899 ,

2709 1927 2876 1972 vous
2946 1906 3191 1972 faisant
3243 1906 3311 1972 la
3364 1928 3559 1992 grace
3613 1908 3693 1973 de
3748 1914 4120 1973 surmonter
4183 1906 4528 1989 beaucoup
4634 1926 4672 1970 e

2710 1990 3093 2071 difficultez,
3152 1992 3494 2076 lesquelles
3547 2014 3709 2060 vous
3752 1992 4109 2076 pouvoient
4149 1990 4544 2057 destourner
4585 1989 4676 2056 du

2711 2075 2920 2142 droict
2955 2076 3247 2157 chemin,
3306 2081 3483 2145 aussi
3525 2100 3692 2164 pour
3734 2077 4033 2145 ladvcnir
4072 2077 4121 2141 il
4168 2099 4330 2145 vous
4379 2074 4677 2142 donnera

2712 2162 2777 2228 la
2818 2164 2993 2228 force
3049 2163 3130 2229 de
3185 2166 3452 2231 resistet
3493 2185 3533 2229 a
3575 2170 3724 2230 tous
3782 2164 3879 2230 les
3934 2162 4188 2229 assaulz
4244 2184 4375 2247 que
4437 2162 4677 2229 sathan

2711 2269 2954 2331 pourra
2996 2248 3255 2315 dresser
3296 2258 3518 2316 contre
3561 2271 3746 2330 vona,
3789 2250 4093 2316 toutefois
4127 2259 4337 2333 quant
4371 2250 4437 2314 ie
4472 2268 4678 2331 pense

2712 2353 2796 2398 au
2841 2334 3090 2419 danger
3131 2356 3216 2400 ou
3261 2356 3425 2401 vous
3469 2344 3641 2403 estes
3684 2338 4109 2413 maintenant,
4154 2334 4456 2413 destre1)
4502 2334 4679 2417 agite

2712 2419 2792 2484 de
2847 2420 3178 2504 beaucoup
3235 2421 3314 2487 de
3373 2424 3767 2499 tentations,
3832 2421 4012 2488 selon
4077 2441 4205 2503 que
4266 2421 4331 2485 ie
4390 2441 4525 2505 voy
4583 2418 4682 2484 les

2709 2504 2938 2571 choses
2984 2506 3340 2589 disposees‚
3401 2508 3462 2574 ie
3505 2529 3591 2572 ne
3634 2529 3739 2573 me
3796 2508 3944 2590 puis
4002 2507 4176 2571 tenir
4231 2505 4314 2571 de
4363 2526 4532 2571 vous
4576 2525 4681 2569 re-

2710 2590 2898 2656 duire
2951 2613 3037 2657 en
3090 2593 3407 2658 memoire
3460 2615 3588 2676 que
3643 2593 3739 2660 les
3793 2594 3980 2659 biens
4022 2613 4151 2674 que
4194 2593 4378 2657 Dieu
4425 2610 4600 2656 nous
4643 2610 4684 2654 a

2705 2676 2896 2743 faictz
2951 2677 3176 2743 valent
3235 2678 3385 2744 bien
3443 2700 3569 2761 que
3626 2699 3795 2743 nous
3836 2678 4201 2763 preferions
4244 2698 4369 2742 son
4418 2677 4683 2741 honeur

2706 2782 2746 2826 a
2797 2770 3012 2829 toutes
3067 2764 3297 2830 choses
3360 2762 3451 2828 du
3508 2764 3775 2843 monde,
3841 2772 3911 2829 et
3963 2784 4091 2847 que
4148 2763 4548 2847 lesperance
4602 2760 4685 2826 de

2704 2848 2881 2913 salut
2937 2870 3063 2932 que
3118 2870 3286 2913 nous
3341 2870 3548 2915 avons
3605 2871 3727 2934 par
3765 2871 3885 2915 son
3920 2849 4226 2934 evang-ile
4271 2858 4383 2914 est
4428 2849 4488 2913 si
4533 2867 4684 2930 pre·

2704 2934 2924 2999 cieuse
2959 2954 3086 3017 que
3119 2954 3289 3001 nous
3312 2934 3560 3002 devons
3587 2937 3735 3002 bien
3771 2936 4020 3018 quieter
4054 2943 4272 3000 toutes
4308 2954 4427 3000 ces
4449 2933 4686 3000 choses

2705 3017 2955 3099 basses,
3008 3040 3090 3085 en
3135 3027 3282 3085 tant
3323 3020 3571 3103 quelles
3613 3043 3780 3087 nous
3822 3020 4250 3103 empeschent
4307 3025 4397 3087 de
4444 3017 4686 3086 tendre

2703 3125 2745 3170 a
2786 3104 2992 3184 icelle,
3038 3113 3105 3170 et
3146 3125 3275 3188 que
3317 3127 3484 3173 nous
3529 3106 3776 3173 devons
3819 3106 3969 3172 bien
4015 3108 4203 3172 avoir
4246 3129 4347 3173 un
4392 3106 4492 3171 tel
4528 3125 4686 3170 con·

2702 3198 3070 3256 tentement
3125 3211 3210 3256 en
3265 3192 3387 3276 luy
3439 3193 3900 3275 complaisant,
3977 3213 4263 3275 quenoor
4339 3192 4491 3276 quil
4554 3192 4689 3256 fust

2701 3277 3004 3358 question
3063 3275 3143 3342 de
3206 3274 3531 3360 desplaire
3573 3298 3615 3343 a
3656 3287 3804 3343 tout
3852 3278 3916 3343 le
3971 3276 4210 3343 monde
4270 3298 4454 3362 pour
4500 3275 4687 3342 obeir

2699 3381 2741 3426 a
2781 3381 2904 3427 son
2948 3361 3192 3444 plaisir,
3238 3362 3286 3426 il
3329 3384 3415 3428 ne
3453 3383 3619 3429 nous
3665 3385 3748 3428 en
3792 3364 3931 3430 face
3973 3385 4092 3447 pas
4136 3363 4290 3430 mal.
4355 3364 4525 3429 Non
4567 3382 4689 3447 pas

2699 3446 2838 3529 quil
2883 3468 2969 3512 ne
3002 3468 3171 3513 vous
3206 3468 3289 3512 en
3325 3450 3706 3529 souvienne,
3752 3471 3906 3515 sans
3924 3470 4066 3515 mes
4090 3449 4688 3516 advertissemens.

2699 3531 2833 3598 Gar
2872 3532 2937 3597 ie
2979 3532 3116 3598 suis
3161 3533 3315 3599 bien
3358 3554 3624 3600 asseure
3665 3556 3838 3618 quen
3883 3536 4227 3618 prevoiant
4269 3535 4691 3620 lapparence

2697 3617 2812 3683 des
2855 3619 3230 3697 tentations,
3276 3640 3439 3685 vous
3481 3642 3692 3686 navez
3737 3620 3940 3705 garde
3981 3620 4181 3686 faillir
4223 3620 4311 3688 de
4358 3643 4544 3688 vous
4580 3643 4687 3687 ar-

2694 3724 2839 3768 mer
2882 3710 2951 3769 et
2990 3704 3332 3788 premunir
3374 3726 3460 3770 en
3502 3706 3827 3771 meditant
3867 3715 4082 3772 toutes
4125 3728 4232 3773 ces
4269 3707 4547 3774 choses.
4595 3707 4691 3773 Et

2696 3809 2780 3854 ne
2822 3810 2987 3855 vous
3026 3810 3109 3854 en
3153 3790 3446 3856 scaurois
3503 3800 3649 3856 tant
3706 3791 3877 3871 dire,
3936 3814 4064 3876 que
4114 3814 4289 3858 vous
4352 3815 4498 3860 nen
4545 3794 4686 3859 aies

2697 3871 3136 3959 dadvantaige
3191 3876 3498 3958 imprimo
3541 3898 3622 3943 au
3667 3898 3886 3943 cueur.
3973 3878 4149 3943 Mais
4191 3880 4255 3944 ie
4305 3900 4485 3965 scay
4528 3880 4689 3946 bien

2696 3980 2984 4043 quencor
3033 3981 3197 4027 vous
3254 3964 3489 4043 profite
3541 3962 3590 4026 il
3633 3961 3823 4028 douir
3864 3963 4147 4046 quelque
4189 3973 4341 4030 mot
4388 3965 4689 4032 dexhor-

2694 4045 2906 4110 tation
2951 4046 3033 4111 de
3077 4067 3196 4112 vos
3240 4048 3425 4126 amis,
3471 4056 3541 4112 et
3580 4069 3706 4131 que
3741 4049 3882 4114 cela
3915 4070 4079 4115 vous
4116 4058 4257 4115 sert
4296 4049 4389 4116 de
4427 4049 4690 4137 grande

2694 4131 3168 4198 confirmation.
3214 4131 3348 4198 Gar
3379 4133 3442 4198 ie
3476 4132 3587 4219 lay
3629 4134 4033 4217 quelquefois
4076 4137 4557 4220 experimento
4600 4158 4689 4203 en

2693 4236 2849 4301 moy
2891 4237 3154 4282 mesme.
3200 4216 3635 4302 Daultrepart
3677 4229 3884 4302 quant
3922 4220 3971 4284 il
4015 4242 4110 4306 ny
4151 4223 4389 4288 auroit
4433 4245 4569 4308 que
4612 4242 4690 4289 ce

2693 4302 2944 4383 poinct,
2988 4323 3116 4384 que
3156 4323 3279 4387 par
3321 4324 3396 4370 ce
3430 4305 3647 4369 moien
3690 4306 3754 4370 ie
3791 4327 3957 4372 vous
4000 4306 4289 4373 declaire
4338 4309 4413 4374 la
4464 4310 4692 4376 solici-

2690 4385 2849 4452 tude
2882 4408 3009 4471 que
3051 4409 3221 4453 nous
3264 4410 3472 4454 avons
3515 4389 3598 4455 de
3638 4412 3804 4457 vous
3838 4412 3956 4474 par
3990 4391 4164 4471 deca,
4208 4415 4291 4459 ce
4331 4406 4520 4462 mest
4554 4415 4688 4460 une

2690 4473 2908 4538 raison
2950 4474 3310 4540 suffisante.
3368 4474 3469 4540 Or
3509 4475 3651 4542 cela
3692 4486 3897 4560 quant
3939 4487 4008 4543 et
4049 4488 4262 4561 quant
4309 4502 4502 4547 vous
4549 4480 4692 4547 doit

2690 4565 2862 4623 estre
2905 4579 3000 4624 un
3037 4567 3391 4644 argument
3433 4560 3524 4626 du
3569 4561 3747 4627 desir
3788 4584 3916 4646 que
3952 4584 4117 4630 nous
4152 4585 4375 4633 avons
4416 4565 4505 4633 de
4542 4587 4689 4633 sca-

2689 4644 2834 4709 voir
2876 4644 2959 4709 de
3003 4665 3120 4711 vos
3166 4644 3410 4712 bonnes
3452 4648 3820 4727 nouvelles,
3863 4650 4021 4715 affin
4064 4670 4192 4733 que
4236 4674 4425 4719 nous
4471 4672 4691 4740 ayons

2689 4731 2986 4795 occasion
3042 4730 3124 4795 de
3176 4733 3528 4799 remercier
3585 4733 3794 4811 Dieu,
3857 4736 4220 4801 entendant
4289 4739 4447 4822 quil
4516 4758 4691 4806 vous

2691 4835 2851 4880 aura
2902 4836 3258 4900 espargne,
3318 4838 3404 4883 ou
3459 4818 3610 4884 bien
3673 4819 3810 4903 quil
3859 4842 4027 4887 vous
4090 4843 4256 4888 aura
4324 4825 4695 4892 tellement

2689 4921 3045 4984 esprouve,
3112 4923 3239 4985 que
3294 4924 3368 4969 ce
3419 4904 3713 4986 pendant
3768 4905 3816 4970 il
3872 4928 4040 4973 vous
4090 4928 4258 4974 aura
4322 4909 4565 4977 donne
4622 4911 4691 4976 le

2690 4987 2995 5072 couraige
3051 4984 3134 5051 de
3176 4996 3550 5054 surmonter
3604 4998 3820 5057 toutes
3874 4993 3972 5059 les
4027 4994 4552 5066 machinatione
4597 4996 4688 5063 du

2691 5070 2949 5139 Diable.
2997 5072 3077 5140 Si
3119 5095 3286 5140 vous
3329 5096 3492 5140 avez
3534 5096 3577 5141 a
3617 5077 3994 5160 combattre‚
4039 5087 4109 5144 et
4149 5100 4284 5164 que
4334 5084 4509 5150 telle
4555 5083 4691 5151 soit

2717 5325 2850 5387 526.
2893 5327 2951 5395 1)
2987 5328 3139 5382 desia
3170 5329 3287 5397 Bt„
3322 5331 3545 5402 already
3584 5332 3644 5388 0.
