5050 6167
390 446 503 511 301

388 644 484 700 est
522 632 797 701 dubium
839 635 1001 716 quin
1046 632 1377 699 Dominus
1420 642 1526 708 (ιιι
1566 635 1809 717 coepit)
1851 632 2198 700 adfuturus
2257 634 2348 699 sit

386 717 601 798 nobis,
658 719 720 785 si
788 721 967 786 omni
1022 720 1360 803 impietate
1417 718 1769 803 abnegata,
1833 720 2342 803 periculosisque

383 805 810 872 eaeremoniis
853 805 1131 885 reiectis,
1174 808 1249 871 in
1291 805 1709 889 simpliciatte
1742 826 1818 872 ae
1838 806 2117 874 veritate
2140 825 2339 870 evan-

383 890 537 976 gelii
591 893 1162 975 permanserimus.
1264 889 1490 972 Quare
1559 890 1824 957 obsecro
1888 900 1956 957 te
2019 912 2136 974 per
2201 890 2339 956 Do·

380 977 639 1043 minum
693 976 949 1055 Iesum,
1015 978 1219 1042 frater
1277 979 1372 1042 mi
1434 978 1505 1042 in
1571 975 1839 1043 Christo
1903 977 2062 1043 Iesu
2127 976 2339 1044 colen·

381 1061 665 1142 dissime,
700 1071 777 1128 ut
820 1060 904 1128 ad
946 1062 1117 1128 hanc
1173 1085 1312 1129 rem
1366 1062 1580 1129 modis
1633 1063 1936 1129 omnibus
1993 1061 2336 1147 advigiles‚

379 1169 770 1231 causamque
806 1148 980 1216 hano
1023 1149 1358 1233 religionis
1397 1148 1732 1215 carissimo
1752 1149 1942 1214 fratri
1964 1158 2030 1214 et
2049 1149 2338 1215 Domino

377 1254 527 1300 meo
575 1232 854 1299 Stumio
896 1232 1330 1300 commendes.
1420 1235 1525 1299 De
1578 1234 1782 1299 fratre
1837 1233 1950 1300 illo
2003 1254 2197 1316 quem
2254 1231 2340 1298 ad

378 1339 502 1386 nos
542 1319 783 1384 misisti
799 1320 861 1401 ⁴)
904 1317 1233 1384 nihildum
1291 1320 1453 1385 certi
1498 1318 1582 1385 ad
1627 1329 1691 1384 te
1734 1320 2017 1385 scribere
2052 1340 2336 1402 possum,

378 1404 509 1471 nisi
551 1403 725 1489 quod
771 1402 879 1469 hic
922 1404 1107 1471 nobis
1154 1405 1281 1469 erit
1337 1404 1613 1471 alendus
1670 1403 2075 1488 aliquamdiu
2123 1406 2336 1488 prius-

378 1510 573 1574 quam
628 1490 712 1556 ad
771 1488 952 1555 verbi
1008 1491 1453 1556 ministerium
1526 1490 1932 1556 admittatur.
2045 1489 2125 1555 Si
2187 1489 2335 1556 istic

376 1575 667 1660 aliquem
708 1574 983 1642 haberes
1026 1575 1550 1655 commodiorem,
1610 1588 1685 1641 ut
1728 1576 1969 1643 habere
2012 1587 2077 1640 te
2120 1574 2334 1653 audie,

376 1671 644 1747 gratum
686 1663 954 1740 faceres,
999 1664 1055 1725 si
1101 1662 1233 1729 huc
1276 1665 1488 1747 primo
1545 1683 1796 1745 quoque
1848 1674 2139 1744 tempore
2181 1661 2336 1725 mit·

376 1758 574 1814 teres.
664 1747 940 1813 Gaudeo
984 1757 1054 1813 et
1093 1749 1340 1831 gratias
1384 1769 1508 1832 ago
1545 1749 1832 1813 Domino
1868 1747 2003 1812 Deo
2047 1747 2217 1831 quod
2264 1756 2335 1811 tu

374 1843 447 1898 et
488 1832 709 1901 fidelis
746 1838 864 1898 tua
904 1834 975 1898 in
1022 1832 1288 1899 Christo
1330 1835 1506 1934 socia
1548 1833 2014 1933 convalueritis
2057 1853 2337 1932 quorum

375 1928 695 2071 ἳνᾙιὲῗ...
711 1939 882 2081 ἒΐθέι
928 1917 2336 2088 ἓξὲᾋῗέοῗῗωῗιοῗὼὲιῖἳέῠοιξέῗ

372 2093 482 2155 22.
528 2088 849 2157 Octobris.

1185 2226 1368 2291 Tuus
1414 2246 1497 2290 ex
1540 2225 1758 2291 animo
1807 2226 2160 2292 Tossanus.

550 2432 715 2497 Mon
748 2430 1047 2497 trescher
1090 2432 1262 2497 frere
1306 2431 1368 2496 ie
1412 2452 1575 2498 vous
1617 2432 1759 2515 prie
1802 2452 1842 2496 a
1884 2430 2212 2496 lhonneur
2250 2428 2331 2494 de

367 2526 600 2584 nostre
655 2517 960 2602 seigneur
1015 2538 1142 2600 que
1185 2538 1270 2582 ne
1325 2516 1554 2583 laissez
1609 2538 1716 2583 ces
1782 2536 2104 2601 paouvres
2167 2535 2332 2599 gens

367 2602 453 2669 de
506 2603 779 2670 Geneve
820 2623 990 2686 quoy
1047 2624 1173 2686 que
1232 2601 1455 2685 Capito
1505 2624 1590 2668 ou
1645 2601 1889 2668 Bueere
1951 2622 2120 2667 vous
2176 2620 2330 2667 oon-

366 2689 658 2767 seillent,
702 2710 817 2756 car
858 2688 941 2753 ilz
983 2711 1064 2754 ne
1106 2709 1214 2754 me
1269 2687 1516 2754 semble
1568 2709 1685 2772 pas
1743 2687 1914 2773 quilz
1969 2686 2332 2753 entendent

364 2796 556 2843 assez
598 2775 698 2841 les
745 2774 995 2841 afferes.
1076 2773 1254 2840 Vous
1296 2774 1561 2857 pouriez
1604 2774 1670 2839 la
1702 2775 1864 2840 faire
1897 2773 2109 2858 grand
2132 2772 2334 2838 fruict

362 2870 434 2928 et
487 2861 789 2927 attendre
830 2881 957 2944 que
1000 2858 1063 2924 lc
1106 2861 1414 2944 seigneur
1451 2860 1628 2925 Dieu
1670 2880 1837 2926 vous
1882 2858 2139 2943 appella
2171 2879 2256 2924 ou
2291 2877 2332 2924 a

362 2947 556 3013 Meta
598 2968 684 3013 ou
728 2969 769 3012 a
802 2945 1078 3030 quelque
1122 2955 1308 3011 autre
1354 2945 1501 3011 lieu.
1591 2945 1687 3012 Oe
1728 2954 2049 3029 pourteur
2083 2944 2332 3010 mavoit

362 3031 469 3098 dit
529 3033 665 3115 quil
721 3031 1030 3117 partiroit
1082 3032 1233 3114 plus
1291 3040 1424 3098 tost
1476 3031 1617 3114 quil
1669 3050 1790 3098 na:
1861 3028 2021 3095 dont
2082 3031 2144 3095 ie
2210 3048 2329 3096 voz

522 3120 617 3202 'pt
658 3139 766 3185 ces
807 3125 1148 3201 presentes
1182 3138 1362 3183 assez
1397 3139 1438 3184 a
1469 3116 1676 3183 haste.
1745 3116 1988 3183 Nostro
2022 3116 2328 3200 seigneur

362 3225 541 3272 vous
582 3202 770 3270 doint
811 3204 1141 3271 tousiours
1184 3224 1259 3270 sa
1298 3204 1551 3269 saincte
1594 3201 1814 3288 garde.
2063 3232 2067 3237 ⁷

1146 3481 1383 3489 ——--....
1410 3481 1551 3489 ——-

1268 3697 1421 3768 8⁶5.

768 3834 1258 3904 MYOONIUS
1302 3832 1938 3904 BULLINGERO.

550 4007 833 4074 Nunciat
907 4009 968 4074 ei
1032 4008 1366 4074 advenum·
1428 4006 1615 4090 leyati
1683 4005 2193 4072 Neocomevwium
2255 4007 2328 4073 in

365 4112 572 4161 causa
615 4093 866 4160 Furens·
910 4094 1214 4160 Turicum
1247 4093 1529 4176 profecti.

369 4265 555 4333 (Exeo
622 4270 739 4319 tum
788 4281 855 4319 ex
904 4272 1130 4334 autogra
1168 4264 1240 4317 ho
1288 4262 1514 4317 Archiv.
1566 4262 1841 4318 Tui-icens.
1885 4262 2031 4318 Plut.
2078 4262 2180 4322 VI.
2216 4264 2324 4317 vol.

497 4333 526 4387 1
600 4377 615 4403 ,
650 4336 781 4387 olim
816 4335 956 4404 Epp.
992 4334 1052 4389 Τ.
1089 4335 1116 4387 1
1178 4374 1190 4387 .
1227 4332 1290 4385 P.
1331 4331 1380 4393 1,
1414 4332 1509 4387 fol.
1541 4329 1662 4399 229,
1698 4332 1896 4386 Simler
1932 4332 2057 4387 Vol.
2090 4330 2204 4398 50.)

549 4524 635 4589 D.
718 4522 1083 4590 Heinrieho
1157 4521 1548 4606 Bullingero
1626 4519 1998 4587 doctissimo
2062 4520 2327 4605 Tiguri-

371 4629 620 4674 norum
698 4608 979 4674 autistiti
1058 4607 1565 4693 vigilantissimo
1644 4606 1830 4672 fratri
1907 4606 1977 4671 in
2041 4606 2327 4672 Domino

375 4692 753 4761 venerando
795 4715 931 4760 suo.

551 4916 795 4983 Veniet
836 4917 1302 4984 Neocomensis
1344 4914 1609 4998 quidam
1637 4914 1684 5002 ¹)
1728 4922 1874 5000 post
1907 4915 2046 4981 dies
2082 4914 2331 4998 aliquot

376 5002 465 5068 ad
508 5012 577 5068 te
609 5012 879 5087 propter
915 5001 1262 5081 Farellmm
1306 5022 1501 5085 quem
1525 5001 1712 5085 impii
1731 5000 2033 5067 nonnulli
2054 5003 2330 5085 cupiunt

378 5144 565 5151 ffl-
602 5143 789 5152 -ffl

584 5222 1577 5294 4)F0rtase··⁸eoaequo1v.337.

588 5294 647 5363 5)
683 5296 884 5366 collega
928 5294 1177 5349 Pomm:

410 5361 548 5425 m.
583 5365 643 5434 1)
681 5365 920 5437 Eynard
955 5363 1167 5420 ΡίοΙιοιι
1203 5360 1306 5428 (Ν.
1341 5358 1488 5426 369).

2082 449 2240 510 1541
2289 441 2684 512 OO'l'OBR.

4272 453 4397 519 302

2446 632 2745 698 eiectum.
2848 630 3139 714 Quaeret
3193 634 3558 713 consilium,
3618 633 3774 717 quid
3817 633 3969 701 huic
4009 635 4394 703 faciendum.

2443 719 2648 784 Putat
2702 719 2877 784 enim
2933 718 3100 801 quod
3161 720 3303 784 sine
3357 718 3488 784 Dei
3531 717 3976 804 indignatione
4031 742 4271 788 munus
4319 722 4395 788 in

2444 802 2619 886 quod
2653 803 2943 888 legitime
2979 804 3230 886 positus
3251 813 3352 870 est
3371 805 3755 887 relinquere,
3800 806 4086 872 maxime
4126 814 4395 892 propter

2444 898 2769 967 scortum,
2836 890 2971 955 imo
3051 889 3418 956 adulteram
3493 891 3684 956 valde
3764 911 4181 976 generosam,
4260 916 4395 960 non

2441 977 2661 1058 possit.
2749 975 3153 1041 Prasmoneo
3198 985 3271 1042 ut
3312 976 3581 1043 consilio
3624 978 3933 1059 quaesito,
3979 977 4134 1044 dum
4184 978 4396 1046 aderit

2440 1061 2574 1140 ille,
2619 1062 2817 1127 citius
2860 1082 3008 1127 eum
3070 1061 3386 1127 absolvas.
3488 1062 3633 1146 Ego
3686 1062 3947 1145 quidem
4006 1065 4137 1129 iam
4194 1062 4393 1150 longo

2441 1154 2737 1231 tempore
2794 1148 2948 1212 novi
3009 1146 3422 1213 severitatem
3489 1147 3758 1213 Farelli:
3824 1171 4059 1214 verum
4121 1171 4266 1215 eam
4320 1154 4393 1217 in

2441 1232 2565 1298 hoc
2608 1233 2868 1316 negotio
2906 1232 3174 1298 videtur
3215 1233 3411 1317 plane
3456 1233 3797 1315 abiecisse,
3857 1234 4017 1300 adeo
4059 1236 4394 1303 moderate

2440 1319 2647 1402 gessit
2703 1319 2941 1383 omnia.
3042 1317 3366 1400 Quocirca
3419 1327 3596 1385 totus
3654 1320 3749 1384 illi
3807 1321 4012 1385 faveo.
4117 1321 4392 1388 Utinam

2441 1403 2685 1486 aliquid
2731 1405 3108 1469 inveniatur
3151 1403 3235 1470 ad
3277 1404 3688 1471 concordiam
3731 1407 4012 1490 pastoris
4056 1414 4122 1471 et
4169 1408 4393 1474 ovium

2440 1490 2729 1554 maxime
2788 1488 3305 1555 adcommodum.
3404 1490 3624 1556 Habet
3676 1491 3939 1575 quidem
3984 1493 4393 1559 vocationem

2442 1574 2588 1654 alie,
2606 1577 2664 1658 ²)
2722 1596 2955 1640 verum
3013 1596 3131 1658 per
3183 1577 3498 1659 priorem,
3559 1598 3728 1660 quae
3781 1577 4013 1642 iustior
4071 1599 4212 1643 esse
4255 1600 4392 1644 non

2440 1662 2680 1743 potuit,
2763 1661 3120 1726 arbitratur
3193 1659 3318 1726 sibi
3382 1682 3513 1726 non
3577 1661 3972 1742 cedendum,
4047 1672 4392 1748 postquam

2441 1754 2701 1828 praeter
2742 1745 3127 1824 adulteram,
3173 1766 3213 1810 a
3257 1767 3387 1829 qua
3427 1747 3746 1831 Princeps
3765 1747 3821 1834 ⁸)
3879 1769 4027 1814 eum
4072 1750 4250 1814 omni
4298 1751 4390 1816 ci-

2443 1831 2668 1897 vitatis
2711 1832 2887 1898 faece
2931 1840 3062 1897 stat
3105 1833 3540 1915 pertinaciter,
3586 1855 3717 1913 non
3753 1834 3979 1900 subest
4019 1833 4152 1899 alia
4194 1854 4392 1900 causa

2440 1938 2560 1982 cur
2600 1915 2829 1982 audire
2864 1916 3076 1981 nolint
3109 1938 3260 1983 eum
3296 1918 3593 2001 amplius.
3661 1918 3944 1985 Habeta
3978 1940 4049 1985 se
4070 1919 4391 2003 parochos

2438 2022 2666 2068 omnes
2682 2052 2697 2079 ,
2765 2001 3000 2068 bonam
3062 2012 3316 2086 partem
3383 2012 3648 2070 senatus
3664 2055 3681 2083 ,
3753 2026 3790 2071 e
3856 2003 4041 2087 plebe
4117 2006 4387 2071 multos:

2437 2086 2644 2152 trahit
2706 2098 2927 2153 tamen
2993 2088 3309 2173 Princeps
3362 2108 3587 2154 secum
3644 2111 3988 2155 numerum
4053 2091 4384 2157 maiorem.

2435 2172 2616 2237 Hinc
2686 2170 2974 2237 timenda
3039 2173 3272 2238 seditio
3324 2174 3455 2240 nisi
3511 2184 4000 2258 praecaveatur.
4111 2176 4387 2243 Possem

2435 2256 2671 2323 addere
2716 2256 2796 2322 de
2841 2256 3097 2322 Fan-ello
3141 2258 3460 2341 quaedam
3477 2311 3491 2336 ‚
3550 2280 3714 2342 quae
3761 2261 4031 2325 forsitan
4088 2261 4171 2326 ad
4229 2282 4383 2326 con-

2435 2342 2810 2408 sultandum
2853 2343 3158 2409 nonnihil
3201 2346 3520 2424 facerent,
3579 2345 3693 2411 sed
3736 2346 3943 2411 otium
3985 2366 4118 2411 non
4161 2356 4263 2412 est
4303 2345 4384 2412 ob

2434 2428 2772 2494 institutas
2826 2429 2899 2493 in
2955 2430 3316 2496 crastinum
3374 2429 3549 2496 diem
3603 2431 4127 2515 supplicationes.
4216 2429 4386 2497 Vale

2434 2514 2509 2578 in
2552 2512 2817 2580 Christo
2860 2535 3011 2581 oum
3056 2516 3203 2581 tuis.
3269 2514 3570 2582 Basileae
3616 2520 3715 2581 24.
3753 2514 4015 2582 Octobr.
4062 2537 4236 2582 anno
4281 2521 4383 2583 41.

3492 2651 3605 2719 Os.
3652 2653 4001 2737 Myconius
4042 2660 4210 2719 tuus.

3203 3176 3208 3182 ·
3330 3144 3485 3215 8⁶⁶.

2603 3298 3029 3367 MINIS'PRI
3070 3298 3687 3368 BASILOENSES
3728 3300 4193 3369 PARELLO.

2603 3470 2875 3537 Minime
2915 3470 3097 3537 dubii
3138 3472 3295 3555 quin
3335 3472 3640 3538 irrumet-ito
3684 3472 3762 3537 ab
3805 3472 4195 3539 adversariis
4235 3493 4383 3539 eoeoe-

2427 3559 2674 3711 w,
2719 3562 2927 3623 tamen
2964 3558 3445 3624 moderationem
3487 3563 3544 3623 et
3572 3558 3951 3640 patientiam
3992 3558 4051 3624 ei
4090 3577 4383 3626 comment-

2430 3814 2545 3937 ffx
2579 3814 2918 3937 ριιιοςτῖἱιῑιο
2937 3813 2994 3867 Μ
3032 3814 3175 3868 conii
3209 3813 3267 3867 in
3302 3813 3447 3867 Bibl.
3483 3814 3656 3867 civica
3678 3812 3961 3867 Turieensi
3994 3813 4124 3866 olim
4158 3812 4382 3867 Archiv.

2488 3888 2744 4006 οιιιιᾶετ.
2841 3881 2935 3948 SS,
2962 3952 2974 3963 ·
3023 3923 3034 3935 .
3071 3881 3166 3949 46,
3215 3898 3358 3936 nunc
3403 3882 3465 3936 F.
3501 3881 3586 3950 81,
3621 3882 3712 3937 fol.
3745 3879 3864 3964 ³3⁷4.
3936 3881 4134 3935 Exstat
4168 3897 4387 4003 Ἓιοοᾳιιε

2513 3953 2576 4009 F.
2682 3992 2695 4017 ‚
2733 3969 2785 4022 p.
2822 3949 2926 4004 754
2959 3967 3014 4004 ιιι
3050 3950 3379 4021 apographo,
3413 3957 3547 4004 item
3583 3968 3668 4022 ap.
3706 3950 3993 4004 Sunlermn
4028 3948 4154 4004 Vol.
4266 3952 4304 4017 .)

2605 4139 2908 4207 Salutem
2979 4149 3048 4205 ει
3110 4159 3339 4223 pacem
3412 4140 3487 4204 in
3558 4138 3863 4205 Domino.
3989 4137 4385 4221 Accepimus

2430 4227 2658 4292 literas
2706 4224 2976 4306 Caluini,
3031 4246 3167 4292 una
3209 4247 3362 4293 oum
3404 4225 3616 4292 literis
3654 4226 3933 4290 flatrum
3976 4223 4040 4289 N
4042 4242 4383 4290 socomen-

2432 4315 2634 4393 sium,
2663 4313 2715 4397 ¹)
2782 4333 2865 4377 ex
2920 4311 3156 4396 quibus
3210 4310 3658 4378 intelleximus
3715 4308 3970 4376 abunde
4032 4329 4198 4392 quae
4262 4307 4385 4374 tibi

2431 4406 2753 4482 parantur
2796 4399 2880 4465 ab
2923 4397 3299 4464 hominibus
3342 4417 3477 4462 non
3519 4397 3664 4483 piis,
3711 4395 3895 4461 nulla
3936 4414 4134 4460 causa
4176 4393 4382 4459 exsis-

2432 4492 2614 4550 tente
2661 4496 2856 4550 'uam
2910 4484 2994 4550 ob
3043 4504 3185 4549 rem
3228 4484 3322 4549 sic
3365 4482 3471 4548 vel
3513 4480 3932 4566 cogitandum
3980 4480 4086 4547 vel
4140 4480 4384 4546 facien-

2432 4568 2610 4635 dum.
2747 4570 2878 4635 olet
2920 4590 3000 4635 ea
3041 4589 3148 4634 res
3191 4567 3388 4634 valde
3431 4568 3638 4647 nobis,
3687 4574 3764 4634 ut
3840 4587 3966 4631 uae
4001 4565 4387 4649 supervenit

2431 4652 2614 4720 haud
2654 4662 3044 4738 exspectata.
3133 4653 3322 4720 Bene
3357 4655 3767 4737 speravimus
3848 4673 3884 4717 ε
3928 4650 4202 4717 ecclesia
4235 4650 4383 4728 ista,

2430 4741 2721 4807 maxime
2763 4742 2916 4823 quia
2958 4740 3231 4805 haberet
3271 4748 3593 4805 rectorem
3639 4737 3984 4804 Farellum.
4071 4736 4165 4802 Et
4201 4742 4384 4819 poste·

2431 4847 2628 4909 quam
2673 4835 2736 4891 te
2778 4827 2911 4891 iam
2957 4823 3185 4905 tribus,
3231 4824 3442 4902 credo,
3488 4823 3680 4889 annis
3722 4844 3842 4906 per
3874 4823 4160 4906 quietem
4197 4817 4384 4885 audi-

3146 5149 3181 5202 Ο·

2464 5219 2599 5281 soa.
2634 5220 2691 5287 ι)
2728 5220 2924 5288 Neque
2955 5155 3418 5299 nass‘tffqza.
3450 5215 3729 5296 habam,
3766 5213 3880 5269 ηερε
3910 5213 4150 5280 fartam
4183 5211 4382 5267 naum

3115 5292 3374 5357 superest.
3457 5284 3539 5353 Cf.
3575 5282 3939 5350 Kerchhofer,
3986 5298 4045 5352 p.
4095 5280 4160 5336 27
4210 5286 4262 5338 et
4292 5280 4382 5337 31.

3168 5361 3342 5414 antw-
3376 5370 3494 5411 non
3524 5358 3777 5424 repertae
3809 5355 3957 5407 savit.

3029 5355 3169 5426 ,ξ
