5050 6167
592 426 715 489 251

593 613 734 679 fore
778 610 1172 695 suspicarer,
1230 630 1475 694 magna
1527 609 1945 694 improbitate
2005 610 2378 675 missionem
2436 632 2546 675 ex·

594 699 750 764 torsi
808 698 1020 781 magis
1074 717 1269 780 quam
1324 695 1706 779 impetravi:
1764 718 1918 761 nam
1975 708 2041 761 et
2095 696 2387 761 Buccrus
2437 718 2545 762 me

593 783 955 869 aegerrime
1014 804 1055 847 a
1107 803 1179 847 se
1234 781 1413 847 abire
1469 782 1873 865 patiebatur,
1935 792 2002 848 et
2048 781 2392 865 Philippus
2432 783 2545 864 qui

592 890 665 936 se
706 869 873 935 mihi
915 868 1054 934 fore
1097 869 1167 932 in
1210 888 1289 932 ea
1342 890 1412 932 re
1468 868 1834 933 adiutorem
1890 889 2147 951 semper
2192 879 2542 950 receperat,

593 976 795 1039 quum
840 968 1097 1037 tempus
1152 954 1455 1031 instaret,
1510 953 1782 1038 rogabat
1830 964 1902 1018 ut
1955 974 2311 1018 manerem.
2400 955 2547 1037 Ego

592 1048 816 1107 tamen
859 1062 965 1105 me
1009 1060 1266 1123 quoquo
1312 1040 1501 1105 modo
1554 1039 1859 1122 explicui.
1960 1040 2188 1122 Neque
2243 1060 2351 1103 me
2409 1050 2546 1103 tam

591 1126 888 1212 privatae
933 1146 1116 1191 meae
1161 1125 1452 1190 rationes
1504 1146 1700 1208 quam
1749 1125 2063 1275 pulssieae,
2123 1134 2199 1190 ut
2241 1125 2401 1190 adeo
2446 1126 2547 1189 in·

594 1223 858 1291 starem,
900 1210 1318 1295 impulerunt.
1410 1210 1730 1276 Videbam
1788 1232 1857 1277 se
1908 1211 2081 1276 olam
2125 1222 2417 1276 nostram
2461 1233 2548 1275 ex

638 1321 721 1365 uo
764 1306 1067 1381 coeperat
1113 1296 1332 1377 Capito
1376 1298 1688 1373 laborare,
1745 1297 2033 1362 destitui.
2123 1296 2419 1362 Verebar
2462 1319 2548 1362 ne

593 1321 700 1452 gis
744 1382 1061 1449 nundinis
1105 1382 1376 1448 ecclesia
1402 1382 1449 1469 ¹)
1486 1384 1920 1466 praesentiam
1965 1405 2181 1448 meam
2222 1381 2549 1448 desidera-

594 1479 714 1537 ret.
786 1470 917 1536 His
959 1470 1158 1534 etiam
1204 1468 1413 1534 causis
1458 1482 1786 1551 uteunque
1823 1467 2083 1534 adducti
2118 1477 2279 1535 sunt
2320 1469 2549 1546 nostri,

592 1565 672 1623 ut
713 1556 879 1621 mihi
915 1554 1183 1620 tandem
1227 1554 1676 1620 concederent.
1748 1556 2095 1638 Exponam
2137 1565 2357 1619 autem
2401 1556 2549 1621 bre-

594 1644 785 1721 viter,
831 1662 957 1725 quo
1001 1641 1072 1705 in
1120 1649 1297 1705 statu
1356 1662 1462 1705 res
1519 1642 1767 1705 fuerint
1819 1662 2020 1722 quum
2068 1640 2351 1706 discessi.
2438 1641 2549 1704 Ex

638 1750 723 1794 uo
768 1730 841 1793 in
886 1728 1261 1811 quaestione
1317 1727 1749 1791 eucharistiae
1809 1726 2011 1792 semel
2071 1726 2545 1806 dissiliimus,‘²)

593 1750 678 1881 36
729 1814 912 1879 nulla
969 1813 1098 1879 alia
1152 1813 1361 1895 potuit
1410 1812 1690 1895 amplius
1756 1814 1928 1877 inter
1992 1834 2110 1878 nos
2174 1814 2546 1879 convenire.

598 1899 747 1967 Scis
785 1921 983 1965 unam
1022 1898 1219 1963 fuisse
1254 1899 1427 1962 inter
1463 1922 1580 1964 nos
1619 1921 1843 1963 omnes
1879 1898 2295 1977 sententiam,
2332 1907 2546 1963 trans-

595 1986 1209 2054 substantiationem
1253 2006 1390 2048 rem
1436 1986 1948 2049 commentitiam
1996 2005 2168 2062 esse,
2224 2006 2345 2050 nee
2402 1995 2548 2049 tan-

593 2082 741 2138 tum
783 2092 935 2137 cum
978 2070 1176 2134 verbo
1220 2070 1509 2145 Domini,
1555 2069 1670 2134 sed
1711 2092 1862 2136 cum
1907 2071 2299 2136 sacramenti
2345 2071 2546 2135 etiam

593 2167 835 2225 natura
870 2177 1195 2239 pugnare:
1244 2155 1691 2221 adorationem
1736 2177 1877 2221 esse
1913 2157 2017 2222 vel
2059 2156 2547 2231 idololatricam,

593 2245 702 2311 vel
768 2245 968 2307 nimis
1032 2241 1494 2326 periculosam,
1560 2243 2023 2325 repositionem
2089 2243 2550 2325 superstitione

593 2351 729 2395 non
773 2349 1010 2394 carere.
1103 2326 1327 2408 Quum
1369 2329 1439 2392 in
1485 2328 1607 2394 hac
1654 2330 2073 2410 responsione
2116 2337 2252 2393 tres
2294 2328 2392 2393 illi
2437 2326 2550 2391 de·

592 2416 745 2484 lecti
788 2423 1165 2480 constanter
1208 2424 1576 2497 pergerent,
1599 2416 1655 2496 ⁸)
1700 2413 1951 2479 acerbis
1986 2414 2205 2480 verbis
2249 2414 2553 2479 invectus

596 2503 669 2566 in
718 2501 1089 2583 Philippum
1134 2511 1237 2565 est
1277 2500 1776 2565 Granvellanus:
1819 2522 1945 2582 quo
1979 2501 2202 2577 fracte,
2249 2501 2553 2583 sperabat

596 2610 639 2654 a
680 2587 949 2671 reliquis
995 2586 1244 2650 duobus
1297 2606 1430 2650 non
1488 2594 1743 2649 tantum
1799 2587 1936 2650 fore
1995 2586 2264 2670 negotii.
2364 2586 2550 2651 Dum

595 2674 767 2742 nihil
812 2672 1187 2755 extorqueri
1232 2691 1422 2752 posse
1466 2670 1679 2748 videt,
1740 2669 1824 2734 ad
1874 2671 2004 2735 alia
2045 2693 2319 2756 pergere
2361 2692 2551 2754 prae-

595 2761 772 2845 cipit.
862 2759 1144 2823 Interim
1188 2756 1487 2822 Marchio
1530 2755 2119 2841 Brandeburqensis
2160 2757 2549 2833 clanculum,

594 2868 730 2914 non
775 2853 995 2910 tamen
1033 2843 1175 2908 sine
1219 2842 1618 2908 conscientia
1644 2841 1956 2922 Caesaris,
1996 2864 2203 2908 unum
2246 2865 2329 2909 ex
2352 2844 2552 2909 Prin·

595 2933 848 3017 cipibus
893 2930 975 2995 ab
1020 2926 1268 2994 Aah-alt
1307 2927 1596 3013 legatum
1640 2928 1910 2995 Luthero
1953 2929 2172 3007 mittit,
2217 2931 2370 3012 quia
2403 2950 2551 3013 spe·

594 3025 776 3085 raret
820 3016 1030 3099 magis
1084 3015 1156 3078 in
1214 3014 1337 3078 hac
1394 3014 1773 3097 quaestione
1827 3015 1964 3081 fore
2017 3015 2375 3099 propitium
2418 3016 2550 3081 Pa-

596 3104 790 3189 pistis
834 3122 1035 3185 quam
1080 3121 1200 3165 nos
1246 3120 1490 3176 omnes,
1536 3109 1803 3183 propter
1836 3110 2128 3167 veterem
2170 3101 2357 3167 illam
2399 3122 2550 3168 con-

596 3189 1041 3257 certationem.
1058 3189 1115 3263 ⁴)
1173 3184 1350 3267 Quid
1387 3186 1706 3263 attulerit,
1742 3185 2039 3252 nondum
2072 3188 2325 3254 rescivi.
2374 3187 2551 3254 Con-

595 3274 731 3343 fido
785 3283 1004 3338 tamen
1060 3273 1325 3337 omnino
1381 3293 1515 3336 non
1569 3272 1740 3338 male
1793 3273 1996 3338 fuisse
2052 3293 2092 3337 a
2134 3273 2408 3339 Luthero
2445 3293 2551 3338 re-

596 3380 929 3445 sponsum.
949 3361 1008 3442 ὅ)
1093 3357 1464 3424 Restabant
1521 3357 1594 3421 in
1663 3379 1860 3424 causa
1916 3358 2350 3426 eucharistiae
2415 3370 2552 3426 tres

596 3446 1010 3531 quaestiones
1044 3442 1493 3526 disputandae,
1539 3441 1619 3508 de
1653 3445 1970 3511 sacrificio
2004 3445 2260 3525 missae,
2300 3444 2382 3511 de
2417 3446 2552 3528 pri-

595 3532 773 3599 vatis
806 3530 1051 3610 missis,
1097 3527 1177 3595 de
1212 3532 1555 3612 utriusque
1590 3531 1827 3613 speciei
1862 3530 2340 3597 distributione.
2412 3531 2552 3596 Ad-

595 3617 893 3696 versarii,
938 3617 1196 3682 sublata
1237 3614 1588 3681 missarum
1631 3615 2103 3682 nundinatione
2147 3627 2212 3683 et
2251 3617 2553 3683 multitu·

599 3703 772 3782 dine,
819 3723 1021 3768 unam
1057 3708 1315 3766 tantum
1351 3701 1615 3766 missam
1660 3702 1727 3766 in
1774 3702 2051 3786 singulis
2093 3704 2357 3787 templis
2394 3725 2553 3786 quo·

597 3789 759 3856 tidie
802 3787 1196 3863 retinebant,
1240 3786 1438 3869 idque
1481 3808 1560 3852 ea
1602 3787 1780 3872 lege,
1842 3798 1918 3854 ut
1959 3810 2095 3855 non
2149 3789 2290 3854 sine
2335 3789 2553 3872 aliquo

600 3886 825 3954 coetu,
888 3874 993 3940 eui
1049 3874 1440 3957 mysterium
1495 3883 1964 3958 exponeretur,
2028 3874 2262 3941 deinde
2327 3882 2406 3939 ut
2468 3874 2550 3941 ad

597 3960 1127 4029 communionem
1181 3957 1550 4024 exhortatio
1606 3961 1808 4025 fieret.
1898 3959 2139 4026 Calicis
2203 3962 2552 4045 participa-

596 4047 847 4113 tionem
890 4046 1196 4112 volebant
1249 4065 1392 4110 esse
1450 4045 1750 4124 liberam,
1809 4056 1881 4111 ut
1924 4044 2243 4111 haberent
2285 4048 2395 4130 qui
2440 4069 2553 4131 pe-

598 4139 833 4199 terent.
925 4129 1338 4196 Sacrificium
1382 4130 1692 4197 fucabant
1729 4132 2083 4215 sophistica
2126 4133 2551 4216 expositione,

598 4239 796 4303 quam
840 4215 1014 4282 unde
1057 4216 1473 4297 sumpserint,
1520 4224 1594 4282 tu
1636 4218 1776 4299 ipse
1821 4218 2084 4284 coniice.
2160 4218 2288 4284 Illa
2332 4219 2556 4284 omnia

597 4314 755 4370 sunt
798 4302 1157 4386 repudiata,
1203 4302 1429 4385 scripti
1473 4322 1510 4366 a
1541 4302 1837 4387 Philippo
1870 4305 1937 4368 in
1974 4305 2369 4371 contrariam
2406 4326 2555 4370 sen-

598 4391 874 4455 tentiam
918 4388 1201 4467 articuli,
1257 4395 1324 4453 et
1364 4387 1584 4454 oblati.
1675 4388 1972 4455 Ventum
2021 4388 2256 4456 deinde
2312 4398 2414 4456 est
2472 4389 2555 4455 ad

599 4474 1101 4551 confessionem,
1158 4475 1230 4538 in
1288 4494 1419 4556 qua
1475 4474 1990 4541 moderationem
2032 4476 2277 4542 dabant
2322 4475 2555 4542 adver-

599 4561 789 4640 sarii,
845 4559 1291 4644 scrupulosam
1348 4561 1910 4627 enumerationem
1954 4561 2380 4641 remittendo,
2438 4562 2556 4627 sed

599 4647 1058 4715 necessitatem
1113 4644 1464 4730 exigebant
1518 4648 1938 4714 confessionis
1993 4655 2062 4713 et
2105 4647 2552 4714 absolutionis.

602 4826 653 4833 --
762 4826 773 4830 -
818 4823 901 4831 --—-*

650 4939 778 5001 ω’
812 4941 877 5075 2¹ss
907 4937 1262 5076 ἕῗφιξαὲἷῐα
1276 4937 2117 5077 mfflwiss.
2174 5008 2552 5075 Mammea,
2603 4964 2610 5073 ἰ

602 5079 712 5135 IV.
750 5077 835 5135 76.
906 5077 1194 5146 Ηστραπρ,
1232 5094 1284 5141 p.
1324 5076 1405 5131 15.

807 5147 868 5207 3)
1189 5146 1356 5200 habes
1388 5147 1548 5215 apoto

808 5215 869 5271 4»
950 5215 1254 5281 eckendors
1278 5216 1401 5269 III.
1439 5216 1560 5270 361.
1632 5217 1689 5271 C.
1728 5215 1799 5273 R.
1834 5216 1943 5271 IV.
1981 5216 2104 5283 379,
2143 5216 2258 5270 385.

813 5287 872 5351 5)
906 5285 1169 5340 Lumer's
1202 5284 1414 5351 Bru‘ese,
1465 5285 1554 5340 Dc
1601 5284 1771 5341 Wctte
1812 5285 1879 5341 V.
1926 5285 2042 5349 366,
2094 5285 2209 5339 376.
2285 5286 2367 5351 Cf.
2406 5286 2551 5340 Her·

600 5367 768 5424 m,
802 5371 855 5423 p.
894 5354 977 5412 20.
1050 5354 1281 5409 Pzauek.
1314 5354 1348 5407 1.
1385 5354 1420 5407 1.
1455 5372 1511 5424 p.
1558 5354 1671 5409 136.
1728 5353 1991 5411 Secund.
2022 5371 2083 5423 p.
2120 5354 2241 5409 362.

2143 418 2670 487 EPISTOLAE
2717 422 3057 486 334—336

4476 427 4603 492 252

2647 608 3028 673 Formulam
3084 609 3479 674 contrariam
3537 611 3746 676 nostri
3788 609 4128 676 dederunt.
4217 610 4333 678 Sic
4376 611 4456 678 de
4498 611 4602 676 in·

2648 696 2989 759 vocatione
3030 705 3426 774 sanctorum,
3473 695 3554 760 de
3597 697 3888 779 primatu
3931 698 4173 780 Papae,
4230 696 4312 763 de
4355 700 4604 763 autori-

2649 790 2785 844 tate
2842 781 3151 846 ecclesiae
3209 781 3518 846 collatum
3573 794 3704 848 est:
3773 803 3893 849 nec
3955 783 4309 850 convenire
4375 786 4599 867 potuit.

2651 866 2933 930 Articuli
2979 887 3207 931 omnes
3251 868 3456 932 nostri
3501 867 3667 933 libro
3713 867 4020 934 adiuncti.
4112 868 4348 935 Caesar
4391 870 4602 935 delec-

2653 954 2736 1016 tis
2780 952 2913 1016 illis
2958 953 3203 1035 gratias
3248 952 3623 1018 liberalibus
3667 954 3885 1019 verbis
3930 956 4082 1038 egit,
4129 956 4298 1038 quod
4341 955 4602 1022 fidelem

2650 1057 2916 1121 operam
2960 1039 3459 1120 praestitissent.
3481 1042 3557 1115 6).
3646 1040 3799 1122 Ipse
3844 1041 4081 1106 deinde
4122 1051 4330 1107 totam
4360 1039 4603 1108 delibe-

2650 1123 2970 1188 rationem
3033 1124 3115 1188 ad
3179 1123 3439 1190 ordines
3503 1124 3750 1191 retulit.
3771 1128 3827 1210 7)
3915 1128 4007 1191 Et
4070 1128 4379 1210 quoniam
4433 1128 4604 1194 nihil

2651 1209 2851 1274 statui
2909 1218 3190 1291 poterat,
3250 1211 3382 1277 nisi
3436 1211 3761 1295 descripto
3817 1211 4014 1277 libro:
4072 1214 4331 1279 oblatus
4387 1225 4489 1279 est
4529 1213 4602 1280 in

2650 1293 2939 1359 medium
2985 1317 3139 1361 eum
3183 1296 3492 1362 articulis.
3582 1298 3740 1362 Mox
3795 1306 4020 1363 tamen
4068 1298 4397 1365 Gaesarem
4448 1321 4602 1384 poe-

2650 1381 2851 1444 nituit
2894 1382 3064 1446 faeti.
3155 1381 3289 1448 Sed
3335 1382 3505 1465 quod
3560 1383 3762 1449 semel
3821 1383 4152 1450 decretum
4212 1394 4370 1464 erat,
4427 1384 4602 1452 ordi-

2652 1487 2771 1530 nes
2815 1477 3031 1531 ratum
3087 1489 3228 1534 esse
3273 1469 3640 1534 voluerunt.
3740 1469 3922 1534 Dum
3979 1470 4046 1535 id
4103 1472 4354 1554 agitur,
4411 1471 4604 1539 datus

2653 1562 2753 1617 est
2796 1550 3083 1619 Senatus
3127 1553 3363 1639 legatis
3394 1555 3781 1638 Hungariae
3816 1565 3883 1620 ot
3921 1558 4245 1635 Austriae,
4291 1559 4402 1640 qui
4446 1579 4601 1640 sup-

2653 1638 2908 1720 pliciter
2952 1638 3206 1705 auxilia
3257 1641 3382 1708 sibi
3438 1640 3578 1705 dari
3623 1642 3964 1724 petierant.
4053 1643 4310 1707 Institit
4350 1665 4604 1727 quoquc

2658 1722 2927 1802 Caesar,
2985 1736 3062 1789 ut
3105 1727 3346 1792 omissa
3398 1726 3736 1809 religionis
3794 1728 4049 1794 actione
4092 1729 4175 1794 ad
4221 1729 4403 1795 illam
4446 1750 4602 1795 eon·

2652 1809 3071 1875 sultationem
3127 1832 3197 1876 se
3267 1822 3728 1878 converterent
3783 1813 4062 1879 ordines.
4166 1813 4390 1895 Quum
4455 1815 4603 1884 illas

2653 1895 2946 1961 inducias
2984 1897 3122 1961 vidi
3175 1898 3359 1963 datas
3404 1918 3574 1975 esse,
3634 1899 4035 1965 occasionem
4081 1902 4440 1982 praeterire
4484 1922 4602 1967 no-

2653 1981 2773 2046 lui:
2821 1982 2916 2047 sie
2959 1982 3218 2065 elapsus
3262 2006 3426 2049 sum.
3515 1984 3769 2050 Rerum
3821 1987 4059 2059 seriem
4113 1985 4400 2052 breviter
4453 2008 4602 2070 per-

2652 2067 2912 2133 strinxi.
3004 2066 3197 2148 Quod
3250 2070 3334 2134 ad
3387 2070 3736 2136 secretiora
3790 2072 4064 2137 consilia
4118 2075 4381 2151 attinet,
4435 2095 4601 2139 non·

2655 2152 2822 2217 nihil
2866 2153 3092 2219 audies
3133 2176 3336 2237 quum
3383 2176 3641 2221 venere.
3731 2156 3942 2222 Velim
3999 2169 4219 2223 autem
4262 2159 4333 2224 id
4377 2159 4494 2226 abs
4535 2168 4602 2226 te

2653 2240 3099 2322 impetratum,
3144 2247 3222 2305 ut
3244 2240 3481 2307 Buceri
3514 2241 3796 2307 reditum
3832 2254 4303 2327 exspectemus.
4372 2244 4603 2327 Quan-

2656 2334 2793 2389 tum
2840 2324 2921 2390 ad
2957 2325 3195 2390 fratres
3239 2327 3490 2406 attinet,
3547 2328 3660 2411 qui
3699 2328 3782 2394 ob
3824 2331 4241 2413 evangelium
4284 2330 4602 2411 laborant,

2655 2433 2787 2476 non
2827 2412 2947 2477 feei
2991 2411 3164 2494 quod
3207 2413 3404 2478 volui.
3492 2412 3712 2480 Causa
3766 2417 3943 2481 enim
3999 2438 4270 2500 gravem
4314 2418 4604 2500 aliquam

2652 2496 3046 2581 legationem
3085 2499 3444 2581 flagitabat,
3490 2521 3683 2582 quam
3720 2502 3989 2565 minime
4027 2504 4246 2567 ferunt
4289 2512 4600 2585 tempora,

2652 2582 2720 2647 id
2777 2592 2910 2662 cst,
2971 2584 3191 2650 vitiosi
3248 2584 3593 2650 hominum
3646 2587 3934 2653 affectus.
3954 2588 4014 2673 ε5)
4114 2589 4380 2655 Literas
4445 2609 4603 2672 ergo

2654 2668 3019 2752 impetravi.
3111 2669 3306 2752 Quod
3371 2672 3590 2754 ipsum
3645 2673 3893 2737 factum
3945 2674 4192 2751 fuerat,
4253 2684 4604 2758 antequam

2655 2752 2944 2821 Senatus
2999 2754 3393 2822 admitteret.
3494 2755 3629 2823 Sed
3685 2761 3911 2825 curavi
3968 2761 4216 2825 mutari
4268 2783 4343 2827 ac
4401 2760 4604 2827 inseri

2655 2840 2956 2906 nonnihil
3000 2862 3227 2907 eorum
3285 2863 3453 2925 quae
3496 2842 3870 2910 mandabas.
3960 2844 4212 2912 Charta
4267 2847 4414 2931 plus
4468 2867 4606 2913 non

2654 2928 2847 3010 capit.
2937 2928 3038 2993 'I'u
3081 2928 3212 2993 ista
3254 2928 3494 3007 omnia,
3552 2929 3610 2996 si
3653 2930 4003 3010 videbitur,
4048 2932 4306 2999 curabis
4365 2932 4606 2999 Vireto:

2654 3014 3124 3098 excusabisque
3158 3013 3331 3096 apud
3366 3036 3518 3080 eum
3553 3015 3724 3099 quod
3759 3039 3894 3083 non
3937 3019 4336 3100 scripserim:
4382 3018 4606 3103 oppri-

2655 3120 2799 3165 mor
2840 3100 3035 3178 enim,
3077 3100 3269 3166 crede
3302 3099 3485 3181 mihi,
3523 3101 3801 3168 assiduis
3833 3104 4491 3188 interpellationibus,
4526 3110 4607 3170 ut

2655 3206 2850 3270 aegre
2892 3186 3086 3255 liceat
3126 3187 3465 3270 respirare.
3556 3187 3725 3253 Vale
3781 3189 4114 3255 carissime
4168 3192 4387 3256 stater.
4478 3187 4605 3257 Sa·

2654 3270 2794 3336 luta
2848 3292 3077 3338 omnes
3115 3271 3498 3357 diligenter.
3603 3274 3930 3341 Dominus
3987 3297 4103 3342 vos
4168 3298 4394 3343 omnes
4449 3298 4606 3343 con-

2657 3367 2893 3424 servet.
2982 3359 3429 3443 Argentorati,
3473 3359 3663 3439 Iulio,
3715 3362 3970 3445 1541.⁹)

3577 3514 3862 3582 Ioannes
3897 3514 4213 3585 Calvinus
4257 3524 4430 3584 tuus.

3557 4027 3709 4099 335.

3193 4198 3663 4267 OALVINUS
3710 4199 4075 4268 VIRETO.

2833 4387 2935 4453 Dc
2975 4389 3235 4454 caeteris
3285 4409 3425 4454 eum
3482 4390 3569 4455 ad
3613 4389 3939 4457 Far-ellum
3991 4389 4288 4473 ablcqans
4341 4395 4445 4459 cui
4485 4414 4604 4461 nu-

2654 4495 2774 4557 per
2805 4475 3006 4557 plura
3038 4475 3314 4555 scripsit,
3357 4474 3458 4540 hic
3498 4474 3799 4540 nonnulla
3840 4478 4162 4557 speciatim
4202 4479 4278 4544 cle
4319 4480 4604 4547 interces-

2659 4561 2834 4626 sione
2873 4559 3246 4642 Principum
3287 4580 3410 4645 pro
3455 4561 3596 4644 piis
3648 4562 3720 4625 in
3769 4561 3991 4629 Gallia
4039 4563 4352 4645 fratribus
4403 4566 4599 4635 addit.

2665 4644 2907 4712 Rihelii
2945 4647 3256 4730 negotium
3297 4647 3356 4711 ci
3388 4667 3518 4714 com

2865 4936 2921 4999 6)
2957 4936 3010 4990 d.
3045 4936 3128 4990 31.
3169 4937 3333 4990 Maii.
3389 4937 3636 4992 Sleidan.
3676 4936 3791 4991 ⁶222.
3867 4938 3949 5004 Cf.
3992 4939 4049 4991 0.
4088 4938 4160 4995 R.
4197 4939 4305 4993 IV.
4341 4938 4459 4994 348.

2868 5005 2922 5069 7)
2959 5006 3011 5059 ἀ.
3048 5006 3099 5060 8.
3134 5006 3309 5060 Imiii.
3384 5007 3629 5062 Sleidan.
3662 5024 3717 5075 p.
3752 5006 3870 5060 223.
3945 5008 4002 5063 C.
4043 5007 4115 5061 Β.
4152 5007 4271 5064 389.

2866 5073 2921 5137 8)
2962 5074 3169 5129 Caesar
3202 5076 3314 5129 sca.
3359 5092 3521 5145 aeyre
3560 5076 3768 5143 ferebat
3819 5075 4250 5132 Protcstantium
4295 5092 4416 5131 cum
4453 5074 4603 5159 Rege

1547 5147 1675 5216 pias
1712 5146 1770 5203 0.
1790 5147 1861 5201 Β.
1886 5145 1996 5202 IV.
2032 5146 2156 5215 271,
2193 5146 2396 5216 275291.
2431 5148 2552 5202 318.
2659 5144 2743 5198 vel
2782 5144 2959 5212 legato
3006 5144 3126 5197 eius
3169 5144 3403 5199 assidua
3448 5146 3780 5201 commercia.
3863 5145 3952 5200 De
3992 5147 4176 5215 ipsias
4224 5146 4604 5202 Melana-om

2658 5212 2864 5268 studiis
2899 5212 3132 5266 Caesari
3164 5214 3434 5282 suspectis
3467 5232 3518 5270 v.
3556 5215 3617 5270 0.
3655 5212 3726 5269 R.
3766 5214 3862 5268 IV
3861 5256 3874 5268 .
3909 5216 4032 5282 320,
4068 5215 4188 5270 327.

2864 5282 2923 5345 9)
2962 5286 3013 5336 et
3046 5282 3260 5349 quidem
3288 5284 3494 5351 primis
3525 5285 3696 5339 huius
3722 5285 3923 5339 mensis
3957 5284 4165 5353 dicbus,
4204 5300 4372 5353 qaum
4417 5284 4601 5342 Virdo

2656 5350 2711 5404 d.
2755 5351 2832 5405 12.
2871 5350 3011 5404 Iulii
3046 5350 3289 5425 scribens
3323 5352 3400 5407 ad
3431 5354 3577 5409 hamc
3610 5352 3822 5409 alludit.
4110 5435 4114 5439 .
