5050 6167
654 410 783 471 187·

647 594 884 670 vinum,
949 588 1064 655 sed
1127 593 1540 653 cunctantem
1596 591 1665 649 et
1731 584 2124 649 renitentem
2187 582 2444 647 emittat
2505 602 2582 646 ac

649 674 1013 744 abmandet.
1104 671 1373 739 Accedit
1412 672 1493 736 iis
1551 669 1817 735 evidens
1873 669 2168 734 doctrina
2211 666 2457 733 Christi
2515 674 2583 732 et

649 761 1038 845 exemplum.
1111 758 1377 840 Quanta
1397 757 1569 821 enim
1592 753 2044 831 sollicitudine,
2084 765 2327 836 quanto
2364 751 2582 816 labore

648 848 761 913 ille
803 854 1105 912 aeternus
1151 854 1365 927 pastor
1406 863 1595 906 ovem
1637 839 1957 924 perditam
2000 860 2309 922 quaerere
2353 850 2419 903 et
2444 859 2580 903 ser-

650 955 806 1001 vare
850 932 1157 1009 docuerit,
1201 930 1422 995 Lucae
1466 938 1659 1009 caput
1706 926 2183 1008 quindecimum
2220 923 2584 989 luculenter

650 1019 960 1101 explicat:
1028 1016 1187 1098 quin
1245 1015 1383 1097 ipse
1446 1012 1803 1096 nonaginta
1868 1031 2104 1076 novem
2181 1010 2251 1074 in
2328 1009 2583 1074 deserto

650 1105 894 1171 relictis
934 1102 1277 1168 erraticam
1330 1099 1512 1163 illam
1555 1118 1630 1162 ac
1671 1097 1993 1182 perditam
2037 1097 2419 1178 insequutus
2462 1102 2582 1173 est,

648 1192 985 1256 inventam
1048 1186 1332 1250 molliter
1394 1185 1467 1247 in
1534 1182 1841 1248 humeros
1896 1181 2218 1247 sublatam
2275 1180 2355 1245 ad
2412 1179 2583 1244 ovile

646 1283 952 1358 reportat.
1034 1271 1212 1353 Quid
1252 1272 1491 1335 faceret
1533 1270 1588 1334 si
1632 1289 1785 1333 oves
1828 1289 1945 1333 sua
1988 1275 2216 1350 sponte
2260 1276 2582 1348 pastorem

646 1361 1069 1444 requirerent,
1114 1357 1226 1439 qui
1271 1355 1625 1439 fugientem
1684 1362 1865 1418 tanto
1908 1352 2124 1417 studio
2169 1350 2579 1434 insequitur?

646 1446 840 1513 Ultro
884 1444 1076 1508 offert
1111 1441 1414 1508 Christus
1457 1460 1638 1505 suam
1683 1440 1962 1523 gratiam
2005 1438 2309 1521 indignis,
2357 1436 2582 1501 nolen-

647 1532 845 1609 tibus,
881 1527 1388 1612 repudiantibus.
1448 1529 1542 1590 At
1579 1526 1788 1589 omnis
1810 1522 2057 1590 Christi
2092 1524 2260 1587 actio
2283 1522 2583 1604 exemplo

648 1615 835 1684 nobis
878 1635 1020 1680 esse
1065 1613 1280 1678 debet:
1330 1610 1746 1693 Exemplum,
1790 1610 2022 1692 inquit,
2068 1609 2254 1674 vobis
2298 1607 2464 1685 dedi,
2510 1616 2586 1670 ut

647 1699 1189 1787 quemadmodum
1252 1697 1404 1775 feci,
1468 1704 1534 1761 et
1595 1717 1711 1762 vos
1772 1694 2037 1761 faciatis.
2178 1692 2328 1774 Qua
2404 1714 2584 1757 nunc

647 1796 885 1864 mente,
923 1805 1049 1869 quo
1074 1784 1327 1867 spiritu,
1364 1803 1572 1866 quave
1591 1782 1985 1847 conscientia
2007 1780 2123 1844 tibi
2148 1790 2582 1856 occurrentes,

648 1881 714 1938 te
755 1873 945 1937 unice
999 1876 1293 1953 potentes
1350 1867 1608 1933 deseres
1663 1875 1730 1932 et
1781 1864 2032 1950 fugies?
2121 1864 2369 1930 Paulus
2426 1884 2585 1946 quas

647 1958 846 2025 verbo
889 1956 1019 2021 Dei
1059 1955 1289 2040 genuit
1344 1974 1419 2019 ac
1472 1953 1759 2017 instituit
1813 1951 2115 2017 ecclesias
2169 1950 2428 2032 saepius
2484 1950 2585 2012 in-

647 2044 824 2122 visit,
872 2049 940 2106 et
981 2049 1054 2107 ut
1093 2041 1163 2105 in
1208 2039 1417 2105 officio
1459 2045 1845 2121 perstarent,
1901 2037 2179 2101 multum
2222 2035 2433 2100 literis
2486 2044 2589 2099 est

646 2129 1036 2195 inhortatus.
1116 2126 1258 2190 'I'ua
1290 2144 1503 2207 opera,
1539 2132 1781 2205 tuoque
1816 2122 2196 2199 ministerio,
2235 2120 2584 2186 Cebenna—

647 2216 815 2280 tium
858 2212 1130 2280 ecclesia
1170 2211 1243 2275 in
1288 2208 1551 2275 Christo
1593 2219 1822 2273 renata
1867 2217 1995 2273 est:
2054 2227 2294 2292 ergone
2349 2206 2587 2271 liberos

647 2314 796 2385 post
827 2305 1166 2383 parentem
1201 2317 1395 2360 suum
1430 2294 1744 2359 eiulantes
1775 2313 1850 2357 ac
1872 2292 2231 2358 clamantes
2254 2291 2586 2374 negligere

649 2407 726 2452 ac
789 2392 1203 2449 contemnere
1258 2379 1488 2465 potes?
1599 2379 1966 2445 Patierisne
2020 2388 2096 2442 ut
2148 2385 2246 2441 tot
2293 2376 2586 2442 oviculae

647 2469 930 2555 praedae
943 2474 1231 2552 pateant,
1247 2487 1366 2551 pro
1387 2466 1621 2548 quibus
1643 2465 2025 2548 sanguinem
2044 2463 2215 2527 fudit
2230 2459 2584 2528 Christus?

648 2556 751 2622 Ne
792 2556 955 2620 viles
1000 2552 1119 2617 tibi
1162 2553 1296 2617 sint
1330 2571 1491 2634 quas
1529 2558 1711 2614 tanto
1733 2550 1940 2634 pretio
1963 2547 2265 2614 Christus
2288 2546 2583 2612 redemit.

650 2640 844 2722 Quod
876 2637 1155 2724 praedae
1242 2644 1463 2701 ateant
1503 2636 1657 2719 quid
1700 2655 1864 2718 opus
1908 2643 2007 2699 est
2047 2633 2337 2717 probare,
2381 2652 2586 2717 quum

652 2725 979 2793 Sadoktus
1020 2724 1129 2789 ille
1173 2659 1429 2788 dicendi
1473 2721 1708 2786 artifex
1758 2721 1926 2784 mira
1979 2712 2231 2785 ratione
2284 2730 2350 2783 et
2402 2718 2587 2801 quasi

695 2833 766 2877 er
828 2809 1162 2878 cuniculos
1227 2828 1436 2890 nuper
1504 2807 1573 2871 in
1649 2806 1987 2871 ecclesiam
2052 2804 2588 2870 Gebennensium

646 2919 931 2981 1rrepere
974 2894 1270 2961 tentarit:
1317 2912 1436 2957 nec
1478 2892 1748 2958 absistet
1781 2892 1890 2974 qui
1926 2890 2127 2956 semel
2160 2911 2272 2973 spe
2310 2889 2587 2974 praedae

646 2983 900 3049 illectus
961 2980 1190 3063 coepit,
1269 2978 1384 3044 sed
1462 2978 1584 3043 hoc
1661 2976 1976 3041 acriorem
2041 2976 2587 3057 intentioremque

646 3068 1139 3153 impressionem
1174 3065 1244 3128 in
1279 3084 1547 3149 gregem
1575 3061 1827 3128 Christi
1859 3062 2175 3127 inermem
2208 3068 2275 3126 et
2308 3061 2588 3144 pastoris

646 3152 970 3239 praesidio
1035 3150 1421 3216 destitutum
1486 3148 1693 3213 faciet.
1816 3147 2041 3231 Neque
2103 3167 2259 3213 vero
2324 3145 2588 3212 difficile

648 3240 955 3307 videatur
1008 3234 1179 3319 quod
1231 3236 1415 3301 Deus
1471 3254 1664 3318 agore
1718 3233 1927 3313 iubet,
1993 3253 2075 3298 ne
2130 3233 2351 3317 pigeat
2403 3232 2588 3315 sequi

649 3332 991 3391 vocantem
1055 3320 1442 3385 Dominum:
1510 3318 1690 3384 dabit
1754 3318 2067 3384 virtutem
2083 3369 2099 3398 ,
2178 3318 2586 3400 sapientiam,

647 3409 1033 3494 patientiam
1077 3405 1191 3488 qui
1231 3414 1462 3490 potens
1505 3412 1620 3471 est.
1699 3404 1970 3469 Mentiri
2014 3405 2239 3483 nescit,
2285 3412 2359 3468 ut
2400 3403 2588 3469 facile

590 3506 595 3515 '
648 3496 876 3563 vincas
939 3513 1017 3558 ea
1078 3490 1487 3557 incommoda
1537 3511 1704 3572 quae
1756 3490 2013 3555 obstare
2069 3489 2307 3556 iudicio
2373 3490 2589 3555 carnis

649 3580 973 3648 videntur.
1076 3576 1429 3660 Nunquam
1493 3575 1697 3641 defuit
1744 3576 2067 3641 Dominus
2130 3574 2589 3642 invocantibus

650 3686 721 3732 se
749 3666 849 3735 ‚in
902 3662 1202 3729 veritate.
1304 3661 1527 3743 Quum
1581 3668 1679 3726 tot
1732 3660 2039 3727 ecclesiae
2089 3667 2154 3725 te
2207 3669 2423 3738 orent,
2484 3659 2591 3724 vel

650 3752 846 3817 huius
889 3747 1088 3816 solius
1131 3747 1228 3813 rei
1269 3767 1465 3813 causa
1506 3745 1934 3812 confidentius
1979 3767 2152 3831 agas.
2254 3746 2463 3811 Porro
2507 3743 2588 3809 de

648 3834 932 3902 utilitate
976 3854 1108 3898 non
1150 3840 1253 3898 est
1295 3832 1466 3915 quod
1517 3832 1726 3897 multa
1782 3831 2088 3897 dicamus.
2178 3831 2380 3896 Eruis
2433 3851 2589 3896 oves

649 3921 968 4006 plurimas
1011 3939 1047 3984 e
1090 3918 1388 4000 luporum
1432 3917 1744 3995 faucibus,
1797 3938 2102 3984 coronam
2156 3916 2589 3982 immarcessi-

648 4005 848 4072 bilem
891 4005 1010 4070 tibi
1063 4002 1236 4087 apud
1278 4002 1497 4068 Deum
1556 4004 1864 4069 contexis.
1954 4002 2146 4068 Nosti
2202 4002 2590 4067 Gebennam

647 4092 719 4156 in
782 4090 1079 4156 confiniis
1141 4110 1281 4155 esse
1346 4088 1634 4167 Galliae,
1697 4087 1956 4166 Italiae,
2021 4087 2447 4167 Germaniae,
2513 4096 2590 4152 ut

646 4197 889 4261 magna
945 4196 1093 4258 spes
1149 4175 1239 4239 sit
1292 4174 1536 4239 isthinc
1592 4173 2000 4258 evangelium
2056 4172 2254 4238 latius
2310 4173 2378 4237 in
2432 4193 2586 4238 con-

646 4263 963 4328 terminas
1038 4259 1231 4325 urbes
1306 4258 1798 4339 disseminandi,
1878 4269 1944 4324 et
2004 4258 2335 4341 pomoeria
2397 4258 2588 4341 regni

646 4346 899 4415 Christi
957 4344 1329 4429 ampliandi.
1416 4344 1608 4410 Nosti
1665 4344 2029 4428 apostolum
2085 4344 2207 4409 sibi
2268 4342 2585 4428 delegisse

647 4431 1038 4515 metropoles
1078 4432 1148 4495 in
1192 4430 1426 4515 quibus
1468 4429 1856 4513 praedicarit
1906 4430 2181 4495 verbum
2238 4429 2582 4514 evangelii,

648 4539 734 4584 ex
774 4517 1006 4600 quibus
1046 4516 1234 4582 facile
1275 4517 1345 4580 in
1388 4516 1550 4580 alias
1605 4516 1798 4582 urbes
1840 4515 2152 4580 finitimas
2198 4512 2580 4580 dimanaret.

649 4600 991 4687 Quantum
1033 4622 1186 4667 vero
1229 4622 1432 4686 regno
1475 4599 1726 4666 Christi
1767 4624 1847 4668 ex
1906 4600 2026 4667 hac
2086 4601 2247 4666 urbe
2304 4600 2584 4666 adiicere

648 4709 847 4773 queas
879 4688 900 4751 i
951 4708 1021 4753 se
1054 4687 1286 4752 melius
1320 4687 1514 4766 nosti,
1557 4708 1692 4752 non
1727 4685 2158 4770 praedicando
2194 4684 2422 4764 solum,
2467 4685 2585 4751 sed

648 4782 717 4839 et
778 4773 907 4841 scri
989 4772 1132 4837 ndo.
1239 4772 1424 4839 Haec
1489 4781 1672 4852 sunt,
1737 4773 1828 4837 mi
1898 4771 2169 4851 Calvino,
2234 4791 2398 4855 quae
2464 4793 2584 4836 nos

647 4866 918 4927 movent
957 4864 1032 4923 ut
1072 4864 1138 4923 te
1179 4877 1501 4942 rogemus,
1551 4858 1976 4935 obsecremus,
2036 4856 2453 4934 obtestemur,
2499 4879 2584 4923 ne

648 4945 1055 5012 vocationem
1097 4942 1284 5021 hanc,
1334 4965 1530 5027 quam
1564 4965 1604 5008 a
1636 4943 1921 5009 Domino
1965 4964 2107 5008 esse
2149 4962 2283 5006 non
2327 4941 2583 5007 dubita-

648 5051 815 5111 mus,
860 5048 997 5095 non
1038 5027 1312 5107 reiicias,
1355 5028 1469 5094 sed
1510 5029 1965 5095 incunctanter
2006 5036 2074 5094 et
2115 5028 2358 5110 absque
2402 5048 2585 5092 mora

765 5116 958 5182 uaris.
1065 5112 1131 5179 N
1131 5134 1204 5180 ec
1269 5113 1465 5180 dubia
1526 5122 1629 5180 est
1694 5113 1862 5198 apud
1930 5134 2051 5180 nos
2114 5112 2275 5179 fides
2339 5120 2453 5178 tua
2516 5120 2584 5178 et

650 5221 736 5267 vo
763 5208 975 5281 untas,
997 5197 1113 5266 sed
1133 5206 1502 5265 canentem
1520 5199 1712 5282 ultr0,
1757 5208 1830 5266 ut
1847 5201 2027 5267 ocius
2046 5200 2179 5279 fiat,
2221 5198 2582 5264 calcaribus

651 5284 1037 5369 quibusdam
1069 5284 1482 5369 impellimus.
1548 5285 1693 5352 Iam
1726 5306 1951 5371 preces
1978 5293 2048 5351 et
2078 5284 2582 5370 supplicationes

1366 5562 1391 5613 Ι

2204 391 2729 461 EPISTOLAE
2774 395 3112 457 294—295

4503 389 4622 452 188

2684 588 2946 644 nostras
2987 579 3160 663 apud
3196 587 3259 644 te
3294 576 3542 662 aliquid
3574 598 3763 662 posse
3798 597 4155 661 speramus.
4242 574 4390 643 Scis
4422 595 4626 658 quam

2684 674 2750 728 te
2793 686 3104 744 amemus,
3155 662 3310 748 quid
3352 665 3449 729 tui
3492 685 3688 730 causa
3722 672 3789 727 et
3820 664 3891 728 in
3926 664 4202 747 gratiam
4237 672 4420 728 tuam
4453 663 4624 728 face-

2684 771 2936 830 remus,
3001 752 3126 816 scis
3188 772 3385 833 quam
3442 759 3508 814 te
3562 749 3993 832 suspiciamus
4047 757 4114 813 et
4169 748 4491 825 colamus,
4559 754 4626 813 et

2684 846 2950 919 propter
3014 837 3185 901 dona
3246 836 3361 900 illa
3424 838 3687 920 egregia
3752 834 3869 898 tibi
3934 855 3974 898 a
4036 834 4326 899 Domino
4390 832 4627 898 collata

2683 942 3116 987 revereamur.
3204 922 3332 986 Tui
3367 932 3586 986 autem
3621 920 3736 999 illi,
3785 921 4007 1002 tuique
4051 919 4334 985 nominis
4377 917 4625 984 studio-

2685 1008 2956 1085 sissimi,
3023 1017 3089 1072 et
3144 1007 3562 1073 ecclesiarum
3618 1027 3692 1072 ac
3745 1006 4045 1070 veritatis
4098 1005 4502 1083 amicissimi,
4559 1012 4625 1070 te

2683 1093 2948 1156 fratrem
2995 1101 3062 1157 et
3104 1093 3383 1158 amicum
3429 1102 3727 1158 nostrum
3761 1111 4023 1156 oramus
4047 1112 4121 1156 ac
4145 1112 4260 1173 per
4282 1089 4629 1156 Christum

2683 1178 3111 1243 obtestamur:
3157 1200 3316 1261 quos
3359 1187 3795 1256 contemnere,
3842 1178 4076 1261 quibus
4098 1176 4412 1260 refragari
4437 1184 4628 1258 turpe

2685 1264 2898 1328 fuerit.
2964 1262 3321 1347 Speramus
3352 1264 3528 1328 enim
3567 1273 3635 1329 et
3666 1283 3783 1327 nos
3820 1285 3953 1326 non
3985 1263 4161 1328 omni
4184 1272 4366 1345 parte
4391 1262 4627 1344 spiritu

2686 1350 2813 1413 Dei
2859 1370 3094 1415 vacuos
3130 1359 3196 1414 et
3229 1372 3314 1414 ex
3349 1371 3543 1416 carne
3579 1357 3840 1413 tantum
3875 1348 4231 1414 consulere.
4321 1349 4425 1413 'ru
4463 1348 4626 1426 vale,

2685 1434 2889 1499 frater
2931 1436 3000 1499 in
3046 1436 3329 1499 Domino
3373 1456 3630 1517 semper
3671 1434 4094 1511 observande,
4149 1445 4217 1498 et
4269 1454 4385 1516 pro
4442 1432 4628 1499 nobis

2686 1541 2948 1603 precare
2994 1521 3228 1585 Deum.
3316 1522 3424 1587 Ex
3467 1522 3731 1603 Tiguro,
3782 1526 3841 1584 4.
3891 1519 4137 1603 Aprilis
4189 1524 4368 1583 1541.

3459 1784 3590 1789 —-—
3605 1782 3862 1790 ---—-—

3585 1963 3735 2031 295.

3052 2100 3403 2167 oALvm
3448 2104 3509 2166 A
3551 2101 4185 2170 RIOHEBOURG.
4220 2099 4266 2187 ι)

2841 2271 3063 2438 filiewre
3104 2273 3180 2337 de
3215 2274 3610 2339 condoleam
3652 2273 3696 2338 ὰ
3749 2274 4073 2340 l'occasion
4113 2275 4191 2339 de
4245 2274 4312 2339 la
4355 2276 4515 2339 mort
4554 2271 4634 2338 de

2688 2377 2801 2423 son
2915 2377 2963 2422 3.

2691 2528 2795 2593 (Le
2830 2532 2981 2582 texte
3015 2528 3244 2595 original
3289 2544 3350 2581 se
3383 2533 3576 2582 trouve
3619 2530 3753 2583 dans
3797 2546 3901 2583 une
3948 2546 4011 2583 co
4049 2531 4102 2584 ie
4135 2530 4310 2583 incom
4352 2529 4462 2583 l‘ete
4506 2545 4633 2584 con·

2690 2596 2876 2650 servee
2919 2596 2953 2649 a
2996 2598 3049 2649 la
3094 2597 3236 2650 Bibl.
3281 2598 3551 2651 nationale
3597 2598 3731 2652 Coll.
3770 2596 3966 2669 Dupuy
4060 2600 4128 2653 ol.
4165 2597 4281 2662 102,
4340 2600 4409 2652 01.
4444 2597 4527 2653 52.
4565 2627 4634 2638 -

2693 2666 2813 2719 Une
2849 2666 3156 2719 traduction
3205 2666 3370 2719 latine
3417 2684 3449 2718 a
3494 2666 3582 2720 ete
3637 2668 3854 2736 publice
3913 2685 4016 2737 par
4057 2665 4195 2721 Beze
4243 2667 4377 2720 Gen.
4423 2685 4476 2737 p.
4511 2665 4632 2734 280,

2691 2735 2848 2788 Laus.
2869 2751 2921 2803 p.
2940 2733 3025 2794 42,
3050 2735 3254 2787 Hanov.
3279 2752 3330 2804 p.
3351 2733 3437 2802 47,
3474 2734 3683 2789 Chouet
3699 2753 3751 2805 p.
3769 2734 3887 2801 384,
3929 2738 4103 2790 Amst.
4126 2754 4180 2806 p.
4209 2734 4323 2801 175,
4348 2738 4484 2790 mais
4507 2753 4634 2791 sans

2691 2804 2745 2856 la
2777 2809 2933 2856 note:
2972 2803 3070 2857 Ex
3100 2802 3315 2871 yallico.
3385 2805 3462 2856 Le
3497 2810 3648 2857 texte
3684 2806 3818 2857 latin
3851 2804 3987 2858 aete
4005 2805 4274 2858 retraduit
4291 2822 4358 2858 en
4383 2805 4630 2874 franceis,

2904 2873 3005 2925 Ed.
3041 2872 3110 2925 de
3144 2873 3334 2926 Berlin
3365 2889 3420 2941 p.
3456 2871 3539 2939 21,
3578 2879 3635 2926 et
3669 2890 3737 2926 en
3772 2874 3978 2942 anglais
4013 2875 4074 2928 Τ.
4108 2874 4149 2940 1,
4187 2891 4242 2943 p.
4276 2872 4427 2940 222.)

2864 3059 3106 3141 Quand
3149 3060 3245 3125 les
3302 3060 3637 3126 nouvelles
3690 3082 3797 3126 me
3849 3062 4073 3127 furent
4129 3063 4636 3144 premierement

2692 3155 3031 3231 apportees
3075 3145 3155 3211 de
3193 3146 3256 3212 la
3299 3158 3473 3211 mort
3518 3146 3596 3211 de
3641 3147 3913 3213 Maistre
3962 3145 4197 3214 Claude
4222 3156 4289 3213 et
4312 3147 4391 3213 de
4415 3155 4634 3215 vostre

2691 3233 2795 3298 fils
2840 3232 3054 3311 Leuis,
3095 3233 3157 3297 ie
3195 3253 3299 3298 me
3342 3240 3626 3317 trouvay
3680 3233 4015 3298 tellement
4057 3241 4202 3299 tout
4243 3234 4523 3317 esperdu
4565 3239 4635 3298 et

2691 3319 2920 3385 confus
2963 3339 3047 3382 en
3089 3339 3247 3383 mon
3302 3320 3535 3401 esprit,
3593 3340 3716 3401 que
3771 3340 3891 3402 par
3958 3319 4283 3403 plusieurs
4348 3320 4528 3385 iours
4570 3319 4634 3386 ie

2692 3425 2775 3469 ne
2829 3403 3098 3487 pouvois
3149 3403 3294 3468 rien
3348 3404 3509 3470 faire
3563 3405 3755 3470 sinon
3808 3405 4086 3489 pleurer.
4187 3406 4281 3470 Et
4337 3405 4633 3472 combien

2692 3510 2865 3572 quen
2910 3489 2977 3553 la
3019 3510 3327 3572 presence
3370 3488 3449 3555 de
3491 3490 3667 3555 Dieu
3710 3491 3773 3555 ie
3815 3512 3920 3556 me
3964 3492 4314 3557 confortois
4348 3511 4631 3557 aucune-

2692 3583 2874 3639 ment
2917 3582 2984 3639 et
3027 3575 3349 3658 soulagois
3391 3596 3513 3660 par
3584 3576 3678 3640 les
3738 3574 3915 3642 aides
3970 3576 4110 3660 quil
4167 3597 4331 3643 nous
4384 3577 4634 3642 foui-nit

2692 3681 2778 3725 en
2835 3670 3047 3743 temps
3090 3659 3495 3726 dadversite:
3555 3661 3893 3727 toutesfois
3948 3660 4192 3728 devant
4233 3663 4330 3727 les
4372 3684 4536 3748 gens
4579 3661 4632 3726 il

2691 3766 2797 3810 me
2861 3745 3163 3811 sembloit
3221 3766 3346 3829 quc
3401 3747 3463 3812 ie
3519 3748 3761 3813 nestois
3815 3748 3996 3830 point
4072 3768 4227 3833 moy
4287 3746 4630 3833 mesme.²)

2692 3832 2872 3896 Pour
2936 3851 3099 3915 vray
3165 3840 3372 3913 quant
3435 3853 3475 3896 a
3538 3842 3716 3898 toute
3789 3832 3857 3897 la
3917 3832 4246 3918 besongne
4311 3855 4435 3917 que
4498 3835 4631 3919 i’ay

2692 3924 3101 3982 aceoustume
3159 3915 3239 3982 de
3282 3917 3464 3997 faire,
3515 3917 3577 3983 ie
3634 3940 3718 3984 ne
3777 3940 3891 4002 my
3947 3920 4235 3984 trouvois
4292 3941 4428 3984 non
4480 3918 4629 4003 plus

2693 4001 2948 4085 dispose
2991 4023 3115 4085 que
3173 4004 3229 4068 si
3286 4004 3497 4069 ieusse
3553 4010 3689 4069 este
3743 4026 3834 4068 un
3889 4003 4150 4069 homme
4205 4004 4379 4069 demi
4434 4012 4624 4070 mort.

2693 4087 2825 4153 Car
2882 4086 3020 4152 dun
3073 4096 3249 4154 coste
3303 4089 3363 4153 ie
3420 4111 3527 4154 me
3579 4090 3948 4155 contristois
3993 4091 4241 4155 d’avoir
4285 4089 4492 4172 perdu
4536 4112 4630 4155 un

2690 4173 2746 4238 si
2793 4172 2923 4238 bon
2965 4182 3031 4238 et
3074 4173 3264 4239 fidele
3309 4196 3480 4259 amy,
3540 4196 3622 4240 au
3676 4183 3887 4258 temps
3942 4197 4026 4240 ou
4087 4175 4136 4239 il
4195 4197 4362 4241 nous
4415 4177 4629 4243 faisoit

2689 4257 2835 4341 plus
2879 4258 2958 4324 de
3004 4259 3299 4343 besoing:
3352 4261 3534 4325 voire
3589 4283 3680 4325 un
3739 4282 4149 4345 personnage
4205 4282 4363 4327 avec
4415 4262 4630 4346 lequel

2686 4344 2890 4410 iavois
2947 4345 3001 4410 si
3067 4344 3315 4429 grande
3370 4346 3741 4412 familiarite
3800 4346 3938 4430 quil
3984 4354 4134 4412 nest
4176 4368 4295 4431 pas
4342 4347 4628 4432 possible

2754 4613 2890 4677 295.
2944 4616 3003 4683 l)
3060 4617 3447 4673 Geatt'lhomme
3500 4617 3773 4685 francais,
3843 4617 4125 4673 d'nz'lleurs
4173 4620 4428 4685 incorum,
4494 4620 4630 4676 dont

2687 4683 2829 4738 deux
2879 4685 2971 4751 fils
3011 4684 3314 4740 e'tudiaient
3363 4688 3401 4741 ὰ
3457 4685 3788 4754 Strasboury
3851 4702 3980 4741 sous
4034 4688 4090 4741 la
4142 4687 4408 4744 directions
4447 4690 4624 4757 parti-

2686 4754 2881 4833 culiere
2914 4754 2982 4807 de
3018 4752 3220 4810 Claude
3256 4754 3409 4810 Fira
3446 4796 3460 4822 ,
3503 4762 3642 4809 mort
3686 4771 3764 4836 epo·
3796 4754 3960 4809 meme
4003 4762 4175 4837 τουπ-με
4216 4773 4318 4827 que
4364 4757 4480 4812 l’tm
4515 4758 4628 4841 ‘des

2674 4822 3258 4974 &2⁹34quss
3247 4824 3333 4948 ἐξ
3365 4823 3760 4972 αῗῗὲἅιιΡέῗ
3809 4825 3979 4957 ...ἐξ
4015 4824 4368 4959 ἒῗώωαῗιΐ
4417 4826 4629 4951 mit

2688 4959 2891 5014 colom
2923 4974 2991 5013 en
3037 4962 3293 5030 Vtrqtnie.
3366 4960 3595 5030 (Wetss,
3642 4961 3766 5015 lazet.
3817 4961 3912 5016 des
3955 4958 4194 5031 re'fuqie's
4231 4962 4277 5016 Ι.
4316 4963 4350 5018 3
4388 4963 4434 5018 9.
4470 4963 4624 5029 430.)

2685 5027 2828 5082 Bere
2861 5042 2919 5081 se
2951 5034 3157 5097 trompe
3190 5044 3258 5083 en
3291 5035 3516 5084 mertam
3547 5030 3604 5083 la
3636 5030 3787 5084 lettre
3831 5047 3899 5085 ea
3947 5028 4096 5084 1540.
4180 5032 4355 5102 Voyez
4403 5034 4476 5087 N.
4520 5033 4627 5089 290

2684 5101 2735 5149 et
2766 5095 2825 5150 la
2856 5096 3008 5151 lettre
3040 5115 3141 5165 que
3179 5097 3565 5153 Me'lanchthon
3604 5097 3812 5167 joiqnit
3844 5101 3882 5155 ὰ
3913 5101 4039 5154 celle
4071 5099 4137 5154 de
4188 5099 4382 5155 Calvia
4430 5102 4625 5173 (Gor-p.

2688 5163 2813 5230 Bes.
2851 5163 2961 5287 lg.
2989 5164 3119 5233 239)
3154 5168 3227 5222 οὑ
3258 5166 3827 5236 eepeadaatlesnoms
3853 5170 4625 5238 propreeeontriddeulomm

2886 5300 2948 5369 2)
2983 5302 3159 5357 nullus
3191 5302 3306 5357 fere
3341 5319 3489 5358 eram
3523 5303 3578 5371 (1
3613 5321 3724 5359 was
3758 5305 3955 5361 almost
3989 5322 4023 5359 a
4057 5307 4387 5379 nonentity.)
