5050 6167
543 391 671 456 819

541 576 663 643 flat
704 575 867 642 satis
906 575 1182 644 candide
1225 581 1342 642 ant
1380 597 1517 643 non
1572 575 1734 643 satis
1775 573 2153 659 'prudenter
2194 571 2277 639 'ad
2322 572 2501 640 aedi-

540 662 911 728 ficationem
954 662 1361 740 institutum,
1420 664 1544 729 hoe
1601 661 1955 728 emendent
1993 662 2230 727 fratres
2272 659 2498 726 corda-

541 747 773 814 tiores:
834 769 996 831 opus
1051 768 1211 817 vero
1255 748 1380 816 hoe
1423 757 1559 813 tam
1605 760 1904 814 sanetum
1951 757 2018 812 et
2060 747 2349 812 salutare
2392 767 2498 812 ec-

539 832 758 900 clesiis
826 841 1173 918 propterea
1238 856 1325 900 ne
1388 835 1832 900 intermittant
1896 853 2065 898 neve
2139 830 2496 897 fastidiant.

536 918 930 985 Institutum
976 920 1097 985 hoe
1140 929 1452 1004 pervetus
1494 928 1615 999 est,
1662 919 1794 985 imo
1829 917 1988 983 dum
2025 917 2335 984 eeclesiae
2370 921 2498 984 rite

538 1003 1169 1072 administrabantur
1211 1017 1621 1090 perpetuum,
1666 1007 1734 1069 in
1770 1005 2073 1070 omnibus
2117 1001 2386 1090 synodis
2431 1013 2499 1068 et

538 1090 1022 1157 visitationibus
1045 1092 1461 1158 ecelesiarum
1491 1091 1796 1176 religiose
1817 1090 2256 1168 observatum,
2293 1108 2496 1173 quare

537 1196 579 1242 a
621 1177 856 1261 spiritu
900 1186 1128 1243 sancto
1170 1179 1532 1261 profectum
1569 1175 1866 1243 dubitare
1908 1175 2350 1260 irreligiosum
2387 1176 2493 1255 sit,

535 1263 920 1346 praesertim
961 1285 1163 1347 quum
1206 1273 1345 1329 tam
1399 1264 1572 1329 clare
1626 1269 1851 1346 pateat
1892 1273 2213 1345 quantum
2257 1260 2341 1326 ad
2385 1282 2494 1325 ae-

534 1345 975 1415 dificationem
1038 1350 1300 1433 pietatis
1364 1351 1672 1416 conferat.
1781 1348 1934 1414 Dici
1999 1350 2290 1430 profecto
2357 1368 2492 1412 non

534 1440 750 1518 potest
802 1456 1000 1520 quam
1052 1436 1342 1502 salutare
1394 1436 1483 1500 sit
1535 1437 1770 1500 tratres
1828 1435 1899 1499 in
1955 1434 2241 1499 Domino
2296 1454 2491 1516 saepe

533 1521 885 1585 convenire
928 1529 996 1585 et
1036 1542 1231 1606 agere
1284 1520 1350 1586 id
1395 1518 1567 1604 quod
1610 1540 1807 1604 agere
1849 1541 2108 1603 semper
2152 1518 2486 1594 debemus,

531 1615 611 1669 ut
649 1605 1024 1671 instaurent
1064 1628 1135 1672 so
1178 1607 1249 1672 in
1290 1606 1554 1690 pietate,
1599 1606 1672 1671 in
1718 1608 1858 1671 vita
1898 1607 2046 1684 Dei,
2093 1605 2267 1688 quod
2312 1615 2489 1670 certe

530 1689 674 1756 sine
718 1691 854 1756 aeri
895 1692 1280 1758 excussione
1332 1692 1876 1759 conscientiarum
1933 1700 2001 1757 et
2057 1693 2233 1757 vitae
2275 1691 2490 1757 cuius-

529 1775 694 1841 libet
732 1777 880 1842 fieri
922 1797 1056 1842 non
1100 1785 1329 1860 potest.
1418 1777 1804 1863 Cogitemus
1860 1799 2029 1862 quae
2074 1777 2163 1843 sit
2218 1786 2285 1842 et
2326 1777 2486 1859 quid

527 1861 751 1927 valeat
825 1864 1325 1930 communicat-io
1403 1864 1847 1930 membrorum
1928 1861 2208 1941 Christi,
2288 1884 2484 1945 quam

529 1948 727 2012 etiam
791 1948 1174 2031 simpliciter
1235 1950 1310 2015 in
1366 1960 1716 2033 conspectu
1775 1949 2048 2014 Domini
2110 1950 2182 2014 in
2247 1949 2486 2015 talibus

526 2033 818 2099 coetibus
860 2035 1291 2118 praesidentis
1330 2056 1525 2120 agere
1569 2043 1894 2119 oporteat,
1956 2054 2151 2120 qnam
2196 2033 2376 2099 nuda
2419 2043 2487 2099 et

525 2127 774 2184 retecta
817 2140 960 2186 esse
1002 2121 1223 2186 omnia
1278 2135 1503 2187 nostra
1544 2122 1912 2187 conveniat.
2001 2119 2330 2187 Dominus
2373 2119 2486 2185 det

523 2203 734 2282 vobis,
776 2205 1169 2288 optatissimi
1213 2208 1465 2287 fratres,
1510 2217 1580 2273 et
1611 2208 1684 2272 in
1723 2206 1846 2273 hae
1867 2215 1936 2272 et
1957 2206 2031 2271 in
2051 2205 2249 2272 rebus
2270 2207 2481 2271 omni-

523 2289 646 2355 bus
666 2290 916 2357 Christi
959 2290 1140 2358 idem·
1178 2300 1248 2358 et
1286 2294 1532 2359 sentire
1566 2305 1636 2359 et
1667 2291 1862 2376 loqui,
1905 2299 1974 2358 et
2004 2294 2249 2359 sentire
2285 2302 2482 2374 atque

523 2373 705 2458 loqui
746 2398 913 2460 quae
955 2379 1092 2443 sint
1132 2387 1349 2444 certae
1390 2378 1858 2446 aedificationis
1916 2386 1985 2444 et
2036 2379 2328 2443 sincerae
2372 2398 2479 2442 ca-

525 2461 770 2541 ritatis,
837 2482 1003 2547 quae
1068 2463 1166 2529 ita
1227 2463 1685 2548 complectitur
1735 2465 2176 2530 commembra
2230 2461 2480 2529 Christi

524 2548 763 2626 omnia,
809 2558 884 2614 ut
916 2549 1150 2634 cuique
1183 2556 1407 2616 tamen
1443 2571 1637 2617 suum
1680 2561 1901 2616 actum
1935 2549 2188 2614 tribuat
2221 2558 2288 2615 et
2322 2569 2478 2615 eon-

522 2643 759 2700 servet.
847 2632 1216 2701 Coniuncta
1268 2637 1446 2702 enim
1502 2657 1644 2703 esse
1686 2635 1954 2714 debent,
2006 2636 2280 2702 confusa
2334 2655 2479 2701 esse

519 2737 655 2783 non
699 2717 957 2787 debent.
1046 2719 1253 2788 Orate
1307 2743 1428 2807 pro
1482 2722 1674 2788 nobis
1715 2729 1784 2786 et
1822 2730 2049 2788 nostro
2091 2720 2476 2787 ministerio.

520 2800 1005 2957 Optamusuvos
1048 2808 1294 2892 optime
1334 2806 1575 2875 valere.
1662 2807 1918 2874 Datum
1953 2812 2054 2873 29.
2091 2806 2480 2875 Decembris

517 2907 693 2957 anno
740 2897 816 2957 15
906 2941 923 2958 .

825 3027 912 3095 D.
960 3028 1215 3112 Caspar
1254 3029 1490 3097 Hedio.

825 3115 912 3182 D.
958 3115 1141 3181 Mart
1189 3135 1224 3179 r
1257 3115 1689 3183 Florentinus
1728 3115 2056 3199 professor
2088 3114 2475 3201 theologiae.

827 3200 1113 3266 'I'heobal
1167 3222 1242 3266 us
1284 3201 1478 3287 Nigri
1520 3201 1847 3286 parochus
1890 3200 1962 3269 S.
2008 3202 2193 3268 Petri
2237 3222 2374 3268 sen.

823 3286 1077 3354 Paulus
1116 3287 1368 3371 Fagius
1411 3303 1632 3370 pastor
1674 3286 1746 3353 S.
1791 3287 1976 3354 Petri
2009 3287 2306 3352 iunioris.

823 3370 1109 3439 Ioannes
1152 3372 1298 3439 Len
1349 3373 1526 3440 linus
1596 3383 1819 3458 pastor
1882 3372 1955 3440 S.
2024 3372 2390 3440 wilhelmi.

821 3457 1246 3610 {ungamus
1371 3459 1631 3526 ollanus
1688 3458 1990 3526 minister
2040 3458 2192 3525 eocl.
2253 3459 2467 3545 gallic.

899 3593 916 3610 .
1025 3564 1277 3611 ucerus.

1167 3814 1356 3872 USUS
1389 3813 1815 3872 ECOLESIAE.

509 3933 835 4006 (Appendix
891 3939 978 3990 est
1064 3934 1404 3990 raeeedentis
1455 3934 1797 4002 documenti,
1856 3934 2008 3989 cuius
2070 3934 2179 3990 due
2243 3937 2463 3988 exstant

506 4005 840 4075 exemplaria
874 4005 931 4058 in
968 4004 1030 4058 Bi
1070 4004 1109 4058 1.
1145 4004 1521 4070 Neoeomeusi,
1556 4005 1788 4059 alterum
1824 4004 1859 4058 l.
1894 4005 1929 4058 1.
1965 4004 2069 4058 sub
2089 4004 2156 4058 N.
2199 4000 2265 4056 17
2299 4020 2461 4057 manu

504 4073 847 4127 amanuensis
868 4075 1242 4128 exaratumita
1251 4080 1315 4127 ut
1336 4074 1563 4144 singulis
1576 4082 1757 4129 textus
1770 4074 2051 4143 particulis
2062 4087 2196 4140 quas
2219 4071 2459 4127 habuisti

504 4154 674 4211 supra
708 4142 778 4196 N.
816 4139 920 4196 580
964 4142 1061 4196 sed
1105 4143 1270 4213 paulo
1304 4143 1468 4197 aliter
1511 4150 1802 4213 conceptas
1848 4151 1907 4196 et
1940 4141 2071 4195 hiet
2110 4140 2195 4209 pis
2228 4142 2459 4195 cursivis

503 4223 810 4279 expressas,
846 4210 1120 4264 addantur
1159 4211 1357 4265 Bueeri
1391 4212 1772 4266 annotationes
1806 4216 2070 4279 autograp
2110 4226 2189 4274 ae,
2225 4210 2458 4265 alterum

585 4294 750 4332 manu
783 4279 986 4333 Farelli
1020 4280 1284 4350 scriptum
1319 4279 1390 4334 ad
1424 4281 1627 4335 calcem
1658 4278 2036 4351 praecedentis
2069 4278 2376 4347 epistolae.)

685 4430 975 4512 Censura
1021 4434 1115 4500 ita
1156 4434 1506 4519 perayitur.
1610 4430 1965 4498 censendus
2019 4432 2230 4516 eyn-edi
2284 4433 2457 4499 iube-

502 4519 642 4584 tur.-
682 4538 804 4601 quo
845 4538 1087 4603 egresso
1115 4522 1281 4602 petit
1311 4520 1585 4586 decanus
1627 4538 1672 4583 a
1711 4519 1940 4583 vicinis
1980 4519 2270 4586 censendi
2301 4519 2460 4600 quid

501 4606 714 4670 norint
751 4605 821 4670 in
860 4607 1065 4688 fratre
1107 4607 1271 4687 quod
1299 4603 1531 4686 palam
1573 4603 1841 4686 offendat
1882 4603 2201 4670 ecclesiam
2217 4654 2234 4684 ,
2292 4607 2460 4672 unde

499 4688 890 4770 impediatur
923 4691 1273 4774 aedificatio
1306 4691 1594 4758 ecelesiae
1626 4694 1683 4754 ct
1712 4690 2002 4771 pastoris
2034 4690 2459 4757 ministerium

498 4774 940 4859 vilipendatur,
983 4782 1116 4844 tum
1148 4781 1407 4858 propter
1449 4777 1663 4858 speum
1703 4781 1837 4841 tum
1864 4779 2129 4860 propter
2168 4796 2334 4842 suos.

670 4947 822 5014 Hoc
864 4969 997 5013 non
1040 4946 1417 5013 dubitamus
1452 4967 1594 5013 esse
1637 4947 1977 5031 proprium
2021 4947 2306 5014 officium
2341 4970 2456 5015 ve-

496 5052 613 5098 rae
652 5034 947 5100 caritatis
991 5043 1059 5099 et
1110 5035 1583 5100 communionis
1637 5033 2191 5117 praestantiorum
2245 5055 2455 5099 mem-

496 5117 763 5184 brorum
809 5119 879 5185 in
926 5140 1192 5202 corpore
1235 5119 1508 5200 Christi,
1563 5119 2168 5186 administrantium
2210 5121 2458 5187 scilicet

495 5204 881 5289 religionem
924 5205 1178 5271 Ch'risti
1234 5216 1301 5271 et
1345 5217 1519 5272 recto
1571 5207 1930 5272 zelantium
1984 5226 2105 5291 pro
2162 5207 2453 5288 eeclesia,

495 5295 575 5354 ut
614 5292 1027 5359 ministretur
1066 5294 1129 5358 ei
1171 5290 1257 5358 ad
1298 5291 1835 5361 aedificationem.

2090 381 2621 453 EPISTOLAE
2667 389 3007 452 597-598

4433 386 4564 453 820

2775 573 3050 642 Demum
3099 574 3444 659 yeneratim
3501 572 3582 641 ab
3636 573 3789 639 aliie
3827 572 4073 656 petitur
4126 573 4284 655 quid
4335 578 4562 655 putent

2604 660 2867 745 dignum
2909 662 3091 726 cuius
3119 661 3325 744 frater
3364 660 3791 726 admoneatur.
3897 658 4020 726 Ubi
4075 679 4285 725 omnes
4322 660 4560 743 suffra-

2600 747 2780 830 gium
2821 748 3107 825 tulerint,
3162 752 3447 814 evocatur
3498 746 3701 829 frater
3751 750 3809 810 et
3861 746 4049 811 iuxta
4105 745 4392 812 conclusa
4435 766 4559 829 per

2599 833 2833 915 fratres
2873 833 3139 899 candide
3179 838 3236 899 et
3277 834 3473 898 amice
3514 833 3876 898 admonetur
3913 836 3985 897 ut
4024 836 4235 898 sancte
4275 831 4556 915 officium

2598 919 2799 1001 faciat
2840 923 2897 984 et
2937 917 3254 985 ecclesiam
3295 917 3595 1000 aedificet.

2774 1087 3083 1156 Christus
3125 1087 3456 1155 Dominus
3493 1096 3595 1154 est
3635 1089 3704 1154 in
3749 1086 3965 1154 medio
4008 1109 4234 1154 eorum
4277 1088 4390 1171 qui
4434 1108 4555 1154 suo

2598 1177 2866 1242 nomine
2908 1176 3332 1253 conveniunt,
3377 1196 3579 1259 quare
3613 1195 3747 1239 non
3786 1172 4161 1241 dubitamus
4204 1175 4401 1240 istam
4436 1173 4554 1239 ad·

2599 1263 3021 1328 monitionem
3096 1263 3362 1328 nomine
3426 1263 3721 1326 omnium
3784 1262 3917 1327 imo
3983 1260 4235 1327 Christi
4312 1260 4554 1327 factam

2596 1369 2994 1434 magnopere
3036 1349 3364 1414 efficacem
3407 1367 3570 1412 esse.

2766 1432 3073 1499 Adducta
3107 1455 3226 1516 per
3258 1434 3825 1498 contradicentem.
3916 1429 4224 1498 correctio
4262 1432 4555 1514 fraterna

2594 1524 2687 1585 est
2735 1525 2913 1586 actus
2965 1519 3255 1586 caritatis
3310 1529 3428 1585 etc.
3530 1519 3812 1584 Verum:
3880 1517 3997 1583 sed
4061 1516 4261 1583 duces
4324 1515 4555 1601 populi

2593 1606 2722 1671 Dei
2767 1603 3008 1671 debent
3051 1606 3119 1670 in
3166 1604 3560 1689 praestando
3604 1605 3726 1671 hoe
3769 1603 3981 1669 officio
4016 1603 4308 1669 caritatis
4346 1624 4552 1686 quum

2593 1713 2753 1775 erga
2792 1713 3019 1758 omnes
3063 1703 3204 1756 tum
3243 1692 3527 1755 maxime
3562 1712 3722 1774 erga
3755 1710 3826 1755 se
3861 1690 4165 1764 invicem,
4211 1709 4372 1772 quos
4408 1708 4550 1753 om-

2593 1779 2778 1843 nium
2821 1777 3374 1861 inculpatissimos
3417 1797 3559 1841 esse
3602 1783 3875 1859 oportet,
3921 1775 4067 1840 aliis
4110 1776 4384 1858 praeire.

2766 1862 3176 1944 Praeceptum
3236 1866 3557 1945 fraternae
3621 1863 4011 1928 correctionis
4050 1874 4172 1927 ete.
4268 1858 4545 1926 Verum:

2589 1955 2811 2014 tamen
2856 1950 3017 2015 adeo
3062 1948 3413 2031 diligenter
3456 1947 3897 2015 adhibendum
3946 1957 4047 2012 est
4087 1946 4213 2012 hoe
4252 1945 4549 2012 caritatis

2588 2036 2874 2100 officium
2920 2045 2997 2099 ut
3036 2035 3329 2118 plerique
3372 2035 3510 2100 sint
3552 2045 3619 2099 et
3650 2035 4029 2117 importune
4072 2042 4140 2098 et
4179 2043 4548 2116 opportune

2587 2120 2995 2203 obiurgandi.

2761 2206 2999 2272 Licebit
3027 2206 3228 2290 igitur
3268 2206 3695 2273 correctionem
3729 2210 3849 2270 etc.
3917 2203 4103 2270 Haec
4137 2222 4544 2287 consequen-

2583 2293 2679 2357 tia
2722 2291 3042 2375 quomodo
3085 2292 3330 2358 valeat:
3388 2312 3524 2356 non
3568 2299 3672 2355 est
3715 2311 3976 2356 neeesse
4016 2291 4287 2355 fratrem
4332 2286 4545 2373 quoli-

2585 2379 2695 2445 bet
2740 2389 3032 2461 tempore
3076 2399 3359 2456 monere,
3404 2397 3562 2462 ergo
3607 2376 3830 2441 licebit
3869 2373 4095 2440 nullo?
4182 2375 4366 2439 Dum
4408 2375 4544 2439 fra-

2585 2472 2688 2529 ter
2731 2472 2833 2531 est
2872 2473 2940 2529 et
2980 2471 3211 2548 peccat
3252 2471 3426 2529 reete
3467 2461 3836 2527 monendus
3875 2472 3993 2538 est,
4052 2469 4122 2526 et
4162 2481 4360 2543 quam
4404 2457 4542 2543 pri-

2586 2568 2765 2616 mum
2831 2549 2900 2615 id
2965 2570 3118 2615 cum
3181 2570 3297 2633 spe
3351 2549 3571 2632 aliqua
3633 2545 4027 2613 emendandi
4091 2546 4303 2612 facere
4363 2544 4537 2611 licet.

2585 2634 2775 2718 Quae
2820 2658 2851 2701 s
2900 2656 2971 2701 es
3024 2636 3220 2701 etiam
3276 2634 3487 2719 magis
3539 2634 3613 2699 in
3656 2632 3785 2698 Dei
3844 2633 4032 2698 iussu
4074 2652 4272 2713 quam
4313 2629 4541 2696 fratris

2583 2741 2836 2788 commo
2886 2722 3042 2786 itate
3085 2718 3387 2804 ponenda
3434 2728 3551 2787 est.
3640 2717 3975 2799 Quaerere
4016 2716 4189 2801 quod
4230 2716 4429 2800 periit
4469 2720 4543 2782 et

2582 2828 2848 2874 servare
2869 2828 3033 2889 opus
3068 2817 3188 2884 est,
3233 2805 3407 2890 quod
3451 2805 3715 2871 differre
3759 2825 3916 2869 vera
3958 2803 4201 2869 caritas
4242 2824 4375 2868 non
4416 2823 4536 2886 pa·

2584 2895 2761 2959 titur.
2848 2892 3039 2958 Finis
3103 2911 3364 2975 quoquo
3422 2889 4145 2959 huius.admonitionis
4199 2908 4335 2953 non
4392 2887 4536 2955 sola

2580 2978 2807 3044 fratris
2849 2976 3218 3044 emendatio
3260 2984 3381 3058 est,
3427 2997 3663 3045 verum
3698 2976 3897 3040 etiam
3931 2973 4314 3058 disciplinae
4356 2993 4533 3040 eom-

2581 3065 2799 3130 munis
2840 3064 3266 3131 conservatio.

2751 3150 2955 3216 lusda
3000 3147 3237 3216 christi
3270 3151 3669 3232 praeceptum
3712 3153 3832 3211 otc.
3920 3144 4178 3211 Verum
4212 3146 4284 3211 in
4315 3144 4533 3212 occul-

2579 3235 2681 3301 tis.
2770 3236 2951 3303 Talis
3007 3245 3231 3301 tamon
3286 3233 3493 3300 sancti
3553 3242 3622 3298 et
3675 3230 3973 3298 arctioris
4029 3241 4285 3310 coetus,
4343 3233 4533 3298 cuius

2576 3342 2720 3388 esse
2763 3318 2957 3388 debet
2995 3341 3133 3386 una
3174 3320 3396 3385 anima
3437 3317 3681 3384 nedum
3723 3339 3936 3383 unum
3988 3338 4117 3397 eor,
4175 3316 4532 3384 admonitio

2575 3426 2617 3471 a
2657 3427 2816 3473 vere
2868 3408 2980 3491 pio
3035 3405 3242 3469 fratre
3290 3424 3424 3471 non
3480 3413 3696 3488 potest
3747 3403 3942 3469 aliter
3996 3423 4193 3486 quam
4246 3402 4330 3469 ab
4385 3402 4530 3487 ipso

2574 3491 2846 3560 Christo
2887 3490 3182 3574 profecta
3230 3489 3468 3574 excipi,
3523 3489 3773 3574 gratior
3826 3499 4012 3556 tanto
4055 3489 4350 3574 qualibet
4387 3487 4528 3574 pri-

2576 3588 2746 3645 vata.

2750 3661 3056 3744 Quisquis
3117 3659 3471 3728 christiana
3521 3661 3782 3728 caritate
3834 3660 4118 3743 afficitur
4170 3667 4295 3728 ete.
4393 3660 4528 3727 Hic

2569 3745 2894 3831 cogitetur
2967 3745 3128 3829 quid
3204 3745 3382 3813 dicat
3456 3748 3728 3831 spiritus
3803 3758 4100 3813 sanetus:
4179 3757 4525 3832 peccantes

2565 3853 2786 3899 coram
2829 3831 3134 3898 omnibus
3178 3833 3606 3916 reprehende.
3694 3834 3944 3899 Tamen
3987 3833 4228 3899 caritas
4277 3843 4347 3898 et
4387 3831 4526 3917 pri-

2568 3919 2770 3983 vatim
2813 3918 3159 3984 conabitur
3195 3918 3477 3984 fratrum
3535 3919 3885 3984 manifesta
3936 3918 4215 3985 vulnera
4266 3939 4521 3985 sanare.

2567 4003 2793 4069 Talem
2850 4014 3074 4069 tamen
3128 4014 3199 4070 et
3254 4014 3388 4069 tam
3444 4005 3775 4088 propriam
3829 4004 4158 4087 primariis
4209 4003 4525 4072 membris

2565 4090 2635 4155 in
2697 4089 2947 4156 Christi
3012 4110 3284 4174 corpore
3347 4090 3884 4170 admonitionem,
3950 4111 4117 4173 quae
4181 4112 4301 4175 per
4361 4088 4526 4158 cleri

2565 4185 2823 4242 coetum
2882 4176 3023 4241 fieri
3082 4175 3292 4254 debet,
3349 4176 3479 4241 nisi
3535 4177 3730 4260 plane
3793 4188 4152 4244 correctum
4208 4178 4301 4243 sit
4352 4174 4525 4260 quod

2567 4272 2906 4345 peccatum
2951 4261 3080 4327 fuit
3122 4282 3199 4328 ac
3233 4261 3545 4329 ccclesiae
3582 4284 3836 4346 quoquo
3858 4262 4287 4343 satisfactum,
4330 4268 4526 4328 nemo

2569 4369 2722 4414 vero
2765 4347 3049 4430 diligens
3091 4348 3452 4425 Christum,
3497 4349 3856 4428 ecclesiam,
3901 4347 4192 4429 fratrem,
4237 4369 4371 4414 non
4415 4348 4524 4433 pia

2565 4437 2687 4499 sua'
2727 4430 3053 4499 delatione
3091 4433 3528 4500 adhibendam
3572 4435 3845 4501 curabit.

2741 4519 2891 4584 Non
2932 4523 3022 4585 est
3060 4521 3321 4601 quaevis
3369 4521 3621 4587 ecclesia
3654 4534 3773 4586 etc.
3865 4521 3960 4585 At
3989 4521 4176 4587 euius
4211 4518 4520 4587 ecelesiae

2566 4624 2720 4670 vere
2765 4603 3189 4672 Christianus
3231 4605 3597 4672 membrum
3645 4627 3774 4672 non
3820 4613 3939 4685 est,
3995 4605 4339 4691 collegium
4393 4604 4519 4671 mi-

2562 4691 2922 4756 nistrorum
2961 4691 3271 4757 ecclesiae
3305 4694 3528 4777 utiquo
3561 4692 3835 4759 ecclesia
3859 4699 3979 4758 est.
4047 4692 4282 4758 Partes
4314 4691 4518 4759 eecle-

2562 4776 2700 4842 siae
2758 4777 3198 4861 homogeneae
3241 4785 3413 4845 sunt.
3505 4777 3780 4862 Collega
3833 4777 4103 4859 collegis
4145 4777 4518 4844 membrum

2562 4875 2680 4941 est,
2727 4873 2797 4927 et
2838 4865 2985 4945 quis
3028 4871 3226 4948 neget
3267 4863 3350 4930 ad
3402 4885 3514 4929 eos
3554 4863 4077 4931 commodissime
4120 4861 4514 4935 delationem

2560 4948 2706 5015 fieri
2748 4949 2860 5033 qui
2902 4969 3062 5034 prae
3103 4950 3251 5015 aliis
3292 4950 3585 5017 iudicare
3624 4949 3889 5017 valent?

2731 5206 2958 5272 Fratri
3021 5207 3133 5291 qni
3201 5205 3324 5273 has
3385 5206 3859 5290 propositiones
3928 5207 4149 5292 posuit
4208 5213 4513 5292 optamus

2559 5313 2785 5360 rerum
2847 5292 3254 5360 intellectum
3328 5292 3691 5377 pleniorem
3737 5306 3834 5361 ‘et
3894 5294 4110 5361 zelum
4174 5293 4514 5361 ardentem
