5050 6167
666 400 789 464 343

662 569 1092 634 offensionem
1167 561 1611 648 suppeditabit
1683 584 1821 628 non
1897 562 2221 647 exiguam.
2343 561 2614 628 Interea

661 675 819 720 vero
863 652 1020 719 dum
1058 652 1216 718 haec
1254 671 1510 716 summa
1547 647 1678 713 fide
1711 648 1924 733 agitis,
1970 657 2148 714 orate
2192 668 2449 731 quoque
2469 646 2609 711 Do-

661 741 918 805 minum
959 738 1180 804 Deum
1225 745 1299 800 ut
1340 736 1396 800 is
1439 735 1741 800 omnibus
1784 734 2076 799 consiliis
2119 743 2187 798 et
2229 733 2420 799 factis
2463 754 2611 798 ves-

660 825 782 890 tris
840 824 1070 889 dexter
1129 821 1471 904 affulgeat,
1527 819 1750 885 docete
1807 840 2033 884 omnes
2088 819 2402 885 iudicium
2459 817 2609 896 Dei,

661 910 1103 976 exhortamini
1149 927 1375 972 omnes
1420 905 1504 970 ad
1547 906 2043 989 poenitentiam,
2101 905 2441 988 proponite
2484 904 2611 967 mi-

660 1016 782 1061 nas
837 1003 906 1060 et
959 995 1127 1060 iram
1170 991 1470 1058 Domini:
1528 991 1831 1074 inprimis
1887 999 2105 1055 autem
2164 991 2474 1056 cavebitis
2525 1011 2611 1054 ne

658 1081 770 1146 ille
828 1083 997 1147 citra
1049 1085 1270 1144 vestra
1328 1078 1644 1159 suffragia
1697 1077 1994 1159 privetur
2051 1076 2441 1154 ministerio,
2498 1076 2609 1158 qui

658 1187 793 1231 non
838 1167 980 1230 sine
1025 1166 1261 1230 vestris
1305 1161 1569 1227 calculis
1607 1161 1971 1226 ministerio
2019 1161 2452 1244 inauguratus
2490 1169 2607 1239 est,

659 1261 726 1316 et
771 1251 921 1318 huic
967 1251 1264 1315 initiatus
1299 1249 1630 1332 mysterio,
1679 1246 2001 1311 Dominus
2037 1257 2256 1312 autem
2290 1246 2610 1330 largiatur

655 1338 868 1416 vobis,
925 1358 1044 1420 per
1094 1336 1302 1400 filium
1348 1355 1538 1399 suum
1585 1334 1946 1397 Dominum
1990 1333 2245 1411 Iesum,
2301 1333 2607 1415 spiritum

657 1435 989 1494 sanctum,
1058 1421 1170 1505 qui
1228 1421 1299 1484 in
1367 1419 1490 1483 hoc
1555 1419 1815 1503 negotio
1878 1427 2101 1484 sancte
2166 1439 2281 1483 vos
2347 1418 2605 1501 dirigat.

655 1510 892 1573 Amen.

827 1594 920 1657 Et
962 1600 1068 1670 tu,
1123 1591 1529 1657 sanctissime
1580 1599 1879 1667 senatus,
1937 1599 2159 1672 patres
2218 1610 2292 1655 ac
2337 1590 2608 1654 Domini

657 1676 1125 1758 colendissimi‚
1185 1676 1404 1741 audite
1460 1697 1682 1741 vocem
1727 1675 2000 1740 Domini
2045 1675 2172 1739 Dei
2227 1677 2432 1740 vestri
2487 1697 2609 1758 per

656 1764 1044 1849 prophetam
1114 1763 1491 1828 clamantis:
1574 1761 1652 1826 Si
1731 1760 2068 1824 audieritis
2146 1761 2366 1825 omnia
2442 1782 2608 1843 quae

655 1868 1048 1932 praecepero
1102 1848 1285 1912 vobis
1336 1858 1404 1912 et
1457 1846 1949 1912 ambulaveritis
1993 1846 2064 1909 in
2107 1847 2230 1910 viis
2274 1847 2455 1925 meis,
2513 1847 2606 1911 fe-

659 1936 1009 2016 ceritisque
1053 1933 1222 2016 quod
1262 1942 1517 1998 rectum
1563 1942 1663 1996 est
1698 1932 1766 1995 in
1808 1931 2010 1997 oculis
2054 1933 2234 2008 meis,
2281 1930 2605 1997 custodia-

657 2021 741 2085 tis
786 2029 1033 2084 statuta
1075 2040 1225 2083 mea
1286 2029 1352 2081 et
1397 2027 1741 2101 praecepta
1780 2039 1957 2095 mea,
2012 2036 2121 2081 ero
2164 2016 2506 2083 vobiscum·
2540 2025 2608 2081 et

657 2104 1007 2170 aedificabo
1050 2125 1187 2168 vos.
1276 2103 1502 2184 Neque
1545 2105 1719 2167 enim
1754 2102 2191 2168 Hieroboamo
2236 2101 2395 2167 haec
2438 2103 2603 2167 dun-

655 2201 869 2268 taxat,
937 2190 1050 2254 sed
1116 2189 1416 2253 omnibus
1474 2189 1544 2252 in
1601 2189 1954 2252 eminentia
2008 2189 2376 2253 constitutis
2433 2188 2607 2252 dicta

656 2284 828 2341 sunt.
916 2274 1265 2340 Caeterum
1326 2272 1565 2338 auditis
1624 2295 1790 2355 quae
1845 2275 2178 2357 praecepit
2237 2273 2419 2339 vobis
2463 2273 2603 2337 Do-

656 2365 905 2438 minus,
973 2382 1173 2443 quum
1232 2360 1564 2423 ministros
1633 2359 1909 2423 verbum
1969 2360 2292 2442 evangelii
2347 2359 2603 2441 praedi-

654 2456 874 2511 cantes
915 2446 1184 2510 nomine
1228 2445 1478 2508 Christi
1534 2442 1790 2509 auditis.
1877 2445 1969 2508 Et
2024 2446 2195 2509 sicut
2236 2446 2376 2526 ipse
2420 2467 2603 2527 prae-

654 2532 826 2615 cepit
883 2531 1144 2608 docere,
1205 2531 1298 2596 sic
1356 2530 1581 2604 sinite,
1637 2551 1906 2612 quaeso,
1963 2530 2297 2595 ministros
2352 2529 2600 2608 docere,

653 2618 838 2683 nulla
881 2617 1108 2700 regula
1150 2616 1278 2679 alia
1324 2615 1594 2680 docendi
1637 2616 1794 2697 ipsis
1839 2616 2264 2698 praescripta:
2332 2637 2415 2680 ne
2459 2616 2600 2681 Do-

652 2703 872 2768 minus
939 2703 1168 2785 gravia
1231 2701 1345 2765 illa
1409 2701 1481 2764 in
1541 2721 1661 2764 vos
1725 2699 1990 2764 detonet
2056 2723 2224 2783 quae
2289 2701 2602 2784 leguntur

651 2789 824 2871 apud
869 2789 1108 2854 Isaiam
1145 2787 1216 2851 in
1255 2791 1353 2850 30.
1393 2807 1528 2868 cap.
1571 2786 1644 2848 in
1688 2786 1850 2850 haee
1894 2785 2099 2850 verba
2140 2787 2597 2868 pronunciata:

647 2874 942 2957 Populus
1000 2876 1124 2938 iste
1188 2893 1450 2935 amarus
1521 2892 1594 2936 ac
1655 2869 1915 2935 rebellis
1974 2883 2069 2936 est
2130 2881 2198 2936 et
2252 2872 2370 2937 filii
2429 2872 2598 2950 falsi,

648 2960 768 3024 filii
813 2960 925 3042 qui
969 2967 1260 3024 renuunt
1303 2956 1527 3021 audire
1573 2957 1783 3038 legem
1804 2955 2091 3020 Domini.
2159 2958 2330 3021 Nam
2375 2957 2603 3023 dicunt

646 3045 1014 3127 prophetis:
1062 3042 1283 3108 Nolite
1327 3040 1582 3106 videre!
1631 3056 1697 3107 et
1739 3042 2089 3124 episcopis:
2149 3043 2366 3107 Nolite
2411 3043 2599 3108 nobis

645 3131 1013 3213 prospicere
1058 3137 1252 3206 recta,
1299 3126 1413 3192 sed
1457 3127 1798 3210 loquimini
1843 3127 2032 3192 nobis
2077 3128 2333 3206 blanda,
2380 3129 2599 3194 videte

646 3236 918 3280 errores.
1008 3216 1212 3295 Atqui
1259 3236 1393 3290 vos,
1440 3213 1711 3277 Domini
1754 3221 1818 3276 et
1854 3213 2090 3279 fratres
2134 3213 2595 3292 colendissimi,

645 3320 780 3365 non
826 3300 984 3364 estis
1026 3301 1096 3363 in
1136 3321 1296 3382 quos
1342 3299 1484 3363 dira
1527 3299 1686 3363 haec
1729 3298 2070 3364 insideant.
2160 3301 2407 3365 Cavete
2452 3309 2597 3364 tan-

645 3395 787 3449 tum
834 3406 1026 3467 porro
1074 3406 1155 3448 ne
1193 3384 1401 3449 ullum
1453 3382 1623 3467 apud
1670 3405 1783 3447 vos
1827 3383 2040 3449 locum
2085 3385 2427 3450 inveniant
2468 3408 2595 3450 un-

643 3491 857 3553 quam.
949 3470 1093 3533 Iam
1152 3492 1307 3534 vero
1365 3477 1613 3534 statuta
1655 3468 1930 3533 Domini
1975 3470 2146 3534 ritus
2190 3481 2349 3536 sunt
2391 3471 2594 3536 eccle-

643 3555 886 3621 siastici
928 3555 1010 3620 ad
1047 3553 1474 3618 exercendam
1519 3554 1905 3638 religionem
1949 3565 2014 3620 et
2047 3555 2244 3620 fidem
2287 3558 2591 3635 instituti,

641 3652 709 3707 et
752 3653 824 3706 ut
870 3649 1295 3705 conservetur
1349 3640 1419 3702 in
1475 3661 1634 3723 pace
1692 3640 1978 3705 ecclesia.
2077 3641 2162 3705 In
2221 3642 2324 3707 his
2371 3653 2589 3706 autem

638 3731 734 3791 ita
779 3737 857 3791 ut
891 3726 1181 3790 instituit
1223 3725 1572 3802 ambulare,
1621 3733 1686 3788 et
1730 3747 1862 3789 non
1906 3746 2108 3809 supra
2151 3727 2587 3809 legislatorem

642 3825 709 3877 et
752 3811 1009 3877 decreta
1052 3810 1182 3874 Dei
1226 3810 1467 3875 elevari
1512 3812 1834 3877 convenit.
1902 3811 2272 3876 Noluerunt
2317 3813 2590 3895 apostoli

639 3898 912 3963 Domini
941 3920 1081 3962 esse
1118 3897 1261 3961 sine
1298 3894 1642 3977 disciplina
1678 3896 2045 3961 ecclesiam:
2090 3906 2410 3963 statutum
2433 3920 2588 3981 ergo

640 3984 771 4048 Dei
827 3993 927 4046 est
986 3982 1332 4064 disciplina
1384 3981 1837 4047 ecclesiastica.
1927 3984 2096 4047 Eam
2150 4006 2354 4066 quum
2397 4007 2587 4050 revo-

637 4081 849 4133 catam
908 4069 1183 4150 cupiunt
1237 4066 1520 4131 ministri
1577 4067 2023 4146 ecclesiarum,
2084 4071 2291 4134 sancti
2345 4071 2586 4153 magis-

635 4161 846 4218 tratus
912 4163 1010 4218 cst
1063 4151 1416 4217 auxiliares
1484 4152 1817 4236 porrigere
1888 4176 2151 4233 manus,
2220 4164 2287 4220 et
2357 4156 2588 4220 iuvare

637 4260 764 4321 quo
807 4250 986 4304 certa
1040 4240 1127 4302 sit
1181 4239 1347 4302 ratio
1404 4237 1796 4302 admonendi
1848 4249 2221 4321 peccatores
2278 4251 2346 4304 et
2404 4262 2586 4306 coer-

636 4322 825 4389 cendi
864 4324 1238 4407 flagitiosos.
1307 4322 1478 4403 Quis
1517 4325 1692 4388 enim
1740 4325 1812 4388 in
1858 4325 2134 4407 privatis
2179 4325 2446 4391 aedibus
2492 4328 2583 4390 fe-

637 4419 741 4473 rat
781 4409 1065 4473 familiae
1108 4409 1535 4493 petulantiam
1594 4410 1908 4474 nimiam?
1997 4412 2088 4475 Et
2139 4420 2433 4494 pastores
2469 4433 2582 4495 po-

635 4494 777 4578 puli
829 4515 869 4557 a
920 4495 1066 4559 Deo
1121 4494 1404 4558 ordinati
1469 4495 1683 4560 ferent
1733 4495 2132 4562 licentiosam
2189 4499 2259 4560 in
2313 4497 2584 4562 ecclesia

635 4580 1072 4664 quorumlibet
1130 4579 1509 4644 libidinem?
1600 4581 1944 4646 Statutum
2005 4583 2425 4665 apostolicum
2481 4593 2583 4647 est

635 4675 710 4731 ut
754 4666 1055 4747 episcopi,
1111 4665 1175 4728 id
1222 4675 1352 4742 est,
1412 4679 1703 4749 pastores
1768 4670 1907 4732 sive
1966 4670 2454 4734 concionatores
2498 4669 2579 4734 ab

631 4750 1038 4815 ordinatione
1081 4753 1526 4834 episcoporum
1565 4775 1701 4817 non
1735 4754 2171 4819 secludantur.
2238 4754 2410 4818 Nam
2447 4755 2578 4836 qui,

628 4838 911 4910 obsecro,
957 4836 1190 4901 melius
1233 4849 1300 4901 et
1346 4840 1584 4903 rectius
1628 4837 1709 4903 de
1743 4839 2040 4905 doctrina
2083 4851 2149 4904 et
2183 4840 2322 4903 vita
2359 4851 2578 4923 pasto-

625 4943 776 4986 rum
836 4920 1214 4987 iudicabunt
1272 4944 1469 5006 quam
1527 4925 1650 5006 ipsi
1710 4924 2046 5008 pastores?
2149 4926 2355 4990 Recte
2421 4947 2578 5009 ergo

622 5007 909 5090 primum
957 5009 1296 5073 consilium
1343 5009 1422 5074 de
1468 5009 1766 5093 eligendo
1823 5021 2083 5092 pastore
2139 5012 2214 5074 fit
2273 5032 2311 5075 a
2365 5025 2569 5093 pasto-

623 5091 821 5157 ribus.
925 5094 1130 5159 Recte
1191 5116 1346 5160 vero
1399 5105 1466 5158 et
1519 5104 1787 5160 senatus
1841 5095 1980 5160 sive
2044 5096 2573 5180 presbyterorum

623 5176 871 5243 accedit
926 5180 1228 5246 calculus.
1319 5182 1713 5245 Rectissime
1767 5201 1923 5245 vero
1980 5179 2223 5245 electus
2277 5183 2396 5245 toti
2455 5203 2573 5266 po-

617 5264 792 5348 pulo,
847 5266 948 5331 cui
995 5265 1469 5348 praeficiendus
1513 5275 1645 5344 est,
1704 5266 1784 5330 ab
1829 5266 1976 5331 aliis
2031 5269 2418 5351 proponitur
2459 5269 2572 5353 qui

2211 387 2738 458 EPISTOLAE
2785 390 2863 451 37
2870 390 3123 451 5—376

4545 385 4664 451 344

2715 558 2921 623 totius
2964 556 3271 623 ecelesiae
3311 554 3646 641 praesides
3688 563 3872 634 sunt,
3932 562 4009 620 ut
4050 555 4506 622 communibus
4548 579 4661 624 vo-

2715 644 2802 709 tis
2861 644 3082 708 omnia
3135 654 3418 727 agantur
3470 644 3537 706 in
3598 642 3884 708 ecclesia.
3987 639 4100 706 Sic
4152 652 4372 706 autem
4415 643 4658 711 factum

2714 751 2857 795 esse
2898 730 3071 806 olim,
3119 739 3185 793 et
3219 750 3372 793 eum
3407 728 3487 793 ad
3525 727 3791 793 modum
3834 727 4162 793 ordinatos
4204 735 4499 811 pastores
4542 752 4657 813 per

2714 836 3033 879 manuum
3076 814 3576 896 impositionem,
3623 822 3949 879 testantur
3993 821 4143 896 post
4192 820 4359 879 Acta
4401 826 4652 897 aposto-

2714 900 2931 965 lorum
2974 900 3174 964 etiam
3218 901 3602 965 sinceriores
3658 921 3940 965 canones
3983 905 4048 964 et
4094 901 4309 982 ipsum
4354 899 4513 965 adeo
4554 903 4656 968 ius

2712 986 3223 1069 imperatorium,
3261 985 3804 1068 quemadmodum
3840 984 4062 1051 videre
4102 995 4201 1049 est
4235 985 4303 1049 in
4324 987 4656 1054 nonnullis

2713 1071 2967 1137 constit.
3017 1078 3041 1133 l
3088 1075 3123 1132 2
3168 1075 3223 1135 3.
3282 1070 3395 1137 Sic
3430 1069 3619 1136 hodie
3645 1091 3900 1153 quoque
3923 1072 4309 1136 observatur
4331 1080 4398 1135 et
4431 1081 4656 1139 sancte

2713 1155 3073 1222 custoditur
3112 1165 3448 1239 pastorum
3485 1178 3560 1222 ac
3594 1157 4045 1222 ministrorum
4082 1156 4405 1222 ordinatio
4439 1160 4509 1223 in
4553 1181 4655 1225 ec-

2713 1243 2910 1309 clesia
2963 1254 3188 1307 nostra
3245 1242 3580 1326 Tigurina.
3685 1241 4034 1308 Caeterum
4090 1265 4282 1325 quem
4340 1264 4472 1308 non
4528 1244 4657 1310 nisi

2711 1339 3044 1411 pastorum
3081 1327 3350 1392 consilio
3385 1328 3689 1411 recipitis,
3735 1328 4013 1393 eundem
4059 1329 4202 1411 pari
4235 1329 4488 1395 ratione
4524 1353 4657 1395 non

2713 1415 2854 1479 sine
2897 1411 3133 1478 iudicio
3190 1424 3257 1477 et
3305 1434 3626 1479 consensu
3684 1415 4133 1496 episcoporum
4173 1415 4253 1480 ab
4298 1416 4507 1480 officio
4553 1438 4655 1481 re·

2714 1498 3076 1576 movebitis,
3121 1500 3176 1563 si
3220 1500 3409 1564 modo
3453 1501 3521 1564 in
3567 1501 3833 1564 statutis
3855 1500 4125 1565 Domini
4171 1500 4505 1566 ambulare
4541 1524 4656 1568 vo-

2712 1585 2981 1650 lueritis.
3068 1585 3161 1648 Et
3205 1595 3378 1649 certe
3421 1586 3627 1668 exigit
3661 1609 3699 1649 a
3745 1586 3929 1650 vobis
3966 1587 4288 1652 Dominus
4332 1609 4461 1651 non
4508 1596 4657 1652 tan-

2712 1681 2857 1734 tum
2915 1680 2989 1733 ut
3043 1670 3262 1735 sciatis
3319 1685 3385 1736 et
3438 1671 3717 1735 audiatis
3773 1671 4045 1736 verbum
4091 1693 4165 1736 ac
4210 1683 4456 1737 statuta
4496 1674 4657 1753 eine,

2710 1757 2871 1838 quin
2917 1756 3129 1839 potius
3175 1764 3251 1820 ut
3305 1758 3372 1820 in
3430 1757 3792 1840 praeceptis
3837 1758 3976 1821 eius
4022 1756 4368 1822 ambuletis
4412 1769 4479 1822 et
4523 1771 4657 1824 sta-

2710 1849 2855 1905 tuta
2898 1844 3036 1906 eius
3071 1843 3337 1908 faciatis.
3406 1841 3672 1906 Talibus
3716 1843 3890 1907 enim
3931 1844 4256 1924 promittit
4300 1867 4368 1908 se
4414 1846 4659 1910 affutu-

2711 1949 2889 2005 rum,
2969 1926 3133 1992 tales
3190 1928 3513 2010 promittit
3576 1949 3644 1992 se
3710 1927 4221 1994 aedificaturum.
4334 1928 4660 2010 Quamvis

2710 2034 2864 2096 ergo
2910 2010 3159 2077 artibus
3213 2015 3350 2078 suis
3407 2013 3706 2077 nonnihil
3760 2024 4061 2078 sanctum
4105 2015 4232 2079 Dei
4287 2015 4661 2082 aedificium

2709 2097 2881 2181 apud
2926 2119 3041 2163 vos
3087 2100 3489 2164 concusserit
3533 2097 3852 2178 Satanas,
3909 2099 4136 2164 ruinas
4180 2117 4395 2166 tamen
4441 2103 4662 2170 adhuc

2710 2185 3018 2248 arctiores
3062 2183 3247 2249 facile
3290 2186 3705 2266 reparabitis,
3761 2185 3817 2249 si
3861 2207 3992 2250 non
4053 2186 4389 2251 defueritis
4434 2199 4661 2254 vestro

2708 2270 2936 2347 officie,
2983 2268 3094 2333 sed
3141 2268 3499 2334 secundum
3546 2271 3814 2336 verbum
3860 2272 3990 2336 Dei
4039 2283 4103 2336 et
4147 2274 4501 2355 apostolica
4545 2297 4660 2340 vo·

2706 2356 2990 2437 terisque
3036 2356 3342 2419 ecclesiae
3386 2356 3686 2438 exempla
3710 2356 3954 2421 Farelli
3998 2378 4261 2422 causam
4304 2360 4414 2444 agi
4457 2362 4660 2426 susti-

2707 2441 3004 2519 nueritis,
3034 2440 3604 2524 .defenderitisque
3658 2443 3991 2518 innoxios,
4065 2444 4330 2509 assertis
4389 2446 4662 2511 interim

2707 2536 2775 2590 et
2838 2526 3107 2590 utilibus
3169 2527 3475 2591 ecclcsiae
3553 2527 3824 2611 legibus.
3933 2529 4257 2594 Dominus
4332 2529 4665 2616 adaugeat

2706 2610 2890 2677 vobis
2934 2612 3381 2676 fortitudinem
3427 2623 3494 2676 et
3536 2615 3869 2678 virtutem.
3959 2617 4193 2680 Amen.

2876 2698 2975 2760 Tu
3021 2719 3176 2761 vero
3221 2698 3487 2781 popule,
3548 2721 3709 2782 grex
3755 2702 3979 2763 ovium
4024 2700 4293 2776 Christi,
4353 2701 4662 2785 expende

2704 2803 2939 2865 quaeso
3000 2782 3174 2866 apud
3234 2795 3432 2847 temet
3486 2785 3700 2866 ipsum
3758 2788 3985 2867 positis
4041 2786 4237 2869 paulo
4291 2789 4661 2869 affectibus,

2703 2889 2864 2950 quos
2909 2868 3027 2933 tibi
3070 2869 3458 2952 praefecerit
3500 2883 3792 2952 pastores
3838 2871 4060 2936 divina
4103 2872 4376 2950 bonitas,
4423 2873 4662 2940 corda-

2703 2966 2823 3031 tos,
2870 2955 3027 3035 pios,
3071 2954 3316 3034 fideles,
3376 2976 3637 3020 veraces
3683 2967 3749 3019 et
3794 2955 4032 3039 ubique
4077 2960 4352 3040 optimos
4395 2973 4459 3023 et
4505 2961 4661 3026 lau·

2703 3038 3072 3105 (latissimos
3117 3041 3310 3106 viros,
3378 3040 3700 3123 Expende
3735 3064 3975 3124 quaeso
4010 3055 4331 3124 quantum
4369 3046 4454 3109 sit
4500 3068 4662 3128 pcc·

2700 3133 2917 3190 catum
2975 3146 3193 3190 coram
3250 3125 3537 3191 Domino
3595 3127 3834 3192 talibus
3890 3129 4222 3194 rebellare.
4296 3131 4663 3213 ,Expende

2700 3208 2855 3293 quid
2900 3232 3022 3276 usu
3067 3211 3322 3276 venerit
3378 3213 3671 3295 patribus
3729 3215 3795 3277 in
3842 3213 4095 3279 deserto
4139 3225 4367 3280 contra
4412 3217 4663 3283 Mosen

2702 3307 2769 3360 et
2832 3298 3120 3362 seniores
3185 3297 3750 3363 murmurantibus
3819 3310 3885 3364 et
3945 3301 4448 3385 insurgentibus.
4570 3303 4661 3369 In

2698 3382 3246 3466 Hierosolymitas
3323 3385 3710 3467 gravissima
3788 3384 3957 3450 dixit
4021 3385 4349 3453 Dominus
4422 3399 4663 3454 noster

2697 3467 2912 3546 IesuS,
2968 3468 3140 3550 quod
3186 3470 3512 3535 antistites
3557 3471 3890 3554 religionis
3935 3482 3999 3536 et
4044 3473 4336 3538 doctores
4378 3474 4663 3556 pietatis

2697 3555 3020 3636 apostolos
3042 3565 3110 3618 et
3142 3555 3521 3637 apostolicos
3557 3557 3734 3622 viros
3770 3570 4332 3639 prosequerentur.
4403 3560 4663 3627 Veniet

2696 3660 2893 3722 super
2936 3662 3069 3718 vos,
3115 3641 3344 3723 inquit,
3404 3642 3616 3706 omnis
3662 3645 3930 3727 sanguis
3974 3645 4188 3709 iustus
4232 3646 4345 3727 qui
4389 3648 4662 3713 effusus

2695 3739 2795 3788 est
2840 3746 3036 3807 super
3079 3735 3338 3804 terram,
3386 3739 3450 3791 et
3495 3728 3898 3809 relinquetur
3942 3729 4122 3795 vobis
4158 3728 4389 3796 domus
4426 3744 4665 3800 vestra

2694 3809 2964 3875 deserta.
3034 3811 3300 3890 Cavete,
3346 3821 3587 3888 cavete,
3633 3813 3865 3879 fratres
3902 3816 4236 3893 carissimi,
4284 3839 4365 3881 ne
4403 3816 4486 3884 dc
4533 3820 4661 3886 ho-

2691 3917 2838 3960 rum
2885 3918 3082 3980 grege
3126 3898 3300 3976 sitis,
3359 3898 3468 3979 qui
3522 3899 3997 3982 ingratitudine
4055 3913 4122 3965 et
4176 3902 4535 3970 rebellione
4586 3908 4661 3972 in

2692 4003 2762 4046 se
2808 3981 3103 4046 divinum
3150 3992 3504 4065 provocant
3558 3983 3901 4050 iudicium:
3960 3987 4114 4068 quin
4166 4001 4377 4052 amate
4420 3993 4661 4071 potius

2692 4068 3096 4149 praepositos
3165 4077 3417 4133 vestros
3471 4079 3537 4134 et
3593 4069 3848 4135 obedite
3892 4072 4038 4138 illis.
4139 4073 4290 4138 Non
4348 4079 4659 4159 nescitis,

2691 4154 3083 4236 gravissima
3125 4165 3382 4218 exstare
3423 4156 3723 4238 exempla
3769 4157 4001 4239 ubique
4047 4160 4371 4239 testantia,
4426 4164 4660 4244 pulsis

2689 4237 2989 4303 fidelibus
3034 4238 3400 4304 doctoribus
3441 4254 3706 4323 praeter
3748 4244 4088 4323 meritum,
4143 4246 4339 4309 simul
4381 4258 4451 4310 et
4498 4249 4659 4315 feli·

2688 4325 2948 4388 citatem
2995 4325 3219 4408 populi
3262 4347 3567 4409 magnam
3619 4337 3683 4392 et
3728 4351 3953 4412 pacem
3997 4330 4304 4396 ecclcsiae
4351 4354 4501 4400 esse
4543 4359 4659 4403 re-

2686 4409 2940 4491 pulsam
2986 4423 3182 4491 atque
3227 4411 3622 4495 dissipatam.
3692 4413 3769 4478 Si
3814 4415 3996 4479 nulla
4029 4417 4156 4481 alia
4191 4415 4441 4482 dissidii
4492 4444 4658 4488 ves-

2686 4495 2773 4558 tri
2817 4516 3012 4560 causa
3055 4510 3155 4560 est
3204 4519 3400 4579 quam
3445 4498 3688 4563 Farelli
3739 4500 4001 4565 liberior
4057 4524 4132 4568 ac
4188 4505 4488 4570 severior
4539 4510 4661 4575 ob-

2686 4580 2988 4664 iurgatiO,
3035 4583 3313 4667 cogitate
3373 4586 3593 4667 qualia
3634 4587 3770 4651 sint
3812 4589 4114 4670 exempla
4159 4588 4657 4671 prophetarum

2685 4680 2751 4729 et
2795 4668 3263 4750 apostolorum,
3323 4671 3602 4754 cogitate
3646 4672 3796 4753 quid
3842 4677 4085 4755 pastori
4126 4674 4394 4740 cuilibet
4436 4698 4657 4759 prae-

2682 4753 2880 4835 cipiat
2924 4762 3254 4835 pastorum
3292 4757 3611 4839 princeps,
3658 4759 3932 4840 cogitate
3977 4760 4199 4843 quales
4234 4761 4369 4824 sint
4410 4784 4659 4833 mores

2682 4837 2916 4902 mundi
2958 4853 3023 4902 et
3065 4841 3218 4922 quid
3257 4845 3618 4907 communis
3662 4858 3990 4909 mereatur
4025 4846 4370 4929 corruptio.
4464 4849 4658 4918 Pro-

2679 4925 2846 4990 fecto
2892 4944 3009 4989 nos
3054 4926 3517 5007 persuademus
3562 4929 3775 5004 vobis,
3840 4931 4316 4997 infelicissimos
4361 4953 4488 5000 vos
4539 4938 4656 5004 fu-

2680 5019 2898 5086 turos,
2966 5011 3091 5074 nisi
3148 5012 3297 5077 talis
3351 5023 3519 5078 esset
3568 5014 3864 5081 Far-ellus
3921 5018 4177 5100 qualem
4232 5039 4372 5083 esse
4428 5021 4657 5090 multi

2679 5094 2942 5159 nollent.
3032 5098 3231 5161 Pater
3275 5111 3391 5176 est,
3437 5098 3623 5167 nobis
3659 5102 3919 5180 credite,
3968 5102 4282 5183 FarelluS,
4327 5104 4438 5186 qui
4492 5109 4657 5175 zelo

2677 5180 2863 5246 ardet
2905 5195 3130 5248 sancto
3175 5206 3332 5268 erga
3374 5185 3626 5265 liberos,
3672 5189 3910 5271 quique
3950 5189 4228 5272 ingenue
4264 5211 4464 5272 agere
4517 5217 4657 5260 no-

2676 5267 2790 5346 vit,
2851 5266 3107 5333 adulari
3147 5281 3213 5335 et
3253 5270 3517 5354 palpare
3561 5295 3896 5358 nunquam
3942 5274 4180 5341 didicit.
4268 5275 4360 5340 Et
4401 5297 4444 5341 o
4498 5281 4655 5346 uti-
