5050 6167
422 471 501 533 63
1857 572 1866 582 ι
2242 477 2408 541 1640
2447 474 2633 545 [rm.

419 677 584 743 quae
640 679 747 724 me
802 677 839 723 c
1078 665 1156 723 nt
1210 658 1485 724 fratrem
1538 660 1909 738 remittere,
1967 682 2095 744 quo
2138 683 2179 727 a
2220 683 2373 728 eon-

419 744 724 810 ventione
765 744 881 811 illa
922 764 1044 810 nos
1086 744 1442 828 expediret.

588 829 901 896 Nondum
934 831 1097 896 satis
1117 840 1529 914 compertum
1565 830 1775 897 habeo
1796 853 1927 916 qua
1951 832 2033 897 de
2053 854 2127 898 re
2150 832 2373 899 Gene-

414 938 655 983 venses
696 923 815 981 aut
854 917 1344 982 tumultuentur
1386 918 1561 982 inter
1600 939 1702 996 se,
1754 929 1870 983 aut
1921 919 2375 1001 inquietentur

414 1024 451 1068 a
498 1002 912 1069 Bernatibus.
942 1005 1024 1080 ⁸⁰)
1088 1003 1426 1085 Prospieio
1461 1012 1686 1069 tamen
1722 1004 2080 1087 pessimum
2117 1007 2371 1071 exitum

414 1088 549 1154 illis
601 1088 978 1166 imminere,
1035 1088 1167 1154 nisi
1227 1086 1553 1155 Dominus
1608 1089 1777 1154 mira
1831 1090 2051 1173 aliqua
2114 1091 2373 1157 ratione

408 1183 776 1242 mccurrat.
866 1172 1032 1252 Scis,
1076 1175 1339 1258 opinor,
1396 1174 1552 1257 quid
1597 1175 1934 1259 scripserit
1976 1174 2375 1243 Mammas

410 1260 487 1325 in
551 1261 634 1326 iis
697 1260 908 1326 literis
969 1281 1135 1343 quae
1199 1281 1336 1325 una
1398 1282 1552 1326 curn
1630 1262 1762 1327 tuis
1832 1261 1997 1326 mihi
2078 1262 2373 1328 redditae

406 1347 699 1412 fuerunt.
787 1346 1061 1412 Deierat
1100 1346 1360 1412 fortiter
1400 1346 1527 1412 sibi
1571 1368 1912 1430 nunquam
1965 1347 2037 1413 in
2081 1358 2369 1414 mentem

412 1433 677 1500 venisse
718 1438 796 1496 ut
845 1430 1121 1512 diceret,
1176 1441 1553 1515 corruptam
1606 1434 1807 1499 fuisse
1857 1433 2198 1517 epistolam
2250 1433 2370 1500 Ca·

406 1518 616 1598 dolete,
658 1517 932 1599 ideoque
968 1518 1399 1584 vehementer
1420 1527 1610 1604 rogat
1633 1542 1716 1586 ne
1738 1519 1910 1585 hanc
1932 1520 2371 1603 suspicionem

408 1603 663 1671 diutius
704 1603 991 1670 insidere
1032 1604 1255 1670 animo
1297 1625 1444 1669 meo
1486 1607 1717 1688 patiar.
1750 1607 1832 1690 ¹¹)
1933 1606 2042 1670 Ita
2100 1627 2371 1690 respon-

406 1691 581 1757 debo
657 1698 734 1755 ut
809 1688 1035 1755 videat
1106 1711 1215 1758 me
1293 1690 1703 1756 simultatum
1791 1711 2024 1757 causas
2101 1693 2372 1757 minime

404 1797 756 1929 quarere,
817 1795 896 1841 ac
951 1775 1135 1841 nulla
1192 1796 1266 1840 re
1320 1777 1547 1843 minus
1603 1775 1910 1842 delectari
1976 1797 2174 1860 quam
2239 1776 2371 1843 dis-

405 1885 486 1931 ee
594 1884 671 1928 ιε.

590 1950 695 2014 An
739 1968 852 2012 eas
894 1946 1174 2014 ditiones
1216 1948 1287 2012 in
1331 1945 1727 2032 Burgundio.
1761 1954 1986 2013 teneat
2022 1947 2261 2014 Comes
2291 1951 2372 2028 ¹²)

407 2055 576 2119 quas
619 2034 993 2110 nominasti,
1037 2053 1154 2116 per
1187 2035 1590 2100 occasionem
1624 2033 1974 2116 inquiram.
2043 2034 2125 2098 In
2151 2033 2376 2100 Gallia

408 2129 594 2187 certe
650 2118 818 2184 nihil
872 2119 968 2183 illi
1024 2119 1342 2184 relictum.
1442 2118 1672 2202 Itaque
1728 2120 1974 2185 frustra
2033 2118 2114 2185 de
2158 2121 2373 2185 Ponte

408 2205 712 2271 Veliensi
754 2214 823 2270 et
863 2203 1011 2270 aliis
1053 2203 1326 2269 laboras.
1418 2203 1493 2270 Si
1540 2204 1783 2270 bellum
1829 2207 1974 2282 erit,
2019 2206 2242 2271 nescio
2286 2228 2371 2272 an

406 2293 816 2358 restituetur.
904 2291 1141 2355 Mirari
1185 2291 1344 2356 satis
1386 2311 1521 2355 non
1563 2311 1863 2374 possum,
1922 2290 2031 2356 ubi
2087 2293 2368 2357 somnia-

406 2378 590 2443 verit
617 2375 1055 2444 Cressonerius
1099 2373 1273 2460 quod
1316 2374 1396 2440 de
1439 2397 1589 2441 mea
1630 2379 2081 2443 recantatione
2123 2378 2373 2443 Gur-ino

403 2462 659 2530 retulit.
757 2462 898 2529 Nec
953 2462 1162 2528 habeo
1215 2460 1385 2546 quod
1445 2461 1691 2539 dicam,
1750 2463 1878 2529 nisi
1934 2473 2049 2528 aut
2112 2463 2369 2528 ebrium

403 2549 615 2615 fuisse
659 2557 777 2614 ant
817 2548 1163 2613 insaniisse
1208 2569 1410 2630 quum
1444 2547 1559 2612 illa
1595 2548 1900 2614 effutirct.
1970 2548 2112 2633 Ipsi
2147 2557 2369 2613 tamen

411 2636 696 2714 Garine,
769 2654 962 2718 quem
1049 2633 1240 2699 video
1320 2633 1621 2698 nonnihil
1708 2633 2081 2712 turbatum,
2157 2634 2368 2717 primo

401 2742 668 2806 quoque
721 2720 962 2785 nuncio
1017 2718 1430 2786 satisfaciam.
1536 2719 1843 2785 Nicolaus
1901 2728 1970 2784 et
2014 2719 2370 2785 Hem-iebus

402 2806 606 2874 valde
661 2806 977 2872 esuriunt.
1004 2807 1089 2882 ¹³)
1190 2801 1506 2883 Proinde,
1573 2804 1701 2870 nisi
1766 2815 2023 2871 mature
2090 2805 2367 2885 veneris,

404 2889 705 2959 ineunda
756 2899 856 2957 est
910 2891 1078 2956 ratio
1133 2911 1260 2974 qua
1371 2891 1601 2957 ccunia
1668 2890 1993 2957 mittatur.
2092 2890 2371 2956 Miseret

401 2999 517 3044 me
558 2976 1073 3061 supramodum
1119 2975 1349 3059 optimi
1397 2975 1730 3055 Zebedaei,
1783 2977 1892 3041 vel
1950 2978 2170 3060 potius
2215 2998 2368 3043 con-

402 3064 678 3130 ditionis
721 3074 1003 3142 nostrae,
1046 3061 1216 3145 quod
1252 3061 1440 3127 nulla
1474 3061 1667 3127 hodie
1691 3061 2035 3145 disciplina
2074 3072 2193 3141 est,
2240 3084 2369 3147 qua

398 3151 618 3216 furias
706 3149 869 3215 istas
944 3167 986 3213 a
1062 3155 1251 3213 tanta
1338 3148 1725 3231 intemperie
1812 3148 2254 3215 cohibeamus.
2286 3151 2367 3234 ¹⁴)

400 3234 692 3318 Quando
732 3241 955 3300 tamen
997 3233 1168 3299 nihil
1212 3234 1285 3298 in
1326 3233 1700 3317 praesentia
1749 3234 1987 3299 melius
2031 3234 2366 3312 habemus,

400 3321 677 3388 consulo
720 3328 814 3398 ut,
856 3319 1028 3404 quod
1065 3318 1146 3384 de
1173 3320 1542 3402 ignorantia
1572 3320 1824 3386 Christi
1859 3319 2097 3398 docuit,
2139 3341 2369 3386 eorum

400 3406 803 3474 testimoniis
820 3407 1162 3471 confirmet
1186 3425 1462 3487 quorum
1490 3408 1805 3471 autoritas
1823 3406 2085 3471 Bernae
2114 3406 2366 3489 pondus

402 3492 696 3558 habebit.
782 3492 1003 3556 Habet
1057 3511 1146 3556 ex
1199 3492 1535 3557 veteribus
1597 3491 1838 3558 multos
1880 3491 2362 3577 suffragatores.

401 3578 663 3644 Verum
711 3598 843 3642 non
886 3578 1131 3661 poterit
1172 3578 1418 3643 maiore
1461 3576 1718 3643 invidia
1758 3576 2168 3645 adversarios
2210 3597 2364 3661 gra-

402 3684 568 3733 vare
611 3685 807 3747 quam
841 3663 899 3729 si
935 3662 1301 3736 Lutherum.
1347 3663 1685 3743 Bucar-um,
1730 3662 2067 3729 Brevztium
2101 3671 2169 3729 et
2201 3664 2364 3730 alios

400 3751 474 3815 in
526 3749 820 3814 medium
864 3749 1170 3832 proferat.
1272 3748 1529 3814 Verum
1594 3769 1831 3833 operae
1890 3750 2180 3833 pretium
2235 3751 2365 3815 erit

400 3835 572 3901 haec
638 3835 1068 3900 vehementer
1145 3835 1495 3917 exagitari:
1563 3844 1849 3916 quantae
1911 3834 2362 3919 impudentiae

307 3954 311 3958 v
399 3923 494 3986 sit
561 3941 603 3987 a
664 3920 963 4003 pauculis
1025 3919 1400 3986 hominibus
1457 3918 1737 3986 indoctis
1797 3931 1863 3987 et
1916 3921 2237 4003 imperitis
2288 3921 2363 3986 in

400 4006 813 4073 tenebricoso
870 4006 1112 4091 angulo
1168 4006 1513 4073 haerescos
1579 4006 1877 4072 damnari
1942 4007 2055 4090 qui
2118 4007 2361 4089 princi-

398 4103 633 4178 patum
679 4092 872 4157 hodie
912 4093 987 4156 in
1029 4090 1300 4157 ecclesia
1340 4100 1591 4158 tenent.
1662 4093 1850 4158 Haeo
1890 4094 2036 4177 ipsa
2068 4093 2362 4158 Bernam

395 4177 484 4243 ad
566 4177 918 4245 Contentum
1006 4178 1291 4244 scribere
1376 4187 1446 4244 et
1521 4179 2075 4244 commonefacere
2162 4198 2359 4261 quam

397 4265 701 4330 odiosum
744 4265 805 4329 ei
849 4265 1143 4329 futurum
1186 4264 1292 4341 sit,
1339 4265 1395 4329 si
1438 4265 1794 4330 resciscant
1836 4264 1999 4329 tales
2054 4264 2185 4329 viri
2239 4284 2360 4330 sua

397 4352 649 4435 scripta
690 4350 784 4414 ita
822 4350 1090 4432 impune
1132 4349 1409 4415 lacerari
1451 4358 1572 4416 etc.
1661 4349 1875 4416 Crede
1917 4349 2081 4414 mihi
2133 4351 2357 4415 incen-

400 4435 589 4502 dium
643 4436 793 4501 istis
844 4434 1279 4501 nebulonibus
1346 4434 1661 4501 excitabit
1724 4435 1898 4519 quod
1967 4455 2104 4500 non
2166 4435 2358 4501 facile

582 4706 673 4773 10)
712 4706 890 4761 Plura
943 4707 1154 4764 dabunt
1208 4708 1426 4776 Galv'ffe.
1517 4707 1599 4761 uel
1702 4722 1730 4762 ε
1776 4723 1948 4777 payes
1988 4723 2049 4776 p.
2100 4706 2165 4761 17
2213 4710 2354 4764 suiv.

407 4775 646 4843 Rudent,
678 4776 735 4831 V.
760 4775 859 4830 136
892 4779 1031 4832 suiv.
1073 4776 1303 4832 Gaba-el
1331 4725 1526 4844 5231ss
1641 4777 1972 4856 ampsehicloe
2002 4775 2122 4831 361.
2161 4776 2355 4848 Roqet,

401 4845 529 4900 Mat.
565 4844 642 4899 du
669 4847 868 4913 peuple
902 4846 969 4900 dc
1007 4845 1228 4901 Gcnlvc.
1264 4847 1308 4900 1.
1348 4844 1447 4898 171
1481 4847 1622 4902 aetio.
1652 4844 1755 4899 231
1792 4862 1929 4900 autu.

403 4981 537 5037 m
580 4912 678 5036 11⁶2
713 4912 967 5034 Epistola
988 4915 1291 4970 Marem-tii
1307 4913 1592 4982 deperdita
1624 4916 1808 4969 minue
1841 4916 2186 4984 assequimur
2220 4916 2357 4986 quid

568 4984 623 5036 si
670 4983 680 4993 '
710 4997 774 5034 ve
795 4984 890 5035 int.

577 5050 672 5112 12)
717 5049 1036 5105 Guilielmae
1068 5066 1106 5104 a
1146 5049 1526 5119 Fumantem.

580 5120 667 5186 13)
706 5120 741 5170 i.
784 5136 826 5173 e.
854 5121 1144 5188 pecuniam
1180 5121 1290 5174 sios·
1320 5120 1682 5174 neceam-iam
1717 5126 2046 5189 eaeepectmtt.
2107 5121 2355 5190 Anytus.-

405 5186 546 5241 have
579 5189 849 5243 excellent
881 5190 1168 5258 appetitos.

577 5258 676 5321 14)
710 5257 874 5311 Some
918 5258 1141 5311 method
1184 5267 1332 5314 must
1381 5258 1451 5309 be
1501 5256 1668 5311 fallen
1732 5274 1878 5327 upon
1921 5261 1995 5329 by
2045 5259 2223 5312 which
2271 5276 2354 5313 we

407 5341 500 5378 na
575 5328 810 5379 resti-ain
858 5333 950 5380 etc.
986 5355 1055 5366 --
1098 5325 1345 5394 Qualiter
1390 5329 1509 5394 ipae
1552 5326 1616 5380 Z.
1663 5325 2013 5396 abablium
2056 5330 2358 5385 acrworit

458 5394 468 5405 ‘
562 5411 590 5450 e
618 5401 701 5450 eet
733 5396 797 5449 in
834 5393 1178 5463 Pion-reflant,
1211 5394 1489 5450 nlmoircr
1519 5411 1575 5465 ρ.
1607 5393 1729 5450 211.

4356 492 4446 558 54

2478 663 2909 749 restinguent,
2943 664 3138 732 modo
3159 664 3619 736 dexteritatem
3641 691 3836 754 quam
3871 678 4089 756 potest
4106 675 4442 746 adhibeat.

2481 748 2679 830 Vale,
2758 752 2963 817 frater
3040 753 3135 817 mi
3209 754 3650 839 integerrime.
3775 756 3994 844 Cogor
4069 761 4248 827 enim
4327 762 4437 834 hio

2478 836 2870 920 abrumpere
2912 859 3300 918 sermonem,
3345 840 3501 924 quia
3543 842 3740 908 nimis
3774 864 3921 910 sero
3954 866 4230 914 exorsus
4264 869 4433 918 sum.

2478 919 2821 989 Salutabis
2878 923 3043 988 mihi
3098 944 3326 1014 omnes
3385 927 3622 993 fratres
3685 929 4108 1011 amicissime,
4181 931 4435 1016 Capua-

2474 1008 2702 1087 culum,
2753 1007 3139 1090 Gau-derium,
3206 1009 3529 1091 Thomam,
3572 1012 3961 1096 Michaelem,
4007 1017 4326 1088 Fatorum·
4366 1026 4437 1088 et

2477 1094 2659 1160 alios.
2748 1094 3150 1162 Benedictus
3205 1096 3534 1164 Dominus
3585 1100 3698 1182 qui
3760 1101 4005 1168 virtute
4067 1125 4191 1171 sua
4247 1104 4435 1176 vobin

2476 1177 2690 1244 adfuit
2741 1181 2813 1245 in
2865 1180 3230 1265 subigenda
3280 1182 3398 1247 illa
3453 1182 3657 1251 bestia
3754 1209 3878 1253 uae
3933 1188 4247 1258 adversus
4290 1190 4434 1277 glo·

2475 1265 2646 1330 riam
2702 1266 2911 1350 ipsius
2968 1287 3218 1334 cornua
3271 1268 3619 1336 extulerat.
3774 1273 3955 1340 aluta
4007 1275 4210 1341 etiam
4264 1275 4432 1348 mihi

2477 1350 2832 1436 diligenter
2872 1352 3148 1419 fratrem
3175 1354 3599 1421 Gauchcrium
3641 1377 3787 1423 cum
3815 1381 4034 1427 uxore.
4101 1360 4432 1434 Dominus

2479 1456 2598 1502 vos
2655 1438 3013 1504 incolumes
3069 1447 3304 1506 servet.
3415 1440 3635 1508 Nostri
3703 1464 3931 1510 omnes
3994 1454 4061 1514 te
4119 1447 4432 1515 salutant.

2475 1524 2907 1607 Argentorati
2950 1528 3051 1589 21.
3103 1525 3297 1592 Iunii.

3721 1613 4042 1683 Calvinus
4086 1625 4253 1686 tuus.

3251 1874 3572 1885 ᾖ--
3603 1877 3612 1882 -

3376 2056 3520 2125 Q.

2617 2189 3048 2261 BUOERUS
3092 2193 3574 2262 MJNISTRIS
3618 2195 4292 2268 BERNENSIBUS.

2655 2362 2847 2444 Quem
2900 2363 3285 2431 Genevemes
3340 2366 3474 2431 iam
3527 2366 3652 2433 sibi
3716 2373 4010 2451 expetunt
4076 2368 4432 2454 moinum,

2474 2449 2538 2513 ia
2578 2448 2986 2532 Aryemtorati
3024 2454 3156 2516 tam
3197 2453 3584 2517 necessarius
3627 2457 3716 2518 est
3756 2459 3827 2518 ut
3868 2456 4073 2538 mgis
4107 2456 4265 2523 alibi
4299 2478 4430 2526 non

2460 2538 2692 2615 posset.
2805 2534 2967 2617 Ipsa
3044 2537 3589 2622 Aryentoratensis
3663 2539 3917 2604 ecclesio
3986 2542 4147 2607 inter
4221 2564 4430 2610 omncs

2470 2620 2695 2684 eminet
2749 2625 2808 2685 et
2845 2621 3154 2702 plurimis
3198 2643 3324 2703 pro
3365 2624 3707 2690 seminario
3747 2630 3838 2690 est
3879 2628 3983 2690 cui
4016 2647 4206 2694 suum
4246 2630 4432 2696 decus

2469 2725 2743 2787 suaeque
2792 2707 2965 2771 vires
3018 2708 3222 2774 adimi
3280 2715 3598 2791 nequeunt.
3712 2709 3860 2776 Iam
3923 2717 3980 2776 et
4042 2712 4429 2780 metensibus

2458 2791 2991 2940 pzospiciendum,
3036 2798 3092 2857 et
3137 2791 3393 2861 Calvino·
3423 2797 3791 2876 praesentia
3836 2795 4173 2881 Hagenoae
4222 2802 4428 2883 requi·-

2469 2897 2510 2941 r
2559 2897 2655 2942 ur.

2471 3047 2583 3114 (Ex
2619 3065 2651 3101 a
2820 3048 2930 3118 pho
2963 3046 3246 3102 lenvillaei
3281 3049 3427 3118 quod
3462 3055 3644 3104 exstat
3688 3052 3747 3104 in
3776 3051 3906 3106 Cod.
3941 3052 4143 3107 Genev.
4179 3051 4294 3120 196,
4328 3053 4425 3109 fol.

2468 3115 2543 3170 80
2575 3118 2631 3170 in
2667 3133 2818 3171 cums
2853 3126 2939 3170 ter
3044 3116 3243 3186 legitur
3279 3135 3441 3170 manu
3479 3119 3677 3173 Farelli
3712 3121 4001 3189 scriptum:
4055 3122 4140 3177 Ad
4176 3131 4427 3192 pastores

3005 3201 3231 3239 menses
3265 3186 3393 3240 Bne.
3429 3203 3614 3242 mense
3647 3187 3763 3243 Iun.
3800 3188 3979 3257 1540.)

2644 3322 2884 3388 Gratia
2939 3329 3010 3387 et
3063 3343 3223 3405 pax,
3280 3322 3408 3388 viri
3463 3324 3725 3408 optimi,
3781 3326 4019 3394 fratres
4084 3327 4425 3398 carissimi.

2469 3406 2678 3473 Venit
2714 3407 2843 3475 huc
2871 3406 3211 3475 Pharellus
3243 3416 3469 3475 noster
3503 3412 3718 3475 ferens
3750 3412 4112 3478 multorum
4148 3414 4428 3480 fratrum

2471 3503 2540 3559 et
2571 3493 2887 3559 mandata
2920 3502 2990 3559 et
3019 3494 3247 3560 literas
3277 3493 3361 3559 ad
3396 3495 3807 3562 carissimum
3830 3497 4100 3564 fratrem
4123 3506 4427 3566 nostrum

2452 3578 2810 3652 ,Calvinum
2860 3587 2931 3645 et
2983 3601 3134 3659 nos,
3201 3579 3434 3664 quibus
3486 3601 3527 3645 a
3583 3580 3769 3647 nobis
3833 3584 4271 3664 contendunt,
4337 3605 4425 3652 ne

2468 3664 2626 3748 quid
2660 3665 2920 3731 obstare
2953 3666 3289 3750 patiamur
3322 3667 3668 3750 quominus
3701 3667 4097 3751 obsequatur
4122 3669 4427 3737 Calvinus·

2469 3750 2798 3817 vocationi
2842 3751 3304 3831 Genevatium,
3350 3774 3479 3834 qua
3524 3751 3597 3817 hi
3638 3751 3824 3817 illum
3861 3766 4190 3836 pastorem
4227 3777 4424 3826 snum

2467 3845 2795 3920 repetunt.
2897 3835 3377 3916 Gaudendum,
3433 3838 3667 3915 fateor,
3727 3838 3912 3904 nobis
3962 3849 4065 3906 est
4107 3841 4279 3924 quod
4322 3841 4423 3908 illi

2467 3922 2552 3988 ad
2595 3943 2666 3987 se
2712 3922 2990 3988 redeunt
3032 3933 3100 3988 et
3141 3944 3211 3988 se
3254 3922 3597 3989 Christum
3639 3924 3709 3988 in
3753 3925 4070 3991 ministris
4119 3927 4261 3992 eius
4303 3949 4424 3994 ex·

2465 4008 2716 4091 pulisse
2759 4015 3147 4092 agnoscunt.
3236 4009 3331 4073 At
3371 4007 3799 4075 nihilominus
3841 4009 3912 4074 id
3954 4011 4152 4077 etiam
4198 4011 4425 4079 viden-

2466 4093 2654 4172 dum,
2700 4114 2787 4159 nc
2827 4093 2985 4159 inde
3029 4094 3138 4159 ubi
3185 4093 3471 4159 Domino
3516 4093 3625 4161 hio
3671 4095 3815 4178 plus
3859 4117 4054 4178 quam
4104 4097 4420 4165 Genevae

2463 4181 2717 4245 fructus
2739 4178 2995 4246 adferre
3022 4186 3241 4262 potest
3260 4186 3590 4246 avocetur.
3660 4181 3872 4246 Extra
3893 4181 4421 4267 Witembergam

2462 4264 2642 4331 haud
2704 4266 2800 4330 ita
2867 4264 3116 4330 multae
3183 4264 3493 4332 ecelesiae
3558 4274 3718 4331 sunt
3781 4275 4041 4349 praeter
4102 4277 4421 4348 nostram,

2461 4350 2577 4416 nbi
2634 4357 2702 4417 et
2758 4350 3045 4417 ministri
3098 4356 3166 4415 et
3221 4352 3644 4435 magistratus
3693 4371 3916 4417 curam
3973 4374 4162 4418 suam
4218 4354 4420 4440 longe

2461 4437 2639 4502 ultra
2690 4443 2759 4501 et
2811 4456 2966 4503 suos
3020 4441 3089 4499 et
3139 4443 3299 4519 quos
3353 4459 3532 4504 nunc
3595 4436 3842 4502 habent
3904 4437 4295 4520 extendant,
4359 4441 4420 4507 si

2459 4523 2699 4605 cuique
2748 4521 3059 4588 ecclesiae
3113 4542 3220 4587 res
3276 4542 3397 4588 sua
3451 4522 3637 4589 salva
3698 4543 3842 4589 esse
3898 4524 4219 4592 videatur.
4309 4526 4417 4593 De

2460 4607 2609 4674 aliis
2653 4607 2964 4687 ecclesiis,
3009 4614 3126 4672 aut
3167 4608 3365 4673 etiam
3409 4609 3808 4691 posteritate,
3856 4631 3985 4675 non
4021 4610 4212 4677 valde
4232 4612 4413 4678 solli·

2458 4694 2622 4759 citas
2644 4693 2888 4760 videas.
2955 4693 3274 4759 Nostrum
3296 4694 3515 4776 itaque
3549 4714 3691 4760 esse
3725 4695 3960 4760 merito
3995 4698 4411 4776 arbitramur,

2457 4788 2538 4846 ut
2591 4778 2821 4846 demus
2873 4799 3140 4863 operam
3200 4800 3283 4844 ne
3337 4778 3405 4843 id
3463 4779 3666 4844 studii
3707 4801 3828 4862 pro
3873 4782 4017 4848 aliis
4059 4791 4129 4849 et
4170 4784 4412 4847 futuris

2457 4865 2766 4946 ecclesiis,
2808 4864 2980 4949 quod
3024 4863 3307 4930 dominis
3363 4865 3609 4932 nostris
3667 4864 3876 4947 dedit,
3932 4869 4412 4951 exstinguatur,

2457 4959 2525 5017 et
2579 4952 2706 5016 hoe
2758 4950 3207 5034 qualecunque
3275 4951 3685 5015 instituimus
3750 4953 4174 5018 seminarium
4240 4953 4414 5019 sacri

2454 5037 2803 5102 ministerii
2846 5035 3188 5101 dilabatur.
3276 5034 3386 5100 Ad
3427 5056 3572 5101 eam
3615 5045 3838 5103 autem
3879 5059 4017 5103 rem
4061 5037 4251 5104 valde
4291 5059 4412 5104 ne-

2457 5124 2739 5188 cessaria
2790 5121 2978 5186 nobis
3035 5129 3138 5187 est
3191 5141 3392 5204 opera
3449 5121 3698 5189 Calvina·
3751 5124 3980 5189 nostri.
4072 5122 4412 5208 Praelegit

2455 5209 2528 5272 in
2571 5207 2899 5290 theologia
2936 5205 3288 5273 admodum
3329 5208 3634 5289 feliciter,
3690 5218 3758 5275 et
3796 5208 3879 5274 ad
3924 5207 4411 5275 defendendum

2457 5301 2687 5360 contra
2708 5293 3035 5375 sophistas
3069 5293 3304 5375 impios
3337 5295 3750 5379 evangelium
3776 5293 4026 5361 Christi
4045 5294 4410 5379 plurimum

2455 5379 2799 5446 institutus
2837 5385 2954 5458 est,
2999 5400 3135 5445 non
3177 5387 3438 5446 tantum
3484 5381 3852 5447 eruditione
3886 5402 4037 5446 rara
4069 5381 4187 5449 sed
4207 5382 4418 5450 etiam.

3930 5479 3999 5536 4·
