5050 6167
353 469 466 532 437

351 653 588 719 Verum
622 650 901 716 decanos
950 651 1097 733 quis
1137 653 1353 736 coegit
1393 672 1784 737 responsum
1827 651 1994 718 illud
2037 651 2212 731 dare,
2227 649 2283 798 ὃ)

350 759 471 822 quo
509 736 975 819 praeiudicium
1033 736 1300 822 collegis
1355 738 1493 803 suis
1559 738 1862 804 omnibus
1923 738 2237 802 afferrent

348 825 604 892 Utinam
669 821 781 889 vel
842 822 1155 888 abfuisset
1225 822 1609 904 ZebedaeuS,
1633 825 1690 909 ⁷)
1754 824 1858 889 vel
1928 822 2106 887 aliud
2172 842 2286 888 cor

347 908 642 991 aliudque
683 907 1026 974 consilinm
1072 907 1152 972 ad
1196 908 1370 972 hanc
1411 931 1677 975 causam
1723 909 2068 974 attulisset.
2137 907 2286 973 Hoc

346 997 482 1063 ideo
524 994 687 1072 dice,
732 995 890 1077 quia
934 993 1268 1080 Iamba-3⁷)
1312 994 1478 1058 mihi
1522 996 1851 1073 narravit,
1908 995 2049 1059 eins
2093 993 2286 1076 culpa

343 1085 580 1148 factum
622 1101 794 1152 esse.
856 1088 931 1144 nt
973 1078 1202 1146 decani
1246 1080 1340 1144 sic
1383 1080 1980 1163 praecipitaverint.
2070 1078 2284 1144 Video

346 1165 491 1253 quid
546 1167 646 1230 sit.
750 1166 875 1230 Oui
929 1165 1159 1249 religio
1216 1186 1350 1229 non
1407 1174 1536 1242 est,
1602 1166 1875 1249 periculi
1931 1172 2113 1230 metu
2168 1185 2287 1247 per

344 1273 568 1319 omnes
612 1260 872 1316 sanctos
915 1249 1236 1328 deierare,
1290 1250 1347 1314 is
1393 1250 1629 1316 deinde
1688 1273 2046 1335 paucorum
2060 1251 2122 1323 ¹3)
2164 1250 2286 1314 ho-

342 1340 587 1403 minum
635 1337 885 1421 gratiae
918 1336 1043 1402 hoc
1081 1335 1195 1400 vel
1227 1336 1392 1400 illud
1438 1337 1792 1402 concedere
1827 1359 1956 1402 non
2004 1335 2283 1401 dubitat:

342 1426 489 1508 qnia
540 1423 890 1497 obnoxius,
947 1431 1022 1485 ut
1078 1428 1204 1498 est,
1262 1421 1387 1486 sibi
1445 1422 1725 1488 videtur.
1824 1421 2290 1505 Respondeant

342 1530 455 1593 pro
489 1529 561 1572 se
596 1507 852 1572 Decani
867 1508 925 1590 ⁷)
971 1506 1283 1590 quidquid
1333 1507 1583 1572 volent:
1629 1508 1794 1573 mihi
1837 1515 2060 1572 tamen
2099 1527 2288 1572 suam

341 1596 508 1660 hanc
551 1593 936 1658 facilitatem
980 1614 1320 1676 nunquam
1354 1593 1740 1676 probabunt.
1832 1591 2174 1674 Quantum
2205 1590 2288 1657 ad

339 1700 663 1747 summam
717 1679 931 1763 ipsam
982 1687 1260 1761 spectat,
1320 1686 1396 1743 ut
1449 1680 1570 1745 tibi
1627 1680 1890 1763 penitus
1948 1678 2286 1756 assentiar,

339 1765 738 1833 conscientia
786 1785 934 1829 mea
992 1784 1126 1828 non
1183 1764 1449 1847 patitur.
1542 1763 2206 1831 Senatusconsnltum
2228 1766 2286 1840 ⁹)

335 1850 677 1916 tolerabile
718 1871 859 1915 esse
904 1869 1149 1929 censes,
1215 1870 1290 1915 ac
1331 1857 1475 1915 tuto
1519 1873 1558 1916 a
1603 1850 1789 1917 vobis
1830 1872 2020 1932 posse
2063 1850 2286 1933 recipi.

337 1937 444 2002 Ex
529 1935 814 2000 ndamus
858 1956 1016 2019 ergo
1069 1934 1138 1999 id
1190 1935 1359 2018 quod
1402 1937 1712 2001 continet.
1800 1936 2133 2020 Principio
2175 1956 2290 2016 ap-

333 1958 570 2106 proffit
619 2021 890 2087 Conzeni
908 2021 963 2107 ⁷)
1006 2021 1374 2085 formulam.
1463 2023 1557 2087 At
1600 2021 1812 2105 qualis
1857 2021 1970 2086 illa
2014 2029 2133 2100 est,
2180 2021 2290 2085 ob·

335 2107 562 2174 moro?
633 2109 737 2171 'ru
765 2106 1003 2172 Bucari
1038 2107 1504 2172 obscuritatem
1535 2108 1889 2191 vituperas,
1935 2113 2002 2172 et
2035 2107 2290 2172 meritc.

331 2196 425 2259 At
467 2192 641 2257 nihil
684 2201 785 2257 est
826 2194 893 2257 in
939 2192 1184 2258 Bucero
1226 2192 1386 2257 adeo
1442 2193 1862 2276 perplexum,
1923 2193 2291 2271 obscurum,

330 2280 795 2362 flexiloquum,
855 2287 1080 2362 atque,
1140 2288 1217 2341 ut
1258 2279 1352 2342 sio
1392 2279 1644 2361 loquar,
1687 2288 2068 2344 tortuosum.
2157 2278 2294 2341 Ex—

332 2367 547 2450 ceptio
593 2376 818 2429 tamen
863 2363 1160 2442 additur,
1209 2374 1284 2428 ut
1327 2373 1464 2428 tam
1510 2364 1670 2429 haec
1714 2365 2049 2442 confessi0‚
2095 2384 2292 2447 quam

330 2453 778 2518 catechismus
834 2450 1047 2515 locum
1099 2447 1413 2528 habeant,
1473 2451 1530 2514 si
1586 2449 1946 2515 secundum
2003 2449 2293 2531 disputa-

329 2537 583 2602 tionem
630 2538 894 2601 Bernae
938 2535 1228 2600 habitam
1255 2539 1337 2612 ¹⁰)
1381 2535 1806 2618 explicentur.
1873 2534 2023 2616 Quo
2065 2535 2294 2600 remit-

328 2622 583 2687 timur?
693 2621 840 2686 Hoc
885 2640 1042 2704 ergo
1085 2640 1126 2684 a
1169 2621 1355 2685 vobis
1394 2620 1750 2704 quaeritur,
1805 2629 1880 2685 ut
1921 2620 2293 2703 spondeatis

326 2728 446 2772 vos
470 2727 818 2790 nunquam
855 2705 1252 2771 discessuros
1287 2727 1327 2771 a
1362 2707 1691 2771 sententia
1725 2705 1908 2771 vobis
1940 2707 2291 2790 incognita.

326 2792 599 2858 Deinde
622 2792 784 2876 qnid
817 2799 1012 2874 putas
1047 2791 1182 2855 illic
1220 2793 1418 2857 fuisse
1452 2790 1872 2874 disputatum,
1909 2792 2038 2856 nisi
2060 2791 2293 2855 Chris-

326 2887 470 2944 tum
505 2900 650 2944 non
688 2899 831 2943 esse
866 2877 1192 2942 inclusum
1227 2878 1299 2940 in
1335 2898 1519 2960 pane.
1579 2875 1660 2941 Id
1697 2886 1916 2941 autem
1950 2885 2218 2941 senatus
2237 2877 2295 2958 ⁷)

323 2965 610 3049 perinde
649 2962 907 3047 accipit,
944 2982 1019 3029 ac
1055 2963 1111 3027 si
1146 2961 1313 3026 nihil
1350 2962 1526 3027 aliud
1562 2963 1742 3038 foret,
1780 2983 1972 3044 quam
2010 2963 2292 3046 signum.

326 3049 683 3134 Quidquid
721 3050 827 3128 sit,
872 3069 1004 3113 non
1045 3048 1255 3113 ausim
1291 3047 1572 3126 credere,
1617 3049 2007 3132 mysterium
2051 3067 2294 3113 coenae

321 3136 461 3202 illic
506 3137 722 3200 fm'sse
783 3134 951 3198 bene
1006 3152 1082 3198 ac
1135 3133 1261 3198 rite
1320 3133 1734 3216 explicatum.
1832 3134 1926 3197 At
1978 3133 2294 3198 confessio

319 3221 733 3288 Basiliensis
756 3221 813 3296 ⁷)
870 3219 1267 3302 adiungitur.
1369 3218 1692 3301 Equidem
1750 3239 1880 3283 non
1926 3239 2093 3302 nego
2135 3218 2296 3301 quin

319 3307 504 3373 istud
543 3305 844 3371 multum
879 3306 994 3370 sit:
1042 3303 1156 3369 sed
1190 3304 1355 3369 mihi
1388 3324 1525 3369 non
1569 3305 1824 3369 sufficit.
1893 3303 2296 3369 Praesertim

320 3393 435 3459 nbi
481 3392 726 3459 omnia
779 3391 1021 3454 iterum
1081 3388 1164 3455 ad
1220 3390 1732 3472 disputationem
1786 3389 2003 3468 illam,
2059 3397 2126 3454 et
2165 3389 2295 3454 for-

321 3479 605 3554 mulam,
646 3497 820 3560 quae
855 3476 923 3539 in
963 3495 1202 3541 coenae
1238 3474 1802 3540 administratione
1835 3474 2097 3541 recitari
2131 3474 2298 3539 solet

319 3566 719 3649 exiguntur.
789 3563 1025 3644 Atque,
1063 3569 1140 3624 ut
1175 3561 1298 3625 hoc
1331 3581 1538 3624 unum
1573 3560 1731 3624 mali
1767 3560 1870 3637 sit,
1916 3559 2298 3642 persuaderi

319 3671 607 3734 neque0‚
659 3647 1018 3725 Diacosios,
1044 3645 1126 3731 ¹¹)
1171 3647 1280 3729 qui
1326 3646 1716 3710 sententiam
1764 3645 1934 3710 hano
1976 3645 2296 3727 tulerunt,

318 3757 558 3801 sanam
609 3733 700 3798 de
747 3732 870 3797 hac
912 3752 983 3796 re
1037 3732 1429 3796 sententiam
1471 3739 1713 3795 tenere.
1802 3731 1947 3795 Iam
1991 3731 2132 3795 eins
2174 3731 2300 3795 erit

317 3819 789 3904 interpretari,
862 3818 1046 3883 cuius
1111 3817 1237 3882 fuit
1302 3816 1750 3899 pronunciare.
1860 3815 1969 3880 Ita
2029 3816 2300 3898 periurii

317 3906 648 3992 alligatus
695 3902 1110 3982 iudicabitur,
1166 3905 1276 3986 qui
1321 3923 1506 3968 secus
1550 3901 1867 3980 docuerit,
1923 3922 2121 3984 qnam
2174 3902 2302 3985 ipsi

318 3991 581 4059 iudices
625 3997 1085 4072 assequantur.
1191 3989 1421 4071 Neque
1475 3986 1599 4053 hac
1638 3987 1777 4052 sola
1832 3988 1903 4050 in
1946 3995 2130 4069 parte
2175 3988 2301 4051 erit

317 4078 731 4162 periculum.
818 4075 1070 4138 Vetant
1113 4074 1286 4138 enim
1347 4096 1429 4138 ne
1474 4073 1554 4138 de
1597 4073 1730 4137 ullo
1772 4092 1946 4137 novo
1990 4072 2140 4148 ritu,
2187 4078 2302 4135 aut

318 4167 518 4229 novis
565 4160 1009 4230 caeremoniis
1053 4159 1253 4224 verba
1294 4160 1566 4242 posthac
1609 4161 1787 4223 fiant.
1867 4156 2035 4238 Quis
2080 4165 2301 4222 autem

318 4252 558 4330 nescit,
607 4268 731 4314 eos
775 4255 843 4312 et
884 4246 1636 4322 excommunicationem,
1690 4252 1756 4309 et
1794 4244 2301 4325 frequentiorem

317 4354 568 4402 coenae
586 4353 819 4408 usum,
841 4340 908 4396 et
928 4330 1140 4396 multa
1159 4331 1290 4396 alia
1311 4329 1432 4396 hoc
1453 4330 1719 4394 nomine
1736 4328 2300 4411 comprehendere,

318 4441 492 4505 quae
539 4442 674 4486 nos
726 4416 1205 4494 desideramus,
1265 4437 1339 4481 ac
1395 4415 1700 4481 restituta
1743 4414 2083 4497 cupimus?
2173 4415 2302 4480 Ta-

318 4507 619 4574 cendum
673 4513 900 4569 tamen
945 4503 1086 4567 orit.
1176 4500 1402 4583 Quum
1447 4503 1538 4566 ita
1583 4501 1865 4567 scientes
1899 4508 1965 4564 et
2006 4499 2302 4566 volentes

323 4663 506 4673 ⁷——

537 4761 607 4826 6)
649 4758 1005 4825 Receperm
1069 4756 1334 4811 nimirum
1402 4754 1646 4812 Commi
1714 4753 2106 4822 confessionem
2162 4753 2305 4808 nihil

319 4830 617 4896 mundati,
682 4832 740 4882 et
793 4833 1019 4882 sendus
1075 4825 1399 4880 mandatnm·
1445 4827 1513 4880 de
1559 4823 1906 4880 observanda
1950 4829 2128 4878 vetere
2160 4824 2302 4878 Ber-

316 4905 486 4955 uensi
522 4896 795 4964 formula
829 4896 980 4962 (vide
1014 4893 1249 4948 Fasslin
1287 4897 1437 4947 Ceut.
1477 4896 1631 4963 Epp.
1660 4910 1725 4962 p.
1763 4893 1908 4960 218).

331 4972 386 5034 ᾖ·
538 4968 606 5030 7)
650 4965 913 5021 Nomina
955 4963 1189 5032 propria
1238 4963 1440 5031 ubique
1485 4979 1785 5033 suppressa
1818 4962 1883 5015 in
1936 4960 2057 5014 edd.
2105 4960 2209 5015 Bz.
2253 4963 2306 5015 et

316 5037 486 5094 litera
527 5036 604 5090 N.
644 5034 723 5089 in
755 5049 944 5088 eorum
975 5034 1091 5087 loco
1261 5046 1402 5085 essa.

535 5105 604 5172 8)
691 5120 951 5156 sueorum
986 5118 1088 5156 om.
1125 5101 1186 5155 E
1262 5139 1276 5153 .
1309 5101 1416 5155 Bt.

536 5175 606 5240 9)
753 5174 909 5225 ‘ctum
946 5186 1140 5239 nempe
1175 5171 1279 5224 ΒΖ.

501 5242 608 5310 10)
651 5257 769 5294 seo.
804 5240 1226 5310 disputationem
1265 5242 1324 5292 B.
1361 5239 1618 5300 habitam,
1697 5235 1810 5290 Pro
1851 5236 1937 5290 his
1972 5235 2104 5289 Bz..·
2153 5240 2305 5290 certo

319 5313 504 5368 modo,

504 5380 610 5445 11)
652 5378 930 5433 diaconion
972 5393 1072 5432 on.
1110 5376 1212 5430 Bu.

2008 467 2170 527 1542
2218 462 2671 531 SEPTEMB.

4215 473 4345 536 438

2385 650 2694 732 laqueum
2728 650 2915 717 vobis
2949 650 3223 717 induitis
3240 704 3254 728 ,
3310 654 3595 738 cogitate
3650 676 3778 720 non
3835 657 4035 721 finem
4078 658 4351 723 calami·

2386 736 2541 800 tatis
2585 734 2692 801 hic
2732 737 2889 815 fore,
2938 737 3054 802 sed
3095 739 3376 803 initium.
3464 738 3791 806 Dominus
3833 742 4011 806 enim
4053 751 4346 810 vestram

2387 821 2729 886 mollitiem
2768 824 3096 888 severiore
3132 823 3349 907 aliquo
3382 825 3641 908 flagello
3685 828 3982 911 corriget,
4030 829 4086 892 si
4129 829 4344 914 negli-

2387 907 2544 991 gitis
2594 927 2962 988 occurrere,
3025 930 3225 993 quum
3269 910 3486 992 palam
3528 911 3860 976 iaciuntur
3915 913 4347 981 fundamenta

2389 993 2789 1075 perniciosae
2844 994 3234 1079 tyrannidis.
3337 997 3432 1060 At
3487 994 3643 1079 quid
3700 998 3943 1063 faceret
3995 1001 4343 1084 magistra-

2389 1086 2513 1155 tus,
2546 1077 2627 1165 112)
2670 1079 2937 1162 inquis?
3034 1078 3346 1145 Nondum
3394 1080 3538 1147 dico
3591 1081 3749 1164 quid
3800 1084 4231 1168 magistratus
4256 1090 4341 1164 ¹⁸)

2389 1165 2759 1247 peccaverit
2778 1165 2850 1228 in
2872 1166 3014 1247 ipso
3037 1166 3263 1230 ordine
3298 1164 3554 1251 agendi.
3621 1167 3910 1233 Tantum
3946 1170 4341 1251 demonstrO,

2390 1271 2586 1332 quam
2622 1271 2755 1314 non
2793 1251 2882 1316 sit
2918 1257 3139 1316 tutum
3174 1272 3291 1316 vos
3325 1252 3709 1337 astringere,
3748 1254 3879 1319 nisi
3915 1276 4156 1341 magna
4190 1278 4343 1323 cau-

2392 1336 2568 1400 tione
2644 1334 2955 1400 adhibita.
3079 1335 3273 1418 Quod
3354 1336 3438 1401 ad
3534 1339 3857 1404 rationem
3947 1340 4345 1427 modumque

2392 1420 2632 1505 agendi
2664 1423 2966 1504 pertinet,
3002 1443 3284 1507 agnosco
3319 1423 3488 1505 quod
3525 1422 3704 1503 dicis,
3739 1425 4054 1490 maiorem
4089 1435 4347 1510 partem

2391 1507 2623 1588 culpae
2664 1508 2738 1571 in
2794 1507 3116 1572 ministris
3169 1506 3456 1574 haerere.
3554 1509 3810 1575 Horreo
3864 1518 4084 1577 tamen
4142 1535 4345 1596 quum
4390 1530 4397 1538 ·

2392 1592 2540 1675 lego
2585 1599 2848 1658 senatus
2890 1593 3287 1659 consultum:
3319 1597 3401 1664 ¹⁴)
3456 1602 3643 1658 tanta
3686 1595 3821 1661 illic
3874 1605 3940 1660 et
3996 1597 4235 1663 ferocia
4279 1608 4346 1664 et

2394 1678 2701 1760 superbia
2744 1699 2815 1744 se
2856 1678 3159 1744 ostendit.
3257 1677 3668 1744 Sententiam
3722 1702 3909 1747 suam
3952 1691 4188 1749 vocant
4234 1684 4364 1754 de—⁴

2392 1763 2722 1828 finitivum
2748 1765 2833 1846 ιὃ)
2902 1763 3182 1848 ἄρεα-τον,
3257 1765 3360 1829 cui
3426 1764 3867 1833 contradicere
3935 1790 4067 1832 non
4130 1769 4342 1835 liceat.

2392 1849 2857 1933 Promulgant,
2913 1872 3049 1915 non
3103 1857 3181 1915 ut
3233 1849 3501 1916 libertas
3560 1853 3645 1916 sit
3702 1853 4019 1919 ministris
4077 1876 4346 1938 respon·

2394 1934 2621 2014 dendi,
2681 1934 2796 2000 sed
2839 1941 2914 2001 ut
2967 1943 3354 2018 sequantur,
3411 1944 3713 2015 teneant,
3771 1937 4119 2004 observent
4173 1939 4348 2024 quod

2395 2019 2678 2084 dominis
2706 2020 2787 2106 ¹⁶)
2852 2020 3111 2104 placuit.
3237 2021 3540 2106 Agnosco
3617 2023 3814 2087 etiam
3883 2024 4055 2107 quod
4120 2034 4349 2108 postea

2394 2126 2892 2187 commemoras,
2956 2105 3302 2172 Commium
3324 2111 3378 2183 ⁷)
3435 2108 3638 2172 iustas
3694 2129 3935 2190 poenas
3990 2109 4147 2175 dare
4190 2131 4346 2177 suae

2396 2190 2504 2255 vel
2548 2190 2917 2256 ambitionis
2955 2192 3065 2257 vel
3109 2192 3568 2278 malignitatis:
3627 2193 3797 2275 quod
3856 2195 3926 2259 in
3970 2201 4104 2259 tam
4147 2198 4346 2263 mise·

2395 2296 2540 2341 ram
2583 2277 2964 2342 servitutem
3012 2279 3284 2362 cogitur,
3339 2278 3491 2361 quia
3532 2278 3671 2361 pati
3714 2300 3847 2343 non
3892 2280 4175 2363 potuerit
4214 2284 4345 2347 fra-

2398 2371 2532 2427 tres
2576 2383 2793 2428 secum
2853 2383 2995 2428 esse
3053 2363 3308 2429 liberos.
3398 2362 3532 2429 Sed
3576 2384 3697 2429 nos
3741 2365 3938 2430 simul
3979 2365 4344 2449 plectimur.

2397 2449 2542 2513 Imo
2586 2448 2656 2512 in
2698 2457 2905 2512 tot-am
2948 2448 3287 2514 ecclesiam
3322 2470 3531 2531 poena
3563 2449 3725 2515 haec
3767 2450 4107 2516 redundat.
4171 2452 4347 2520 Nam

2397 2534 2523 2599 hoc
2567 2534 2868 2615 exemplo
2925 2534 3099 2599 edito
3153 2535 3423 2618 posthac
3477 2556 3740 2600 necesse
3795 2536 3919 2601 erit
3977 2537 4347 2605 doctrinam

2398 2627 2693 2685 nostram
2748 2641 2881 2684 non
2934 2619 3124 2685 modo
3180 2621 3513 2703 potestati,
3572 2620 3686 2685 sed
3744 2623 3933 2686 nutui
3990 2642 4347 2705 paucorum

2399 2704 2756 2780 hominum,
2805 2711 2871 2769 et
2914 2704 3175 2787 quidem
3217 2705 3626 2770 indoctorum
3653 2708 3737 2780 ¹⁷)
3778 2708 4137 2773 subiectam
4172 2730 4344 2776 esse:

2394 2801 2472 2855 ut
2490 2790 2893 2873 loquendum
2918 2791 3005 2855 sit
3025 2799 3138 2855 ant
3161 2791 3528 2871 tacendum,
3568 2792 3962 2876 simulatque
3987 2794 4189 2878 digito
4213 2795 4346 2879 sig-

2396 2895 2562 2940 nnm
2608 2874 2922 2940 dederint.
2953 2874 3032 2962 ¹⁸)
3117 2876 3346 2959 Neque
3389 2885 3606 2941 tamen
3652 2879 3958 2960 expedire
4001 2879 4347 2946 censebam

2396 2968 2472 3026 ut
2513 2960 2755 3026 fratres
2795 2961 2921 3026 hac
2965 2959 3045 3025 de
3082 2983 3153 3026 re
3195 2962 3265 3026 in
3310 2963 3641 3028 certamen
3686 2961 4152 3030 descenderent
4196 2987 4349 3032 cum

2398 3053 2648 3112 senatu.
2675 3050 2760 3122 ¹⁹)
2849 3045 2984 3112 Sed
3040 3045 3430 3112 videbantur
3483 3049 3647 3113 mihi
3699 3047 3940 3114 habere
3995 3049 4349 3117 honestum

2396 3139 2814 3216 praetextum
2854 3130 3217 3197 declinandi
3233 3184 3249 3212 ,
3309 3134 3363 3196 si
3409 3154 3555 3199 cum
3602 3135 4018 3200 excusatione
4063 3136 4238 3202 civili
4282 3145 4352 3202 et

2397 3217 2695 3283 modesta
2749 3217 3219 3282 confessionem
3274 3238 3462 3283 suam
3524 3219 3853 3284 offerrent.
3946 3221 4148 3304 Atqui
4215 3244 4348 3288 non

2398 3303 2766 3386 postulatur
2811 3302 2893 3367 ab
2935 3303 3068 3369 illis
3111 3303 3446 3382 confessi0,
3491 3305 3724 3387 inquis.
3814 3306 3959 3390 Ego
4002 3327 4159 3372 vero
4200 3306 4348 3373 ideo

2399 3387 2689 3453 dandam
2749 3389 2951 3454 fnisse
3018 3397 3193 3472 puto.
3291 3390 3395 3454 De
3415 3391 3516 3462 ²⁰)
3574 3390 3833 3473 scriptis
3894 3391 4190 3476 Zwinylii
4255 3395 4350 3458 sic

2398 3474 2645 3539 sentire
2687 3482 2764 3538 ut
2805 3473 3030 3552 sentis,
3068 3475 3187 3540 tibi
3238 3475 3559 3557 permitte.
3644 3476 3874 3558 Neque
3909 3478 4085 3541 enim
4129 3480 4352 3544 omnia

2399 3559 2549 3643 legi.
2648 3560 2740 3625 Et
2798 3559 3094 3624 fort-assis
3150 3561 3271 3624 sub
3335 3562 3534 3625 finem
3591 3561 3765 3627 vitae
3831 3565 4208 3629 retractavit
4274 3584 4350 3630 ac

2400 3645 2688 3708 correxit
2744 3645 2813 3709 in
2871 3645 3140 3723 melius,
3199 3667 3362 3727 quae
3415 3653 3661 3711 temere
3706 3648 3889 3712 initio
3949 3649 4346 3714 exciderant.

2403 3729 2537 3794 Sed
2583 3732 2650 3794 in
2697 3731 2953 3814 scriptis
2997 3729 3323 3813 prioribus
3379 3732 3649 3796 memini
3707 3753 3901 3815 quam
3945 3735 4220 3816 profana
4263 3735 4354 3799 sit

2403 3814 2483 3881 de
2528 3818 2953 3881 sacramentis
3000 3816 3309 3882 doctrina.
3410 3815 3599 3897 Quod
3647 3817 3957 3896 dixeram,
4014 3821 4352 3885 neminem

2403 3909 2780 3966 nostrorum
2822 3900 3062 3966 habere
3098 3901 3360 3984 plenam
3403 3902 3701 3986 mysterii
3745 3903 3939 3968 huius
3979 3904 4351 3989 intelligen-

2404 3987 2597 4051 tiam:
2644 3985 2713 4051 id
2748 3986 2828 4052 de
2861 3987 3049 4069 plebe
3082 3988 3265 4052 urbis
3295 3986 3494 4052 huius
3527 3987 3773 4052 dictum
3810 3989 4087 4071 accipias
4131 3991 4351 4057 velim.

2408 4074 2625 4155 Atque
2665 4071 2734 4136 id
2776 4093 2884 4137 me
2926 4079 3185 4137 tantum
3240 4072 3520 4138 voluisse
3572 4072 3760 4138 facile
3816 4093 3900 4137 ex
3954 4074 4161 4141 literis
4202 4097 4351 4157 per-

2403 4156 2669 4238 spicies,
2729 4157 2785 4221 si
2853 4158 3126 4242 relegas.
3237 4157 3464 4241 Neque
3532 4179 3687 4224 vero
3751 4179 3857 4224 me
3921 4159 4043 4225 hoc
4105 4160 4349 4227 dixisse

2576 4411 2671 4477 12)
2706 4414 2960 4494 princeps
2995 4412 3097 4467 Ba.

2576 4480 2671 4545 13)
2708 4482 2801 4535 1110
2836 4481 2940 4536 Be.

2579 4549 2672 4618 14)
2705 4552 2766 4604 in
2799 4550 2978 4632 codice
3014 4548 3117 4603 Be.
3153 4551 3568 4619 superscripsit:
3602 4556 3882 4604 statutum.
3956 4551 4156 4609 Edidit
4172 4560 4353 4610 tamen

2405 4623 2469 4673 “t
2501 4620 3218 4768 Q‘i'mssffgfflffffiapmn.
3241 4687 3344 4740 Be.
3367 4688 3609 4756 scripsit:
3648 4697 3822 4756 vocat,
3858 4696 3908 4743 ct
3925 4689 4027 4742 Br.
4054 4691 4353 4746 definitum.

2410 4754 2547 4810 Item
2582 4770 2707 4809 mox
2742 4756 2859 4810 πασς
2891 4756 3223 4825 Promulgat.

2579 4822 2694 4905 16)·
2712 4825 2787 4878 In
2822 4825 3003 4880 codice
3036 4824 3140 4877 Be.
3180 4824 3595 4892 superscripsit.-
3640 4823 3747 4886 illi;
3796 4825 3860 4878 in
3906 4824 3986 4879 ed.
4035 4826 4352 4896 simpliciter

2406 4897 2828 5042 sul-›prlg'fsthro
2863 4961 2979 5042 his:-
3013 4977 3309 5042 paucorum
3345 4999 3357 5011 .
3397 4999 3409 5010 .
3448 4999 3460 5013 .
3479 5001 3513 5041 .·
3550 5001 3562 5013 .
3599 4961 3954 5043 indoctorum,
4000 4960 4103 5042 1552.
4149 4961 4350 5016 edidit:

2407 5045 2564 5082 muns
2611 5036 2775 5083 et1am
2822 5029 3054 5083 hommls
3103 5033 3160 5083 et
3206 5029 3427 5098 quidem
3473 5037 3729 5099 imperiti.
3802 5030 3877 5085 In
3929 5030 4108 5087 codice
4163 5033 4353 5087 omnia

2406 5112 2566 5164 sana,
2602 5104 2813 5152 tantum
2846 5100 2908 5179 in
2941 5099 3185 5165 margine
3220 5097 3475 5152 additur.-
3511 5100 3771 5169 principis
3808 5107 3878 5154 et.

2579 5165 2674 5300 13)
2708 5168 3065 5289 3115310ῗέῃίῗὲ
3070 5208 3193 5288 ὀπι.
3230 5234 3351 5287 edd.

2578 5302 2672 5372 20)
2713 5304 2924 5359 Abhinc
2967 5305 3151 5357 omnia
3194 5305 3394 5358 absunt
3453 5307 3522 5359 ab
3582 5306 3700 5359 edd.
3760 5303 4000 5358 Bezanie
4054 5318 4225 5374 usque
4276 5305 4355 5362 ad

2403 5370 2566 5439 finem
2601 5374 2627 5438 (
2630 5411 2853 5434 .....
2888 5374 3085 5427 tacitns
3118 5371 3366 5439 devoro).

3838 5456 3938 5512 281
