5050 6167
406 435 529 497 213

402 621 507 686 001
566 621 885 704 pmestis
939 620 1022 686 ab
1076 641 1155 685 eo
1207 620 1446 698 vocati,
1516 626 1583 684 et
1648 619 2024 702 vobiscum‘g,
2048 619 2351 686 omnibus

402 714 547 772 tum
598 706 969 789 pastoribus
1031 714 1174 771 tum
1235 705 1575 784 ecclesiae,
1642 726 1917 788 quorum
1981 726 2211 789 pacem
2276 726 2351 773 ac

402 802 693 859 sanctam
748 792 815 856 in
863 793 1152 857 Domino
1209 790 1621 859 concordiam
1676 791 1983 858 Christus
2036 793 2178 874 ipse
2222 791 2351 871 det,

401 886 479 944 ut
540 898 767 945 omnes
830 877 1301 944 studiosissime
1376 885 1728 961 procurent
1796 886 1864 942 et
1939 878 2353 945 sanctissime

400 972 808 1031 conservent.
897 965 1208 1030 Neocomi
1248 964 1481 1030 ultimo
1526 963 1775 1047 Aprilis
1826 967 2006 1028 1541.

1351 1102 1593 1168 Vester
1634 1110 1812 1167 totus
1847 1102 1915 1166 10
1961 1101 2248 1168 Domino

1618 1187 1939 1254 Farellus.

1174 1450 1305 1455 Hff-
1352 1449 1579 1457 -——----..—

1309 1632 1458 1704 3⁰7.

892 1768 1363 1836 GALVINUS
1408 1768 1871 1835 FARELLO.

582 1943 731 2008 Non
772 1949 863 2009 est
904 1943 1067 2024 quod
1110 1947 1241 2007 tam
1284 1943 1678 2021 impatienter
1730 1946 1983 2025 satayat
2034 1944 2110 2008 de
2149 1943 2358 2008 reditu

388 2029 830 2113 promovendo,
852 2048 1045 2110 quum
1066 2048 1243 2092 nemo
1262 2027 1461 2092 obstet.
1534 2027 1657 2093 Sed
1690 2029 1824 2111 ipse
1863 2029 2356 2114 Argentoratum

388 2117 589 2199 prius
618 2120 786 2199 petet
826 2135 1016 2196 quam
1065 2114 1393 2180 Genevam.

401 2287 533 2353 (Ex-
566 2286 906 2356 autographo
955 2285 1098 2339 Bibl.
1136 2285 1341 2340 Gener.
1390 2284 1522 2339 Ood.
1565 2285 1677 2351 106,
1717 2286 1806 2340 fol.
1854 2285 1940 2340 61.
2025 2288 2361 2408 118081011δο

401 2362 627 2410 exstant
662 2356 792 2408 ibid.
833 2355 959 2408 Cod.
1001 2355 1115 2419 111,
1153 2355 1244 2408 fol.
1282 2353 1367 2408 50.
1442 2354 1664 2410 Archiv.
1697 2356 1857 2409 Bern.
1896 2357 2037 2426 Epp.
2122 2397 2134 2408 .
2173 2356 2268 2410 Vl.
2306 2374 2357 2426 p.

401 2424 536 2489 161,
592 2426 736 2478 unde
781 2424 1070 2492 descripsit
1116 2422 1633 2561 Sffifssr'lzf’liffig
1725 2425 1927 2479 Vei-sio
1972 2426 2202 2494 Anglica
2238 2426 2273 2478 1.
2311 2442 2356 2479 0.

579 2681 851 2765 Optimo
895 2690 963 2747 et
1004 2682 1336 2748 carissimo
1393 2683 1584 2747 fratri
1644 2702 1789 2746 meo
1840 2681 2173 2748 Guilelmo
2228 2684 2361 2747 Fa-

400 2768 588 2846 rello,
636 2769 1102 2834 Neocomensis
1143 2768 1455 2834 ecclesiae
1500 2768 1741 2851 pastori
1788 2768 2162 2834 fidelissimo
2191 2773 2239 2843 ¹)

578 2906 868 2970 Tametsi
914 2905 1322 2970 satisfactum
1383 2905 1641 2970 abunde
1696 2905 1818 2970 tibi
1874 2914 2029 2987 puto
2069 2908 2358 2988 superio-

396 2991 587 3057 ribus
631 2991 794 3056 meis
837 2990 1067 3066 literis,
1113 2994 1265 3074 quia
1308 3000 1525 3055 tamen
1572 3011 1690 3073 per
1735 2991 2121 3056 Frellonium
2137 2995 2192 3073 ²)
2245 2993 2359 3057 da-

396 3076 598 3142 batur
652 3077 815 3141 mihi
872 3077 1215 3142 commoda
1279 3077 1605 3143 scribendi
1672 3079 1956 3156 0000310,
2024 3100 2167 3143 0001
2227 3100 2359 3143 000

397 3162 583 3229 volui
642 3163 1199 3245 praetermittere:
1258 3165 1645 3245 praesertim
1704 3184 1904 3245 quum
1951 3185 2120 3227 nova
2162 3186 2361 3229 causa

397 3250 801 3314 accessisset.
891 3249 1064 3313 Nam
1108 3250 1410 3333 Tigurini
1456 3270 1682 3331 nuper,
1725 3260 1801 3313 ut
1844 3248 2058 3327 audie,
2104 3262 2361 3315 nostros

398 3335 834 3401 vehementer
888 3346 1219 3418 rogarunt,
1240 3334 1294 3419 Β)
1352 3358 1432 3399 ne
1472 3335 1933 3417 profectionem
1978 3357 2194 3399 meam
2237 3337 2360 3400 im-

397 3419 727 3505 pedirent.
799 3420 912 3484 Me
958 3442 1209 3503 quoque
1254 3419 1566 3502 privatim
1612 3420 1835 3486 alteris
1882 3420 2165 3504 literis⁴)
2209 3442 2358 3505 gra-

397 3507 580 3572 viter
601 3506 907 3570 obtestati
930 3515 1103 3584 sunt,
1129 3528 1209 3571 ne
1236 3508 1643 3572 vocationem
1665 3507 1936 3571 Domini
1962 3527 2356 3590 respuerem.

395 3591 482 3657 Id
538 3600 651 3655 tuo
706 3591 996 3674 impulsu
1053 3592 1293 3656 factum
1350 3614 1491 3656 esse
1552 3593 1761 3656 nostri
1814 3593 2003 3657 facile
2047 3592 2356 3659 iudicant.

398 3676 635 3759 Quum
679 3690 897 3741 autem
957 3676 1145 3742 video
1204 3688 1268 3742 te
1315 3679 1407 3742 ita
1467 3678 1610 3742 sine
1654 3678 2141 3743 intermissione
2187 3690 2359 3744 sata-

396 3783 582 3848 gere,
629 3763 773 3827 fieri
819 3785 949 3827 non
994 3770 1208 3845 potest
1252 3765 1409 3846 quin
1457 3763 1619 3827 mihi
1680 3763 1749 3827 10
1806 3776 2094 3828 mentem
2140 3763 2361 3829 veniat

396 3856 467 3913 te
509 3848 693 3913 aliud
738 3846 818 3912 de
860 3870 963 3914 me
1008 3860 1073 3912 et
1117 3849 1263 3913 aliis
1308 3849 1623 3931 suspicari
1669 3870 1865 3931 quam
1910 3849 2161 3914 debeas,
2231 3851 2358 3914 His

399 3933 886 4016 suspicionibus
928 3934 1208 3999 liberare
1256 3950 1318 3998 te
1363 3933 1445 3999 ab
1493 3935 1685 3999 initio
1744 3935 2096 4013 volueram,
2153 3958 2357 4018 quum

395 4019 755 4086 scriberem
799 4020 1088 4101 Philippi
1134 4032 1364 4103 rogatu
1408 4043 1512 4085 010
1550 4020 1679 4085 huc
1716 4022 1956 4084 iterum
1994 4020 2353 4086 amandari.

397 4102 686 4187 Quodsi
731 4124 851 4187 ego
897 4107 1283 4169 coniecturis
1321 4116 1433 4169 1110
1455 4128 1635 4170 01010
1660 4105 2090 4190 indulgerem,
2136 4109 2356 4190 potius

399 4191 534 4256 alio
578 4189 931 4255 inclinaret
969 4191 1257 4253 animus:
1303 4213 1535 4272 parum
1582 4190 1877 4265 abfuisse,
1924 4194 2084 4275 quin
2130 4214 2355 4258 00111111

397 4276 678 4342 00031110
723 4275 899 4339 domi
942 4296 1293 4351 manerem,
1353 4297 1515 4357 quos
1560 4286 1825 4342 autores
1870 4278 2064 4343 11111113
2110 4281 2355 4361 profec-

398 4362 604 4427 tionis
649 4362 852 4425 fuisse
896 4362 1203 4444 opinaris.
1225 4363 1285 4443 ι”)
1347 4360 1481 4426 Sed
1505 4383 1626 4446 ego
1668 4363 1917 4427 frustra
1964 4364 2068 4429 his
2111 4365 2355 4447 cogita-

397 4448 697 4512 tionibus
755 4467 858 4510 me
904 4446 1053 4512 nolo
1104 4448 1498 4511 excruciare.
1590 4448 1977 4512 Maluissem
2022 4471 2356 4528 excusare,

400 4533 461 4597 si
505 4532 910 4597 conscientia
952 4554 1097 4596 mea
1138 4553 1328 4614 passa
1371 4542 1556 4597 esset.
1650 4532 2066 4616 Quamquam
2106 4537 2277 4601 serio
2299 4536 2356 4619 6)

401 4618 753 4693 excusavi,
808 4618 922 4681 scd
980 4639 1108 4682 000
1168 4617 1349 4683 licuit
1407 4618 1487 4682 ad
1543 4630 1911 4684 extremum
1971 4619 2352 4687 detrectare.

434 4874 569 4935 UH.
610 4876 663 4933 1)
700 4874 960 4929 Fanum
997 4874 1324 4933 adscripsit:
1363 4874 1413 4928 d.
1450 4874 1500 4928 4.
1538 4876 1665 4928 Maii
1704 4876 1857 4929 1541.

614 4944 673 4995 2⁸
826 4944 1116 5037 ‘yraphum
1154 4944 1581 5012 buydamensem
1594 4942 1623 4997 ?

612 5012 673 5150 {3
710 5052 790 5136 N:
825 5011 944 5134 {322

617 5149 677 5213 5)
719 5153 764 5203 it
800 5152 975 5204 would
1012 5152 1148 5204 have
1186 5152 1341 5204 made
1377 5153 1518 5205 little
1555 5152 1842 5205 difference
1879 5152 1985 5205 had
2020 5157 2047 5204 1
2081 5156 2356 5208 remaincd

404 5226 468 5270 tt
500 5218 660 5273 home
696 5220 752 5272 in
789 5235 1046 5288 presence
1081 5221 1142 5274 of
1173 5221 1265 5274 the
1285 5221 1527 5275 Oouncil.
1567 5223 1775 5285 (coram
1810 5222 2034 5275 consilio
2057 5223 2355 5291 Cod.111).

405 5285 551 5341 who
584 5287 657 5341 do
682 5304 792 5359 you
825 5288 983 5342 think
1002 5304 1102 5343 can
1135 5289 1275 5343 have
1312 5291 1448 5344 been
1487 5289 1581 5343 the
1618 5290 1861 5342 advisere
1887 5290 1949 5344 01·
1960 5290 2068 5344 this
2077 5293 2356 5364 jonrney?

617 5354 679 5423 6)
713 5357 871 5412 when
908 5357 954 5410 it
988 5375 1101 5411 was
1136 5363 1230 5411 too
1269 5359 1395 5412 late.

1944 432 2104 495 1541
2144 429 2777 501 APRIL.-MA11.

4282 442 4450 508 214·

2457 619 2656 685 Certe
2699 643 2832 685 non
2879 644 3076 689 ausus
3119 645 3287 703 sum,
3331 645 3417 690 ne
3451 624 3712 691 viderer
3742 624 3890 690 Deo
3933 630 4003 689 et
4035 624 4418 695 hominibus

2458 707 2793 791 refragari.
2892 709 3047 774 Huc
3103 730 3260 795 ergo
3303 709 3411 775 vel
3451 711 3693 777 missus
3735 732 3883 776 sum
3930 709 4041 776 vel
4085 718 4418 780 extrusus.

2458 793 2522 857 N
2529 813 2655 856 unc
2711 794 3098 876 quibusdam
3158 795 3368 862 veluti
3436 796 3855 880 compedibus
3925 797 4171 881 ligatus
4242 820 4414 878 sum,

2459 898 2621 961 quas
2644 879 3034 962 abrumpere
3055 889 3212 946 ante
3243 889 3524 965 tempus,
3570 882 3826 948 etiamsi
3863 882 4148 948 maxime
4183 884 4412 963 velim,

2459 985 2747 1046 nequeo:
2808 964 3166 1031 dissolvere
3219 974 3443 1031 tamen
3511 968 3756 1033 sensim
3821 966 4121 1034 conabor.
4232 968 4414 1052 Quo·

2462 1050 2642 1114 niam
2686 1051 2988 1117 videbam
3033 1060 3148 1117 tuo
3192 1051 3509 1119 desiderio
3553 1053 3658 1118 vel
3717 1054 4117 1119 celeritatem
4159 1075 4417 1121 moram

2460 1154 2634 1201 esse:
2692 1138 3053 1218 consilium,
3106 1138 3188 1203 de
3228 1159 3355 1220 quo
3400 1139 3702 1205 nonnihil
3747 1140 3935 1223 attigi
3986 1140 4195 1206 literis
4239 1142 4416 1224 prio-

2460 1222 2662 1299 ribus,
2707 1243 3026 1306 ceperam,
3070 1232 3147 1288 ut
3191 1223 3347 1291 hinc
3369 1234 3550 1291 recta
3583 1225 3737 1290 illuc
3757 1227 3812 1301 7)
3837 1227 4127 1292 confecto
4152 1227 4415 1311 negotio

2460 1328 2904 1391 pergeremus.
2995 1308 3130 1375 Sed
3176 1310 3418 1376 multae
3453 1312 3737 1376 rationes
3779 1332 3886 1375 me
3922 1321 4167 1395 cogunt
4201 1311 4416 1379 redire

2460 1393 2646 1476 prius
2702 1393 2986 1460 domum.
3086 1396 3389 1460 Efficiam
3445 1406 3684 1473 tamen,
3742 1398 3799 1461 si
3854 1405 4097 1480 potero,
4142 1407 4217 1463 ut
4260 1406 4417 1464 ante

2460 1478 2867 1557 0001110038)
2914 1501 3018 1546 010
3062 1482 3578 1565 Argentoratum
3624 1483 3952 1565 recipiam.
4021 1483 4210 1548 Inter
4244 1506 4417 1548 nun-

2463 1564 2654 1630 dinas
2706 1565 2843 1631 illic
2901 1565 3350 1632 concionabor.
3449 1569 3612 1634 Mox
3663 1571 3833 1635 istuc
3889 1569 4174 1635 evolab0.
4263 1569 4415 1634 Non

2460 1650 2656 1716 video
2700 1651 2854 1734 quid
2901 1652 3182 1734 amplius
3224 1654 3524 1738 flagitare
3568 1677 3609 1719 a
3654 1676 3759 1719 me
3802 1655 4030 1738 possis,
4077 1656 4207 1720 nisi
4249 1656 4418 1720 forte

2461 1736 2587 1802 hoc
2643 1736 2858 1819 ipsum
2917 1747 2981 1802 te
3038 1739 3254 1813 iuvat,
3312 1739 3445 1804 tuis
3503 1740 3785 1822 querelis
3838 1762 3946 1805 me
3990 1742 4309 1806 conficere
4351 1749 4421 1807 et

2462 1830 2723 1887 tantum
2766 1844 2900 1887 000
2942 1824 3339 1889 exanimare.
3407 1825 3649 1890 Feram
3686 1825 4005 1908 equidem,
4051 1826 4109 1892 si
4143 1848 4420 1891 exorare

2463 1930 2598 1973 non
2639 1918 2902 1991 potero,
2954 1918 3035 1975 ut
3091 1919 3159 1974 te
3215 1910 3551 1994 aliquanto
3596 1913 3759 1977 mihi
3811 1913 4183 1994 aequiorem
4226 1933 4419 1996 prae-

2463 1995 2638 2073 beas,
2684 1995 2799 2060 sed
2842 1996 3197 2080 impetrare
3218 1997 3334 2062 abs
3360 2004 3425 2061 te
3461 1997 3687 2061 malim
3730 2007 3807 2062 ut
3848 2019 3932 2062 ne
3972 2019 4080 2062 me
4123 1998 4420 2081 flagelles

2463 2081 2592 2146 nisi
2645 2084 2971 2146 meritum.
3074 2082 3437 2167 Tigurinis,
3507 2104 3709 2165 quum
3776 2084 4062 2166 primum
4129 2083 4421 2149 habuero

2464 2168 2809 2246 nuncium,
2868 2169 3262 2233 amicissime
3311 2168 3734 2252 respondebo.
3755 2172 3812 2253 ⁰)
3912 2170 4177 2235 Literas
4242 2171 4423 2235 enim

2462 2274 2675 2334 neque
2737 2254 3110 2331 amiciores,
3180 2276 3389 2338 neque
3454 2255 4058 2321 honorificentiores
4138 2256 4422 2321 scribere

2465 2358 2599 2402 non
2659 2347 2989 2421 poterant:
3052 2339 3168 2405 sed
3222 2340 3413 2406 crede
3467 2341 3654 2419 mihi,
3710 2341 3892 2405 istud
3935 2349 4146 2406 totum
4193 2362 4422 2424 super-

2464 2445 2748 2489 vacuum
2808 2426 2946 2490 fuit.
3050 2426 3221 2491 Nam
3277 2427 3487 2492 nostri
3538 2427 3764 2491 multis
3818 2428 4024 2511 signis
4091 2427 4422 2493 declarare

2465 2511 2630 2575 mihi
2691 2511 3027 2589 videntur,
3075 2533 3143 2576 30
3193 2511 3272 2577 de
3331 2534 3436 2577 me
3491 2512 3838 2578 retinendo
3895 2512 4066 2577 011111
4137 2513 4422 2595 amplius

2465 2595 2779 2661 laborare.
2885 2598 3033 2663 Hoc
3088 2607 3303 2663 tamen
3355 2600 3507 2664 boni
3553 2599 3918 2663 attulerunt
3977 2598 4135 2663 illae
4190 2600 4422 2663 literae

2466 2681 2640 2764 quod
2687 2684 3140 2766 quoquomodo
3194 2684 3485 2767 expedit,
3547 2686 3755 2748 foveri
3810 2685 3984 2749 inter
4036 2685 4199 2749 istas
4256 2684 4422 2750 duas

2465 2768 2770 2833 ecclesias
2842 2771 3382 2835 coniunctionem.
3495 2770 3784 2836 Bacerus
3849 2778 4025 2836 certe
4085 2790 4163 2834 ea
4226 2790 4425 2836 causa

2463 2854 2826 2936 plurimum
2903 2856 3030 2919 fuit
3092 2856 3515 2922 exhilaratus.
3648 2858 3750 2920 Tu
3821 2856 4106 2921 Viretum
4167 2857 4426 2921 interea

2464 2940 2712 3005 crebris
2753 2941 3319 3007 exhortationibus
3352 2942 3787 3018 confirmabis,
3833 2963 3916 3006 ne
3950 2962 4173 3007 morae
4206 2940 4424 3005 taedio

2465 3026 2844 3109 frangatur,
2923 3038 2990 3092 et
3072 3027 3234 3093 haec
3315 3029 3458 3110 ipsa
3534 3048 3685 3092 cum
3750 3050 3826 3092 eo
3889 3027 4422 3094 communicabis.

2466 3112 2872 3196 Magnopere
2930 3114 3094 3177 scire
3157 3113 3356 3177 velim
3423 3135 3510 3178 00
3572 3114 3799 3178 1110100
3864 3114 3946 3178 ad
4011 3135 4133 3179 vos
4193 3133 4424 3178 omnes

2465 3220 2651 3262 meae
2703 3199 3140 3281 pervenerint.
3243 3200 3384 3264 Sub
3442 3200 3796 3264 abitionem
3856 3220 4072 3264 meam
4115 3200 4255 3277 tibi,
4319 3198 4426 3263 Vi-

2464 3291 2609 3362 reto,
2655 3287 2910 3349 senatui
2950 3284 3325 3350 Genevensi
3364 3285 3590 3350 codem
3629 3285 3866 3349 nuncio
3903 3287 4309 3369 scripseram.
4336 3286 4421 3369 ¹⁰)

2466 3369 2666 3436 Ulma
2739 3369 2972 3435 deinde
3038 3370 3277 3435 alteras
3360 3371 3765 3455 submisi,¹¹)
3846 3371 4001 3436 hinc
4065 3379 4307 3435 ternas,
4338 3372 4420 3449 ¹²)

2464 3455 2646 3520 Istae
2706 3466 2902 3521 erunt
2958 3465 3331 3538 quaternae.
3431 3457 3694 3522 Primas
3752 3466 3818 3521 et
3883 3457 4205 3522 secundas
4272 3457 4424 3521 misi

2463 3544 3007 3626 Argentoratum,
3051 3545 3279 3607 tertias
3325 3541 3739 3608 Solodurum.
3815 3542 3991 3607 Mihi
4034 3543 4236 3607 etiam
4281 3562 4425 3609 rem

2464 3648 2601 3691 000
2645 3629 2976 3711 ingratam
3019 3629 3268 3706 feceris,
3314 3629 3371 3695 si
3414 3627 3809 3694 indicaveris
3851 3638 4010 3711 quot
4044 3627 4257 3694 adhuc
4301 3628 4425 3693 tibi

2464 3714 2800 3795 supersint
2877 3714 3278 3796 exemplaria
3371 3714 3827 3779 Institutionis.
3953 3714 4424 3780 Gratissimum

2462 3820 2620 3865 vero
2643 3801 2932 3864 officium
2956 3800 3010 3864 si
3034 3811 3369 3882 praestare
3403 3800 3600 3877 voles,
3646 3799 3925 3865 fideliter
3960 3820 4036 3864 ac
4070 3800 4425 3884 diligenter

2463 3886 2610 3967 quis
2665 3884 2815 3950 istic
2870 3885 2956 3948 sit
3011 3906 3232 3949 rerum
3293 3897 3503 3951 status
3548 3907 3818 3968 expone.
3921 3886 4107 3962 Vale,
4176 3887 4422 3968 optime

2463 3980 2531 4035 et
2619 3972 3042 4053 integerrime
3128 3971 3349 4036 frater.
3475 3970 3710 4036 Saluta
3786 3972 3950 4036 mihi
4037 3982 4424 4037 reverenter

2462 4077 2690 4121 omnes
2752 4060 2986 4122 fratres
3002 4108 3016 4135 ‚
3081 4056 3511 4138 Capuncuzum
3527 4109 3543 4135 ‚
3629 4058 3966 4136 Thomam,
4033 4055 4421 4135 Gorderium,

2464 4142 2868 4219 Michaelem,
2928 4152 2996 4205 et
3048 4142 3352 4225 reliquos.
3458 4144 3602 4225 Ego
3662 4142 4004 4210 scribendo
4059 4165 4204 4209 sum
4271 4143 4422 4207 fati-

2461 4238 2674 4311 gatus.
2766 4230 2895 4294 Hic
2940 4228 3116 4293 enim
3159 4239 3260 4294 est
3315 4230 3553 4294 tertius
3615 4230 3896 4294 nuncius
3953 4250 4151 4312 quem
4209 4228 4422 4296 literis

2462 4335 2680 4379 onero.
2773 4313 3175 4396 Ratisponae
3221 4320 3257 4377 4
3305 4336 3514 4380 nonas
3557 4315 3787 4381 Maias.
4024 4340 4028 4345 ·

3707 4451 4028 4518 Calvinus
4072 4460 4248 4517 tuus.

2737 4611 2874 4619 ..η-...-

2670 4707 2725 4839 {3
2761 4705 3331 4845 waffiyentorati
3376 4792 3417 4830 0.
3467 4776 3666 4843 festam
3713 4774 3774 4831 S.
3821 4776 4062 4832 Ioannis
4119 4776 4416 4845 Baptistae

2462 4844 2910 4980 calabram&
2945 4915 3022 4969 ad
3052 4915 3304 5008 ultimam
3337 4915 3506 4968 huius
3539 4916 3759 4969 mensis.
4352 4984 4363 4995 ι
4405 4984 4418 4997 ὑ

2462 5053 2586 5121 ipse
2614 4983 3132 5147 ἓοῖἑεᾷαῑῑῗίέτῖσεέηλ
3142 4984 3231 5107 :ge
3265 4984 3572 5121 61ῗέᾩίεῇ
3596 4985 4004 5122 {ffetggbm
4048 4988 4253 5051 mm,
4300 4999 4414 5039 mm

2637 5125 2728 5257 11))
2759 5121 3146 5247 1121111290.
3184 5191 3304 5245 302.

3234 5385 3646 5396 Μι-

3909 5450 4006 5503 14*
