5050 6167
702 436 837 502 811

717 617 1098 685 ministrant
1116 617 1187 683 in
1208 616 1410 684 verbo
1446 622 1515 681 et
1547 615 1660 700 qui
1691 614 1903 682 literis
1937 622 2268 700 praesunt.
2331 612 2396 678 N
2397 614 2665 694 eocomi,

718 708 820 772 20.
865 703 1247 771 Decembris
1299 706 1477 768 1544.

1751 837 2053 905 Farellus
2096 845 2253 904 tuus
2294 842 2490 903 totus.

1609 1351 1764 1422 595.

1206 1470 1683 1541 MYGONIUS
1727 1470 2189 1539 FARELLO.

891 1612 1358 1679 Basaoensium
1400 1616 1460 1676 et
1500 1610 1711 1694 ipsius
1750 1609 2054 1676 sententia
2094 1610 2171 1675 de
2210 1628 2477 1676 censura
2530 1608 2667 1691 fra-

701 1707 899 1768 ·terna
940 1704 998 1764 et
1037 1698 1329 1781 refutatio
1369 1696 1774 1764 articulorum
1821 1693 2189 1780 Capunouli.

717 1852 1141 1923 (Autographou
1165 1856 1346 1905 exstat
1366 1851 1423 1904 in
1445 1850 1575 1904 bibl.
1706 1855 1810 1903 tor.
1834 1848 1998 1903 Neoc.
2024 1848 2142 1901 Vol.
2166 1848 2232 1902 Δ.
2266 1846 2331 1903 15
2364 1854 2422 1901 et
2454 1848 2510 1902 in
2536 1847 2668 1903 bibl.

718 1924 889 1978 civica
925 1920 1205 1976 Turicensi
1241 1919 1395 1974 MSS.
1442 1919 1507 1972 F.
1552 1917 1589 1972 8
1625 1958 1639 1985 ,
1685 1918 1815 1972 olim
1848 1925 1979 1970 tom.
2030 1914 2102 1970 46
2138 1916 2296 1971 Arcb.
2334 1917 2670 1987 Hottingewi,

716 1991 812 2046 fol.
846 1989 965 2045 391.
1035 1988 1204 2044 Aliud
1240 1988 1521 2057 exemplar
1554 1987 1827 2041 recentius
1861 1986 1992 2039 ibid.
2033 1986 2092 2041 1³⁴.
2127 1983 2198 2040 58
2231 1986 2300 2039 ol.
2335 1984 2409 2040 23
2440 1984 2665 2040 fohem.

712 2059 1019 2129 Descripsit
1051 2058 1309 2112 Simlerus
1344 2056 1454 2112 vol.
1480 2054 1567 2110 56.
1603 2055 1803 2110 Versio
1894 2055 2019 2109 llice
2042 2055 2243 2109 Farelli
2278 2072 2441 2109 manu
2460 2056 2668 2125 scripta

1346 2125 1607 2179 Neocomi
1640 2125 1678 2178 1.
1716 2141 1762 2179 c.
1800 2072 1918 2179 ἢ.
1955 2122 2043 2189 Β.)

890 2297 961 2364 S.
1008 2296 1188 2363 Satis
1225 2297 1397 2362 foret
1431 2316 1812 2380 responsum
1849 2316 1889 2361 a
1927 2294 2186 2362 calvam
2210 2295 2260 2381 ¹)
2303 2303 2373 2360 et
2407 2298 2666 2380 Argen-

721 2383 1089 2452 tinensibus
1103 2381 1161 2467 2)
1207 2381 1290 2447 ad
1325 2382 1836 2447 controversiam
1877 2403 2043 2464 quae
2079 2388 2382 2448 movetur
2403 2403 2441 2447 a
2463 2381 2667 2447 fratre

700 2468 999 2555 ¹quodam
1044 2467 1218 2551 apud
1258 2488 1380 2534 vos
1423 2468 1813 2550 inquietiore
1858 2487 2052 2550 quam
2095 2488 2218 2550 par
2258 2474 2377 2544 est,
2422 2467 2550 2532 nisi
2594 2477 2668 2532 tu

702 2563 1061 2638 ·tantopere
1096 2574 1363 2638 urgeres
1397 2562 1473 2618 ut
1506 2560 1765 2637 praeter
1798 2573 2183 2636 responsum
2220 2551 2383 2618 alias
2419 2552 2666 2631 datum,

716 2641 933 2708 adhuc
974 2639 1485 2723 respondeamus
1527 2638 1787 2705 elarius.
1884 2639 2115 2706 Liceat
2156 2659 2388 2704 verum
2433 2638 2665 2704 dicere.

714 2725 1096 2795 commovit
1159 2725 1284 2791 hoc
1349 2724 1535 2790 verbi
1549 2775 1565 2800 ,
1632 2723 1805 2807 quod
1871 2722 2105 2810 probat
2159 2724 2482 2790 turbatori
2534 2745 2668 2790 non

714 2812 1146 2887 satisfactum,
1191 2809 1497 2875 nonnihil
1536 2811 1773 2876 fratres
1815 2831 2011 2877 meos.
2110 2808 2255 2874 Imo
2298 2810 2368 2875 in
2411 2818 2669 2875 tantum

698 2897 930 2966 movit
987 2905 1063 2963 ut
1113 2896 1428 2962 iusserint
1481 2916 1589 2962 me
1644 2894 1811 2961 nihil
1865 2894 2046 2961 aliud
2101 2895 2384 2961 scribere
2438 2917 2666 2980 quam:

696 2984 780 3051 -si
820 2989 1100 3067 nequeat
1139 3001 1284 3049 esse
1324 2988 1672 3049 contentus
1712 2980 1886 3047 bona
1923 2978 2413 3060 consuetudine,
2471 3001 2668 3064 quam

716 3089 1115 3153 usurpemus
1156 3068 1230 3133 in
1271 3067 1544 3134 ecclesia
1584 3076 1828 3146 nostra,
1886 3076 2217 3150 acceptam
2271 3087 2313 3132 a
2354 3067 2438 3133 D.
2493 3067 2671 3134 Oeco-

715 3156 1042 3238 lampadio
1106 3154 1249 3220 viro
1313 3153 1685 3220 doctissimo
1754 3161 1952 3237 atque
2026 3153 2350 3237 piissimo,
2431 3152 2667 3220 valeat.

715 3241 871 3309 Non
914 3241 1090 3307 enim
1132 3246 1499 3323 oompetere
1532 3245 1610 3303 ιιι
1653 3237 1940 3305 cuiusvis
1978 3237 2241 3305 duritiei
2284 3240 2668 3321 praesertim

698 3326 1119 3479 ἐζῃῖθξῗῖῗ
1161 3326 2202 3477 Ρὲῖῳῗὸῃῖῧῗιῗέζῗῖωᾞοῗέ
2264 3323 2436 3494 {iiam
2460 3326 2664 3476 Ἓξ

698 3498 1046 3583 ptisanam
1085 3495 1358 3562 feriente
1393 3495 1673 3578 desuper
1714 3495 1867 3578 pilo,
1910 3516 2041 3560 non
2084 3496 2419 3562 auferetur
2459 3515 2500 3562 a
2585 3516 2663 3562 eo

696 3582 999 3652 -stultitia
1030 3580 1188 3647 eius.
1276 3580 1707 3647 Adiecerunt:
1752 3581 1808 3646 si
1845 3580 2091 3665 absque
2132 3590 2314 3648 motu
2356 3582 2663 3667 graviore

711 3668 858 3736 fleri
879 3667 1103 3752 possit,
1139 3663 1841 3733 excommunicandum
1862 3687 2023 3746 esse,
2067 3676 2145 3733 ut
2165 3668 2279 3751 qui
2301 3667 2663 3735 resistendo

709 3753 930 3839 palam
975 3751 1222 3829 doceat,
1277 3772 1410 3817 non
1463 3764 1690 3835 aptum
1733 3771 1878 3817 esse
1931 3751 2408 3839 promulgando
2460 3774 2662 3820 evan-

708 3839 904 3927 gelio.
982 3838 1170 3904 Haeo
1203 3843 1307 3903 est
1338 3838 1667 3902 sententia
1698 3835 1996 3903 fratrum.
2075 3837 2262 3921 Quae
2294 3848 2663 3924 sequuntur

706 3944 886 4011 ergo,
931 3943 1078 3989 mea
1117 3929 1295 3988 sunt.

880 4009 1135 4078 Morem
1179 4015 1482 4073 nostrum
1535 4008 1610 4073 in
1657 4005 2048 4094 prosynodis
2101 4017 2168 4075 et
2220 4032 2254 4076 s
2350 4006 2491 4075 odis
2542 4026 2657 4073 ex·

688 4095 1024 4181 ⁸plicatum
1066 4093 1229 4160 satis
1282 4093 1563 4177 epistola
1616 4115 1829 4179 nuper
1882 4093 2087 4160 missa
2104 4098 2163 4178 ⁸)
2218 4115 2264 4178 p
2290 4112 2414 4159 ane
2465 4099 2655 4177 puto:

700 4181 1010 4265 quamvis
1065 4178 1139 4243 in
1194 4178 1586 4264 prosynodis
1637 4179 1930 4246 feramur
1980 4179 2280 4257 liberius,
2347 4198 2424 4245 eo
2479 4177 2657 4261 quod

694 4263 2037 4436 efflemswzdsm.
2052 4262 2658 4416 Preme

694 4435 870 4505 vitia
909 4446 1069 4502 sunt
1099 4435 1500 4519 exponenda,
1546 4436 1677 4501 nisi
1709 4435 2067 4521 pertinacia
2099 4435 2406 4519 privatim
2441 4437 2653 4503 moni-

684 4526 924 4589 ·torum
956 4531 1237 4608 cogeret.
1325 4522 1568 4590 Libere
1610 4519 1783 4587 dico:
1834 4518 2169 4605 displicuit
2206 4530 2363 4587 ante
2406 4521 2656 4607 aliquot

737 4721 878 4788 5⁰5.
912 4726 971 4791 1)
1006 4726 1072 4781 N.
1104 4725 1223 4781 582.

2258 421 2783 493 EPISTOLAE
2829 428 3166 491 594—596

4567 433 4679 497 812

2768 635 2978 681 annos
2998 613 3516 701 prosynodorum
3538 636 3679 680 mos
3710 615 3894 695 mihi,
3935 621 4205 700 prepter
4233 617 4408 683 hanc
4441 636 4685 687 causam

2767 699 2939 785 quod
2981 699 3324 767 videbatur
3380 702 3600 767 minus
3655 702 4005 780 fraternus,
4060 712 4135 767 ut
4186 702 4294 768 cui
4347 703 4519 769 locus
4567 725 4686 771 non

2767 797 2910 852 erat
2966 807 3082 870 per
3135 795 3347 852 totum
3399 807 3682 865 annum,
3747 788 3875 852 nisi
3939 808 4092 853 mox
4158 797 4309 853 ante
4364 788 4685 872 synodum.

2767 873 3043 939 Interim
3088 881 3306 938 autem
3351 873 3458 939 vel
3501 873 3836 939 doctrinae
3877 873 4276 953 scandalum,
4331 873 4437 939 vel
4479 895 4688 958 pecca-

2766 967 2908 1023 tum
2973 966 3089 1023 aut
3151 979 3375 1024 rumor
3447 959 3695 1042 peccati
3771 980 4160 1042 promanare
4224 958 4304 1023 ad
4369 959 4689 1027 ecclesiam

2769 1053 2970 1109 totam
3026 1053 3091 1108 et
3146 1043 3229 1108 ad
3287 1044 3532 1110 vicinas
3588 1045 3890 1111 ecclesias
3943 1052 4229 1129 poterat,
4286 1066 4419 1111 non
4467 1045 4691 1128 absque

2769 1130 2961 1215 gravi
3002 1129 3254 1195 iactura
3295 1130 3636 1215 evangelii.
3737 1130 3854 1197 Sic
3907 1132 4111 1215 igitur
4161 1130 4487 1213 agendum
4540 1131 4694 1198 mihi

2770 1215 3131 1294 videbatur,
3175 1222 3253 1279 ut
3285 1237 3485 1299 quum
3520 1216 3806 1299 primum
3849 1216 4100 1282 sinistri
4143 1215 4386 1299 aliquid
4429 1217 4695 1283 rumoris

2770 1301 2851 1367 de
2902 1303 3107 1367 fratre
3161 1300 3484 1386 (quisquis
3536 1301 3650 1368 ille
3701 1302 3996 1380 tandem)
4052 1309 4453 1386 exsurgeret,
4504 1302 4697 1367 frater

2770 1387 2882 1472 qui
2923 1386 3103 1453 istud
3145 1386 3439 1453 audisset
3479 1388 3551 1452 in
3595 1408 3821 1453 aurem
3878 1389 4179 1471 protinus
4234 1386 4551 1453 monendo
4601 1389 4696 1452 in·

2768 1480 3143 1539 susurraret
3182 1472 3246 1537 ei
3290 1471 3370 1539 de
3413 1493 3543 1557 quo
3587 1495 3812 1540 rumor
3856 1481 4061 1541 esset:
4118 1494 4252 1539 non
4307 1472 4567 1557 quidem
4619 1472 4697 1538 ob

2769 1558 2943 1624 aliud
2989 1558 3122 1623 nisi
3164 1568 3237 1624 ut
3277 1558 3337 1624 is
3390 1580 3618 1625 rumor
3670 1580 3823 1624 mox
3879 1560 3949 1623 in
4005 1567 4240 1625 exortu
4292 1560 4536 1642 periret
4585 1578 4698 1624 neo

2769 1644 3109 1710 deveniret
3171 1643 3255 1710 ad
3321 1644 3537 1711 laicos.
3663 1644 4118 1710 Admonitioni
4186 1646 4244 1711 si
4309 1643 4499 1710 daret
4556 1663 4700 1709 reus

2767 1729 3003 1810 locum,
3044 1729 3336 1797 efficiens
3377 1739 3456 1795 ut
3500 1738 3919 1797 evanesceret
3958 1729 4268 1814 quidquid
4310 1731 4543 1796 fuisset
4593 1749 4701 1794 ex-

2768 1818 3173 1894 suscitatum,
3225 1816 3369 1882 sive
3425 1836 3658 1882 verum
3700 1817 3842 1882 sive
3899 1815 4161 1896 falsum,
4221 1815 4387 1881 bene
4430 1814 4701 1899 quidem.

2770 1901 2846 1969 Si
2890 1923 3022 1967 non
3065 1900 3254 1967 daret
3293 1901 3526 1980 locum,
3583 1910 3657 1967 ut
3698 1910 3840 1967 tum
3882 1922 4101 1968 coram
4157 1902 4467 1968 fratribus
4524 1920 4703 1967 accu-

2770 1998 3030 2054 saretur
3071 1998 3138 2053 et
3180 1986 3658 2054 emendaretur.
3760 1986 3954 2070 Quod
3998 1987 4056 2052 si
4099 1986 4181 2052 ad
4226 1986 4405 2053 hunc
4448 1985 4703 2052 modum

2769 2083 3086 2140 tractatus
3130 2074 3540 2139 inveniretur
3581 2081 4005 2156 contemptor,
4052 2080 4211 2139 tunc
4237 2072 4504 2137 tandem
4525 2073 4706 2137 siste-

2770 2175 2954 2225 retur
2994 2160 3114 2223 toti
3156 2159 3424 2244 synodo,
3481 2168 3549 2224 et
3589 2159 4028 2242 corriperetur
4087 2159 4282 2224 minis
4337 2157 4595 2235 additis,
4652 2153 4707 2222 si

2770 2245 2940 2310 nihil
2976 2261 3122 2311 acta
3154 2246 3369 2311 forent
3400 2245 3761 2330 profutura,
3806 2243 4509 2310 excommunicandum
4552 2260 4705 2308 esse.

2769 2331 2901 2397 Hic
2958 2332 3111 2414 quia
3162 2350 3393 2397 cavere
3447 2328 3780 2395 tentabam
3833 2351 3917 2396 ne
3980 2329 4358 2414 evangelica
4417 2328 4710 2393 doctrina

2771 2416 2940 2482 male
2997 2425 3261 2499 propter
3314 2415 3646 2500 praesides
3711 2417 3850 2482 eius
3913 2415 4188 2494 audiret,
4254 2413 4712 2480 existimabam

2770 2523 2876 2568 me
2919 2523 3053 2568 non
3096 2502 3418 2568 aberrare.
3505 2502 3983 2566 Verumtamen
4026 2501 4140 2566 ubi
4184 2500 4503 2566 fratribus
4561 2518 4709 2565 oon·

2769 2588 3047 2655 suetudo
3091 2595 3281 2653 vetus
3322 2595 3587 2671 accepta
3643 2586 3725 2652 ab
3776 2586 4249 2668 oecolampadio
4305 2584 4520 2669 magis
4577 2582 4711 2667 pla-

2769 2672 2990 2751 cebat,
3057 2672 3362 2756 equidem
3418 2672 3607 2738 facile
3660 2670 3965 2738 cedebam
3982 2723 3997 2751 ,
4058 2684 4135 2736 ιιι
4186 2672 4372 2737 cuius
4429 2690 4564 2735 non
4617 2673 4714 2734 est

2770 2757 3014 2844 aliquid
3075 2765 3331 2826 tentare
3393 2767 3622 2825 contra
3680 2758 3989 2844 collegas,
4064 2758 4193 2822 nisi
4256 2754 4614 2839 compellar
4673 2771 4714 2818 a

2769 2843 3074 2911 Domino.
3184 2845 3402 2928 Atque
3452 2844 3547 2910 ita
3597 2851 3822 2909 manet
3883 2842 4096 2908 adhuc
4147 2843 4531 2908 institutum
4586 2840 4712 2905 fra·

2769 2939 2996 2996 ternae
3038 2949 3351 2996 censurae
3392 2929 3731 2997 vetustius.

2941 3016 3131 3082 Intra
3172 3014 3459 3099 synodos
3501 3022 3739 3094 autem,
3797 3013 3952 3079 dum
3991 3012 4239 3097 aliquid
4281 3011 4524 3080 accidit
4565 3031 4711 3076 een·

2768 3122 2927 3169 sura
2979 3101 3351 3186 properiore
3401 3100 3696 3186 dignum,
3752 3101 3845 3167 sic
3897 3119 4094 3185 agere
4145 3099 4453 3165 solemus.
4547 3095 4713 3163 Gon·

2770 3188 3070 3254 venimus
3110 3187 3398 3271 parochi,
3442 3186 3823 3270 praesertim
3880 3185 3939 3252 si
3979 3207 4061 3250 ex
4104 3185 4415 3269 parochis
4460 3190 4565 3249 est
4606 3179 4715 3266 qui

2769 3272 3013 3358 aliquid
3080 3272 3452 3358 designavit
3516 3279 3631 3338 aut
3693 3280 3920 3336 contra
3982 3291 4232 3336 morem
4300 3278 4425 3336 aut
4488 3276 4715 3336 contra

2768 3360 3178 3426 honestatem
3193 3410 3209 3437 ,
3268 3367 3334 3424 et
3387 3356 3851 3423 deliberatione
3903 3355 4121 3442 aliqua
4175 3356 4487 3440 proponit
4541 3371 4713 3419 unus

2767 3445 3001 3530 aliquis
3065 3466 3102 3511 e
3167 3443 3351 3509 nobis
3413 3442 3584 3526 quod
3657 3441 3922 3508 devenit
3998 3441 4082 3507 ad
4158 3462 4352 3508 aures
4434 3447 4710 3517 nostras,

2924 3539 3079 3618 tque
3122 3548 3229 3593 res
3272 3530 3365 3595 ita
3403 3527 3645 3594 habeat
3687 3525 3955 3593 annon?
4057 3528 4134 3594 si
4175 3525 4538 3612 respondet
4580 3543 4714 3589 non

2766 3618 2856 3682 ita
2901 3615 3142 3680 habere
3185 3621 3380 3697 atque
3434 3614 3501 3679 id
3543 3613 4015 3680 rationabiliter
4058 3613 4430 3697 persuadet,
4488 3629 4712 3678 mone-

2765 3720 2912 3766 mus
2953 3706 3033 3766 ιιι
3073 3701 3354 3782 speciem
3398 3710 3626 3766 caveat
3667 3699 3842 3779 mali,
3888 3698 4062 3765 unde
4085 3700 4374 3784 suspicio
4398 3705 4472 3764 et
4489 3714 4713 3763 rumor

2762 3788 2899 3851 sint
2930 3795 3177 3851 exorta.
3257 3782 3380 3851 Sin
3424 3794 3828 3870 compertum
3871 3807 3958 3851 ex
4001 3803 4115 3852 ore
4157 3785 4361 3851 fuerit
4407 3781 4711 3860 accusati,

2762 3891 2897 3937 non
2939 3872 3083 3938 sine
3137 3891 3333 3939 causa
3383 3892 3713 3938 rumorem
3768 3874 4257 3952 exsuscitatum,
4313 3872 4711 3954 corripimus

2762 3958 2966 4023 amice
3005 3966 3072 4022 et
3104 3956 3375 4024 desistat
3407 3958 3824 4024 obsecramur
3857 3958 3927 4022 in
3963 3968 4313 4041 posterum,
4360 3978 4452 4022 ne
4473 3971 4712 4021 nomen

2761 4041 2888 4110 Dei
2930 4043 3103 4109 male
3146 4053 3409 4127 propter
3449 4043 3669 4126 ipsum
3728 4042 3967 4109 audiat.
4056 4042 4135 4109 Si
4188 4063 4446 4109 morem
4506 4049 4709 4126 gerat,

2759 4129 3109 4212 inquimus,
3153 4150 3269 4212 pro
3323 4130 3525 4195 fratre
3584 4130 3789 4195 simus
3842 4129 4160 4212 agnituri:
4218 4129 4274 4193 si
4315 4148 4459 4193 non
4504 4134 4710 4212 gerat,

2758 4235 2878 4298 pro
2913 4214 3255 4292 nebulone,
3299 4214 3594 4280 membro
3631 4212 3890 4300 putrido
3937 4223 4005 4280 et
4046 4235 4088 4280 a
4126 4233 4400 4297 corpore
4436 4209 4713 4277 Domini

2758 4299 3174 4384 amputando.
3257 4299 3351 4366 Ut
3393 4322 3664 4386 agamus
3700 4298 3783 4366 ad
3825 4300 4004 4366 hune
4047 4299 4310 4365 modum
4349 4298 4713 4365 Paulinum

2756 4385 2919 4452 illud
2962 4386 3032 4451 in
3088 4406 3286 4453 causa
3340 4395 3468 4451 est:
3527 4387 3746 4452 omnia
3804 4385 3888 4452 ad
3945 4385 4473 4452 aedificationem
4529 4385 4707 4449 fiant.

2755 4471 2848 4538 Et
2881 4471 3074 4556 paulo
3108 4480 3285 4557 post:
3330 4473 3552 4538 omnia
3586 4471 3890 4539 decenter
3909 4479 3976 4537 et
4006 4470 4371 4537 secundum
4408 4467 4711 4536 ordinem

2755 4558 2936 4623 fiant.
3038 4558 3211 4624 Nam
3270 4557 3324 4623 si
3390 4557 3552 4625 haec
3614 4556 3963 4643 diligenter
4025 4557 4272 4622 fuerint
4336 4557 4709 4631 observata,

2755 4651 3144 4727 potestatem
3200 4643 3448 4709 habent
3497 4644 3783 4729 episcopi
3837 4642 4223 4710 traditiones
4287 4641 4364 4706 in
4433 4637 4711 4709 eoelum

2754 4727 3053 4808 faciendi,
3118 4749 3285 4812 quae
3347 4730 3683 4813 pertinent
3731 4728 3815 4794 ad
3869 4727 4070 4795 bonos
4135 4747 4353 4795 mores
4422 4735 4496 4793 et
4559 4722 4708 4792 fidei

2754 4835 2892 4881 non
2929 4821 3091 4882 sunt
3127 4815 3508 4882 contrariae.

2925 4900 3135 4983 Atqui
3176 4901 3433 4985 rogabit
3486 4901 3758 4968 forsitan
3808 4899 3922 4966 ille
3979 4908 4197 4966 vester
4250 4896 4705 4965 advertendus:

2756 4984 2897 5053 Om·
2935 4984 3043 5052 bic
3071 4999 3217 5052 ‘non
3259 4988 3475 5070 petius
3529 4997 3801 5054 utamur
3849 4987 4158 5053 instituto
4198 4983 4487 5051 Domini
4583 4976 4708 5047 uod

2754 5080 2856 5138 est
2873 5063 3115 5140 nauh,
3151 5087 3204 5139 c.
3249 5067 3370 5140 18?
3437 5069 3746 5140 Breviter
3763 5072 4151 5158 respondeo:
4175 5069 4374 5156 Quod
4605 5079 4706 5133 tus

2755 5154 3025 5226 tradidit
3050 5157 3373 5244 generale
3413 5165 3549 5238 est,
3589 5156 3676 5224 sd
3712 5159 4052 5227 ecclesiam
4092 5165 4298 5226 totam
4338 5156 4702 5243 pertinens.

2739 5241 2905 5328 Quo
2957 5265 3087 5312 -nes
3135 5246 3395 5312 utimur
3437 5244 3737 5328 aspona-ln
3795 5253 3916 5324 est,
3983 5243 4067 5311 ad
4126 5244 4476 5312 ninisms
4517 5240 4706 5310 -mos

2752 5339 3074 5416 spectans,
3117 5347 3396 5415 quorum
3421 5332 3843 5399 conversam
3881 5329 4039 5397 ulis
4071 5347 4219 5397 esse
4249 5328 4454 5398 debet
4486 5337 4565 5396 ut
4585 5321 4706 5394 ¹vel
