5050 6167
606 429 731 528 1'19

614 651 819 735 Quem
876 648 1258 718 Genevenses
1308 651 1594 714 revocant
1648 645 1759 712 secl
1806 665 1934 729 pro
1984 650 2249 729 tempore
2302 645 2573 729 frustra.

616 736 990 804 Novissima
1031 754 1112 801 ex
1158 733 1524 801 Wormatia.

612 907 730 975 (Ex
775 905 1115 978 autographo
1159 906 1306 960 Bibl.
1354 903 1898 1040 οἰήοῄΖὸἐὶῗςοιιιίο
1951 903 2080 959 Cod.
2124 903 2280 959 XIV.
2333 902 2487 958 Pars.
2530 902 2575 957 1.

782 1161 1076 1228 Domino
1154 1163 1357 1229 Petro
1434 1160 1742 1228 Oonzeno
1826 1160 2137 1227 ecclesiae
2214 1161 2575 1228 Bernensis

611 1249 917 1316 ministro
960 1247 1340 1315 fidelissimo
1383 1268 1503 1314 suo
1546 1248 1755 1313 amico
1799 1246 2135 1331 singulari.

2090 1384 2400 1451 Bernam.

662 1574 749 1639 In
795 1571 1087 1639 Conzeni
1132 1572 1429 1638 absentia
1470 1572 1716 1639 dentur
1757 1574 1851 1639 M.
1899 1571 2157 1639 Simoni
2201 1570 2525 1638 Sultzero.

784 1707 855 1775 S.
902 1710 1169 1776 Litoras
1212 1717 1361 1774 tuas
1412 1714 1507 1774 14.
1545 1709 1947 1783 Novembris
1986 1709 2174 1775 datas
2210 1709 2424 1793 accepi
2467 1712 2568 1774 20.

612 1794 924 1862 ciusdem.
1015 1795 1165 1860 Hae
1207 1795 1373 1860 mihi
1419 1797 1660 1861 mirum
1704 1796 1776 1860 in
1817 1794 2087 1860 modum
2146 1804 2375 1881 gratae
2427 1795 2572 1861 fue·

607 1891 787 1947 runt.
844 1882 1123 1947 Praeter
1142 1882 1323 1946 enim
1360 1881 1713 1966 singularis
1741 1880 2077 1947 doctrinae
2098 1880 2571 1960 testimonium,

612 1988 744 2051 qua
779 1967 1208 2052 dogmatistas
1245 1986 1452 2033 novos
1474 1968 1739 2045 refutas,
1786 1967 2125 2033 declarant
2147 1975 2214 2032 et
2243 1986 2571 2032 summam

612 2054 813 2119 animi
880 2075 1039 2137 erga
1103 2073 1210 2117 me
1276 2053 1377 2117 tui
1444 2053 1985 2120 benevolentiam.
2088 2053 2185 2119 Ut
2253 2073 2410 2119 vero
2484 2051 2568 2117 ad

610 2150 757 2205 tuas
779 2139 1009 2204 ordine
1033 2137 1151 2203 tibi
1176 2137 1624 2222 respondeam,
1669 2139 1761 2203 mi
1810 2137 2098 2218 Comme,
2144 2139 2571 2204 vehementer

611 2245 648 2289 e
694 2247 732 2290 o
776 2233 964 2290 tuum
1010 2224 1356 2290 consilium
1399 2223 1620 2308 probe,
1680 2225 1793 2307 qui
1836 2231 2157 2307 quantum
2201 2226 2338 2308 ipse
2380 2231 2569 2307 potes

610 2247 971 2395 agvigilare
1024 2310 1223 2386 soles,
1284 2331 1369 2375 ne
1427 2311 1736 2394 dogmata
1782 2310 1988 2394 impia
2041 2318 2109 2375 et
2166 2309 2565 2392 ipsissimum

610 2397 1063 2461 Arianismum
1098 2395 1460 2461 redolentia
1494 2396 1884 2462 herbescant
1903 2397 1976 2460 in
1995 2397 2237 2463 vestris
2258 2395 2564 2462 ecclesiis.

609 2482 886 2549 Utinam
929 2482 1187 2547 otiosuli
1233 2483 1343 2547 isti
1386 2491 1648 2565 tempus
1690 2482 1772 2546 iis
1817 2482 2012 2547 rebus
2056 2482 2278 2567 potius
2311 2482 2569 2563 impen-

608 2567 859 2647 derent,
905 2587 1071 2652 quae
1116 2565 1200 2633 ad
1234 2567 1751 2633 aedificationem
1788 2567 2056 2633 faciunt.
2148 2566 2431 2633 Abunde
2465 2574 2570 2632 est

607 2652 782 2736 quod
826 2674 1099 2737 agamus
1138 2675 1289 2719 cum
1334 2654 1580 2732 fructu,
1623 2653 1815 2718 modo
1858 2653 2060 2719 libeat
2100 2673 2296 2737 agere
2337 2672 2567 2736 opera-

607 2740 741 2804 rios
804 2760 941 2804 non
995 2738 1491 2806 erubescendos.
1587 2739 1752 2823 Ego,
1818 2737 1989 2822 quod
2055 2739 2383 2821 reliquum
2444 2746 2565 2816 est,

608 2824 807 2890 orabo
849 2826 1232 2904 Dominum,
1293 2833 1368 2889 ιιι
1406 2825 1481 2889 in
1521 2823 1645 2889 hoo
1686 2825 2101 2891 sanctissimo
2155 2824 2456 2890 instituto
2498 2833 2566 2889 te

607 2912 965 2977 confirmet.
1074 2911 1299 2993 Neque
1358 2931 1511 2975 vero
1566 2917 1671 2975 est
1722 2917 1826 2989 ut,
1892 2911 2002 2975 vel
2068 2909 2241 2994 apud
2293 2930 2401 2975 me
2457 2909 2565 2976 vel

606 2996 949 3077 Bucerum,
993 2996 1403 3062 sermonibus
1438 3004 1554 3061 aut
1586 2996 1844 3078 scriptis
1884 2995 2161 3061 istorum
2201 3002 2318 3061 tua
2356 2996 2567 3080 possit

607 3082 1001 3149 existimatio
1048 3081 1181 3147 ulla
1223 3102 1306 3146 ex
1350 3090 1539 3166 parte
1571 3081 1895 3148 imminui.
1985 3079 2140 3148 Scio
2175 3103 2296 3166 ego
2333 3081 2565 3166 quanti

606 3176 671 3234 te
717 3175 1027 3252 tuamque
1070 3167 1269 3233 fidem
1313 3176 1381 3232 et
1413 3167 1831 3253 prudentiam
1865 3167 2061 3233 faciat
2096 3166 2402 3234 But-eruc.
2487 3165 2565 3233 Si

648 3254 767 3319 uid
809 3252 1043 3337 scripsi
1086 3251 1171 3318 ad
1216 3252 1565 3333 Sulzerum,
1605 3274 1681 3318 eo
1722 3254 1971 3320 factum
2011 3261 2111 3319 est
2145 3262 2225 3318 ut
2256 3251 2415 3337 quid
2450 3252 2567 3317 alii

605 3276 689 3404 :le
754 3348 821 3405 te
880 3340 1336 3417 mussitarent,
1412 3359 1548 3404 non
1612 3337 1770 3422 quid
1833 3358 1956 3423 ego
2020 3338 2384 3418 crederem,
2447 3338 2565 3404 ille

606 3425 821 3504 sciret,
868 3433 937 3489 et
975 3424 1122 3490 ideo
1164 3424 1363 3490 sciret
1407 3431 1480 3490 ut
1514 3431 1579 3490 te
1601 3445 1868 3489 monere
1889 3425 2301 3491 commodum
2323 3433 2563 3509 posset,

606 3510 767 3595 quid
812 3531 964 3576 cum
1007 3511 1152 3577 istis
1191 3509 1569 3575 bominibus
1612 3509 1839 3594 agenti
1881 3508 2004 3576 tibi
2044 3510 2418 3578 faciendum
2463 3511 2563 3578 vi-

612 3595 978 3662 tandumve
1029 3596 1219 3663 nobis
1271 3593 1591 3662 videatur.
1692 3596 1983 3661 Tantum
2035 3618 2193 3663 sane
2246 3597 2432 3663 abest
2484 3604 2565 3662 ut

603 3682 766 3766 ipsis
811 3682 1153 3761 assentiar,
1197 3690 1271 3747 ut
1313 3703 1516 3765 quum
1542 3680 1624 3748 de
1642 3681 1832 3747 vobis
1853 3702 2070 3748 sermo
2091 3681 2339 3760 incidit,
2385 3679 2562 3766 quod

603 3767 869 3852 quidem
895 3768 1227 3835 rarissime
1246 3769 1323 3833 fit
1364 3789 1470 3833 me
1490 3776 1854 3853 praesente,
1899 3789 2021 3852 ego
2045 3788 2163 3835 vos
2186 3776 2252 3833 et
2273 3767 2562 3834 libenter

602 3863 668 3920 et
714 3863 1091 3921 constanter
1135 3849 1498 3919 defendam.
1587 3854 1729 3919 Nec
1776 3860 1876 3919 est
1907 3853 2076 3919 mihi
2109 3854 2247 3919 ulla
2279 3854 2561 3919 familia-

600 3941 763 4005 ritas
808 3960 957 4005 cum
1001 3940 1084 4005 iis
1127 3940 1236 4022 qui
1281 3939 1352 4003 in
1397 3960 1556 4023 agro
1596 3938 2017 4023 Allobrogico
2059 3949 2232 4006 sunt.
2317 3939 2561 4005 Nullus

601 4027 841 4092 horum
886 4045 1177 4109 unquam
1220 4024 1304 4090 ad
1347 4046 1454 4089 me
1497 4022 1680 4090 dedit
1720 4023 1965 4104 literas,
2010 4046 2131 4092 nec
2175 4048 2215 4091 a
2248 4046 2354 4091 me
2387 4024 2561 4108 quod

601 4113 800 4178 sciam
841 4111 1104 4196 recepit.
1195 4112 1369 4176 Eum
1415 4110 1528 4194 qui
1571 4109 1747 4194 apud
1789 4131 1909 4177 nos
1952 4120 2071 4191 est,
2100 4116 2150 4189 ¹)
2247 4112 2361 4178 uia
2393 4111 2562 4176 mihi

598 4199 669 4263 in
711 4197 935 4263 schola
969 4205 1072 4263 est
1105 4196 1374 4281 collega,
1420 4217 1736 4280 suamque
1768 4197 2175 4263 functionem
2203 4133 2563 4281 (diligenter

600 4283 756 4363 obit,
801 4282 1190 4349 familiarius
1235 4282 1609 4365 amplector,
1655 4283 1921 4366 ipseque
1954 4304 2061 4346 me
2094 4283 2407 4364 vicissim,
2452 4291 2560 4348 ut-

601 4389 858 4453 cunque
901 4369 1067 4435 sciat
1114 4367 1363 4452 optime
1397 4368 1563 4433 mihi
1599 4368 1929 4435 vobiscum
1965 4368 2370 4436 intercedere
2405 4389 2560 4435 oon-

600 4453 1040 4534 suetudinem,
1109 4463 1177 4520 et
1234 4462 1527 4520 veterem
1592 4461 1659 4520 et
1717 4455 2258 4521 iucundissimam
2276 4507 2293 4534 ,
2360 4462 2559 4538 atque

600 4540 762 4607 adeo
816 4540 1017 4605 talem
1076 4551 1154 4606 ut
1216 4561 1362 4605 eam
1426 4560 1577 4606 cum
1642 4541 1844 4604 totius
1907 4541 2125 4625 gentis
2189 4540 2557 4618 Gallorum,

599 4625 765 4693 adde
808 4635 876 4693 et
920 4626 1142 4711 Regis,
1184 4626 1471 4693 amicitia
1513 4625 1628 4692 vix
1672 4636 2163 4692 commutarem.
2251 4627 2438 4693 Haec
2481 4647 2559 4691 eo

601 4712 685 4779 ad
754 4720 820 4777 te
885 4732 1353 4791 commemoro,
1420 4712 1514 4776 mi
1584 4709 1885 4793 Gonzene,
1949 4721 2024 4778 ut
2088 4713 2210 4778 tibi
2275 4711 2558 4779 evellam

598 4798 1041 4882 suspicionem
1086 4800 1303 4865 nescio
1361 4797 1548 4865 ouius
1600 4799 1924 4863 amicitiae
1981 4805 2096 4864 aut
2149 4797 2558 4865 credulitatis

600 4886 839 4968 potius,
885 4885 991 4949 cui
1047 4884 1296 4951 scilicet
1346 4883 1562 4950 locum
1620 4883 1777 4949 dare
1833 4885 2079 4950 soleam
2178 4906 2335 4949 uum
2393 4885 2558 4950 istos

601 4969 811 5035 audio.
903 4968 1273 5037 Scriberem
1334 4991 1469 5035 non
1511 4969 1841 5035 illibenter
1897 4970 2090 5054 plura
2189 4992 2225 5035 e
2281 4969 2405 5036 hac
2461 4991 2554 5048 re,

600 5053 717 5121 sed
771 5057 1227 5139 occupationes
1283 5077 1418 5122 non
1473 5056 1721 5134 ferunt,
1789 5068 1858 5121 et
1926 5055 2007 5122 de
2060 5076 2208 5121 meo
2271 5077 2431 5140 erga
2488 5066 2557 5121 te

598 5142 820 5208 animo
863 5145 928 5205 ni
940 5142 1028 5207 bil
1070 5141 1370 5210 dubitare
1413 5161 1622 5224 spero.

629 5380 763 5444 258.
808 5383 861 5450 l)
906 5383 1187 5438 Calvinum
1223 5388 1377 5452 puta.

2142 451 2670 525 EPIS'I'OLAE
2714 454 3071 518 258—261

4518 453 4639 518 120

2853 638 2930 707 Si
2992 639 3228 722 nescis,
3294 640 3545 726 legatos
3609 640 3937 707 miserunt
3999 648 4144 705 tum
4199 638 4283 705 ad
4336 644 4638 706 senatum

2678 732 2982 792 nostrum
3038 732 3185 792 tum
3238 724 3320 791 ad
3371 725 3702 792 Calvinum
3746 725 4144 806 Genevates,
4199 725 4397 791 huius
4450 743 4639 791 revo-

2679 811 2876 879 candi
2927 814 3157 896 gratia.
3257 812 3772 896 Responderunt
3825 812 4035 878 nostri
4086 832 4157 877 se
4211 832 4390 877 nunc
4446 808 4640 876 valde

2679 919 2841 982 opus
2883 898 3126 964 habere
3176 896 3436 965 calvino
3478 898 3561 963 ad
3604 897 4016 981 colloquium,
4072 899 4317 982 partim
4369 903 4640 980 propter

2679 985 3044 1068 scripturae
3121 985 3364 1067 partim
3453 983 3720 1070 linguae
3807 983 4081 1069 gallicae
4166 984 4634 1068 cognitionem:

2679 1067 2950 1137 daturos
3006 1077 3225 1135 autem
3290 1090 3678 1154 responsum
3742 1071 3856 1137 ubi
3919 1070 4312 1153 colloquium
4372 1069 4638 1134 finitum

2677 1155 2897 1235 fuerit,
2953 1156 3128 1240 quod
3181 1154 3440 1239 quando
3493 1155 3795 1221 futurum
3850 1156 3938 1223 sit
3992 1155 4229 1222 nescio.
4331 1155 4637 1220 Primum

2679 1240 2856 1306 enim
2924 1239 3048 1309 bac
3111 1242 3478 1327 septimana
3541 1243 3862 1326 incipient
3925 1240 4234 1326 colloqui,
4309 1240 4502 1306 modo
4565 1239 4636 1305 id

2679 1327 2896 1393 visum
2948 1328 3146 1392 fuerit
3197 1326 3589 1394 cancellario
3634 1327 3938 1394 Caesaris
3989 1327 4309 1407 Granvell,
4363 1327 4475 1409 qui
4531 1329 4631 1392 21.

2678 1413 2878 1479 huius
2930 1414 3176 1481 mensis
3219 1415 3505 1497 primum
3549 1413 3990 1479 Wormatiam
4042 1415 4381 1499 ingressus
4435 1421 4551 1478 est.
4575 1412 4635 1496 ²)

2677 1497 2865 1565 Istuc
2939 1499 3054 1565 ille
3121 1500 3413 1579 transiit,
3493 1500 3861 1584 magnificis
3922 1500 4144 1565 lautiis
4207 1509 4406 1582 atque
4472 1495 4633 1564 adeo

2677 1584 2930 1668 poculis
2991 1605 3031 1649 a
3093 1585 3428 1669 republica
3489 1597 3717 1652 nostra
3780 1595 4107 1669 exceptus.
4213 1584 4496 1669 Scripsit
4550 1582 4636 1650 ad

2677 1689 2801 1735 nos
2844 1669 3134 1737 Buoems
3177 1678 3330 1737 ante
3372 1692 3613 1754 paucos
3648 1671 3787 1738 dies
3822 1675 3892 1737 in
3929 1672 4091 1737 haec
4124 1669 4357 1737 verba:
4411 1670 4636 1748 „Inter

2676 1776 2900 1839 regem
2955 1756 3302 1822 Gallorum
3366 1778 3442 1823 ac
3496 1757 3852 1824 Caesarem
3911 1757 4326 1826 intercedunt
4390 1756 4634 1821 iterum

2675 1862 2957 1925 magnae
3033 1842 3431 1922 molitiones,
3511 1844 3711 1909 etiam
3785 1843 3866 1909 de
3925 1844 4215 1926 ipsorum
4281 1849 4630 1909 conventu.

2674 1927 2853 1993 Hinc
2918 1927 3119 1993 etiam
3184 1929 3308 1994 has
3367 1950 3588 1995 moras
3651 1930 3797 1995 fieri
3862 1930 4130 2013 quidam
4195 1930 4630 2012 suspicantur.

2674 2013 2967 2079 Mundus
3029 2014 3085 2078 it
3147 2036 3217 2079 se
3281 2014 3628 2098 perditum.
3743 2015 4084 2099 Principes
4149 2021 4374 2080 tamen
4439 2011 4634 2080 multi

2675 2119 2901 2164 veram
2964 2120 3195 2183 pacem
3260 2108 3564 2184 spectant
3626 2109 3692 2165 et
3754 2109 4094 2186 quaerunt.
4108 2108 4136 2133 ‘⁴
4249 2100 4436 2167 Haec
4499 2099 4629 2166 ille.

2673 2185 2914 2251 Noster
2956 2192 3229 2252 senatus
3274 2195 3535 2270 postam
3575 2186 3898 2272 disposuit
3938 2187 4149 2271 pridie
4191 2195 4266 2252 ut
4305 2187 4483 2252 intra
4533 2190 4628 2250 18.

2674 2270 2889 2349 horae,
2936 2271 2993 2337 si
3037 2292 3076 2336 o
3120 2292 3202 2337 us
3245 2273 3350 2350 sit,
3396 2270 3568 2338 banc
3600 2272 3843 2340 habere
3880 2295 3919 2339 a
3952 2273 4187 2359 legatis
4224 2273 4633 2339 Wormatiae

2673 2357 2942 2440 possint.
3066 2292 3143 2423 gi
3207 2358 3362 2440 quid
3426 2366 3645 2424 actum
3711 2360 3928 2439 fuerit,
3995 2379 4112 2425 vos
4177 2379 4311 2424 non
4377 2359 4626 2424 celabo:

2672 2441 2865 2509 modo
2909 2443 3045 2508 sint
3084 2443 3329 2509 nuncii.
3378 2480 3461 2490 —
3504 2484 3586 2493 —-
3635 2483 3718 2493 —
3760 2480 3847 2493 ——

2845 2531 3112 2614 Argen„
3160 2534 3261 2595 24.
3307 2529 3717 2597 Novembris.

4104 2667 4452 2735 Bedrotus.

3567 3110 3716 3183 259.

3143 3249 3645 3319 BEDROTUS
3688 3250 4144 3319 MYOONIO.

2718 3508 2730 3521 ·
2842 3420 3085 3523 Iter-unp
3103 3422 3179 3488 de
3199 3423 3433 3507 negotio
3454 3422 3757 3489 librorum
3779 3424 3957 3505 apud
3978 3420 4311 3489 Calvinum
4330 3425 4628 3510 piqnoris

2665 3526 2795 3573 mee
3246 3559 3261 3574 .

2666 3679 2781 3743 (Ex
2815 3679 3154 3803 autogrggho
3189 3679 3331 3735 Bibl.
3364 3679 3516 3733 civic.
3553 3680 3734 3735 Turio.
3761 3680 3916 3734 MSS.
3934 3680 3995 3733 F.
4015 3685 4144 3735 tom.
4163 3678 4235 3734 80
4283 3682 4415 3736 olim
4449 3682 4623 3739 Carol.

2666 3748 2840 3803 XLV.
2878 3749 2967 3803 fol.
3115 3749 3234 3803 sine
3267 3749 3638 3818 inscriptione.
3709 3749 3934 3803 Initium
3970 3754 4186 3803 tantum
4220 3724 4622 3821 describimus.)

2837 3937 2907 4004 S.
2932 3937 3126 4023 Rogo
3146 3945 3231 4016 te,
3270 3938 3366 4002 mi
3401 3938 3735 4005 carissime
3770 3937 4047 4021 Myconi,
4081 3939 4379 4024 Alberyio
4402 3940 4622 4020 Gallo,

2662 4024 2778 4174 &ui
2821 4024 2998 4108 apud
3040 4045 3160 4090 vos
3203 4031 3541 4107 exspectat
3582 4025 3801 4091 nescio
3848 4046 4010 4108 quos
4053 4024 4275 4104 libros,
4322 4024 4500 4093 dicas
4532 4048 4623 4093 ne

2731 4129 2949 4176 noerae
2988 4110 3327 4193 negotium
3370 4110 3648 4176 facessat
3691 4112 3902 4177 toties.
3935 4111 3984 4193 ¹)
4085 4111 4273 4177 Nihil
4315 4112 4496 4177 enim
4538 4110 4622 4177 de

2662 4195 2850 4261 libris
2892 4196 2917 4260 i
3436 4194 3618 4277 Quin
3664 4198 3891 4263 scribit
3936 4195 4197 4264 Calvino
4239 4198 4451 4264 bonus
4492 4199 4621 4264 iste

2665 4281 2813 4347 vir?
2981 4281 3050 4345 ui
3107 4288 3285 4347 certo
3340 4284 3401 4346 ei
3455 4283 3851 4366 respondere
3904 4293 4134 4365 potest.
4238 4283 4384 4349 Nisi
4439 4283 4620 4350 enim

2664 4367 2872 4444 fallor,
2917 4365 3230 4450 quosdam
3276 4367 3431 4435 huic
3470 4368 3674 4434 libros
3695 4367 3959 4452 pignori
3981 4367 4176 4434 dedit.
4245 4369 4329 4434 In
4358 4389 4620 4435 summa

2664 4453 2909 4519 frustra
2950 4452 3140 4520 nobis
3174 4452 3429 4519 scribit:
3474 4455 3717 4520 frustra
3751 4454 3949 4519 etiam
3986 4463 4322 4538 exspectat
4358 4453 4622 4521 Calvino

2664 4539 2948 4616 absente,
3004 4546 3121 4605 aut
3173 4539 3505 4605 nesciente
3558 4537 3871 4623 quidnam
3924 4547 4121 4623 petat.
4220 4539 4619 4625 Quanquam

2661 4646 2837 4690 nunc
2901 4624 3119 4707 ipsum
3178 4627 3344 4692 scire
3400 4624 3696 4691 arbitror.
3802 4623 3987 4707 Quas
4045 4627 4224 4691 enim
4275 4626 4621 4712 Alberyius

2660 4710 2949 4776 Buoerae
2990 4711 3268 4794 scripsit,
3311 4711 3464 4776 misi
3487 4710 3943 4776 Wormatiam.
3993 4747 4072 4757 —
4116 4748 4202 4757 —
4248 4746 4330 4759 --
4374 4749 4456 4762 -

2834 4799 2933 4860 25.
2978 4795 3389 4862 Novembris.

2995 4195 3101 4261 ius
3143 4196 3346 4261 novit.

4091 4933 4439 5002 Bedrotus.

2663 5023 2894 5030 —a—
3015 5023 3068 5029 -.-

2863 5102 2923 5164 2)
2969 5103 3206 5159 Sleidan.
3241 5121 3295 5173 p.
3336 5104 3451 5158 197.
3503 5106 3757 5161 Veniebat
3790 5122 3825 5160 α
3859 5106 4189 5161 Vesontione.

2695 5169 2829 5232 259.
2867 5172 2925 5234 1)
2969 5173 3099 5226 Vide
3132 5175 3352 5228 omnino
3391 5174 3464 5228 N.
3499 5172 3618 5228 256.
