5050 6167
392 443 465 505 41
2182 440 2346 501 1540
2388 435 2583 502 MAI.
4305 445 4388 507 42

392 649 516 694 non
561 626 934 711 displiceret
974 635 1049 690 ut
1093 626 1576 709 aliquantulum
1622 623 1837 692 adhuc
1882 645 1958 690 ea
2000 645 2108 689 res
2154 622 2340 688 diffe-

389 723 587 778 ratur.

558 796 756 879 Quod
778 819 1057 862 examen
1080 796 1246 862 illud
1269 805 1588 874 nostrum,
1621 794 1703 860 de
1724 817 1851 879 quo
1884 797 2134 879 scripsi,
2173 795 2340 860 bono

390 885 571 950 fratri
618 883 1002 966 scrupulum
1045 883 1299 959 iniecit,
1356 882 1522 946 nihil
1579 883 1799 946 miror.
1891 882 2122 964 Neque
2167 883 2338 946 enim

390 990 637 1035 novum
681 978 784 1034 est
823 968 1028 1034 bonos
1072 970 1324 1033 animos
1366 967 1719 1033 formidare
1763 989 1848 1033 ne
1884 988 2080 1051 quam
2117 969 2185 1031 in
2232 989 2340 1032 su-

388 1056 837 1141 perstitionem
881 1055 1273 1130 relabamur,
1318 1054 1573 1136 quoties
1609 1053 1890 1118 audiunt
1926 1073 2047 1118 nos
2090 1052 2337 1135 aliquid

387 1149 679 1208 statuere
721 1140 892 1224 quod
952 1141 1154 1205 ullam
1214 1139 1321 1204 vel
1382 1141 1768 1204 affinitatem
1815 1139 1920 1205 vel
1966 1139 2339 1204 similitudi-

386 1249 535 1293 nem
577 1226 779 1292 habet
822 1248 967 1292 cum
1024 1226 1361 1308 papisticis
1405 1227 1756 1310 figmentis.
1849 1224 2100 1289 Verum
2142 1234 2220 1289 ut·
2261 1225 2340 1288 il-

386 1313 517 1378 lam
574 1311 1086 1379 sollicitudinem
1142 1318 1453 1376 excutere
1506 1311 1638 1376 illis
1694 1310 1896 1376 nolim
1956 1320 2118 1384 (non
2163 1312 2340 1376 enim

383 1419 734 1483 possumus
778 1396 901 1464 hac
944 1406 1130 1481 parte
1170 1398 1344 1463 iusto
1388 1418 1530 1462 esse
1574 1398 2018 1474 intentiores),
2076 1397 2171 1461 ita
2225 1418 2339 1478 op-

384 1485 584 1549 tarim
630 1484 776 1549 illos
815 1484 886 1547 in
934 1483 1271 1567 seligendo
1331 1505 1371 1548 a
1418 1484 1624 1567 paleis
1685 1495 1749 1548 et
1805 1482 2175 1565 quisquiliis
2220 1484 2337 1545 tri-

384 1572 513 1637 tico
553 1569 750 1654 paulo
794 1591 936 1635 esse
981 1568 1447 1653 diligentiores,
1537 1568 1750 1651 Saepe
1792 1569 1860 1633 id
1896 1566 2016 1632 tibi
2060 1576 2339 1633 testatus

383 1677 550 1734 sum,
594 1675 727 1721 non
786 1653 999 1720 videri
1056 1654 1223 1719 mihi
1275 1654 1438 1719 utile
1491 1676 1634 1720 esse
1690 1654 1977 1720 ecclesiis
2035 1654 2338 1737 abrogari

384 1742 889 1818 confessionem,
946 1741 1077 1805 nisi
1132 1740 1199 1804 id
1256 1739 1430 1823 quod
1488 1762 1697 1822 nuper
1752 1740 2008 1804 institui
2065 1740 2136 1804 in
2196 1743 2337 1804 eius

382 1827 601 1893 locum
648 1828 1052 1911 subrogetur.
1128 1825 1278 1907 Quo
1318 1827 1633 1891 rationem
1677 1846 1890 1890 meam
1938 1824 2052 1889 tibi
2096 1826 2337 1890 melius

382 1933 740 1996 exponam,
858 1913 998 1977 rius
1052 1910 1263 1976 obiter
1322 1910 1900 1976 demonstrandum
1957 1919 2089 1988 est,
2145 1911 2336 1993 quale

381 1997 547 2064 illud
602 2000 704 2063 sit.
872 2018 1030 2062 uum
1090 1999 1297 2061 instat
1352 1997 1489 2061 dies
1545 2017 1781 2062 coenae
1847 1996 2031 2062 edico
2087 2004 2165 2062 ut
2222 1997 2334 2079 qui

382 2085 867 2152 communicare
921 2084 1199 2168 cupiunt
1253 2084 1439 2167 prius
1497 2103 1567 2147 se
1611 2082 1776 2147 mihi
1818 2090 2333 2166 repraesentent,

381 2171 581 2235 simul
640 2170 926 2252 adiungo
979 2171 1050 2233 in
1092 2189 1286 2251 quem
1330 2170 1559 2247 finem,
1628 2177 1705 2233 ut
1762 2169 1871 2251 qui
1928 2168 2125 2233 rudes
2179 2177 2337 2232 sunt

380 2255 600 2322 adhue
634 2265 703 2320 et
737 2255 1070 2337 religionis
1104 2255 1387 2337 imperiti
1411 2254 1645 2319 melius
1680 2255 2061 2330 formentur,
2099 2253 2334 2319 deinde

378 2353 453 2406 ut
505 2342 617 2424 qui
661 2362 823 2424 opus
868 2340 1114 2406 habent
1148 2339 1416 2423 speciali
1451 2340 1816 2404 monitione
1852 2360 1998 2404 eam
2043 2340 2335 2420 audiant,

378 2435 713 2511 postremo
756 2435 832 2491 ut
873 2427 928 2492 si
974 2426 1085 2509 qui
1145 2426 1363 2508 aliqua
1404 2427 1839 2491 conscientiae
1881 2424 2335 2507 inquietudine

380 2520 811 2596 torqueantur
854 2511 1360 2577 consolationem
1416 2513 1756 2595 accipiant.
1845 2509 2173 2591 Quoniam
2219 2532 2333 2575 au-

377 2609 518 2664 tem
563 2598 926 2682 periculum
974 2607 1077 2663 est
1118 2618 1203 2661 ne
1246 2596 1449 2681 plebs,
1496 2618 1662 2680 quae
1707 2619 1841 2662 non
1886 2598 2046 2662 satis
2092 2596 2333 2662 discer-

378 2685 478 2750 nit
527 2685 703 2748 inter
742 2682 997 2749 Christi
1051 2683 1280 2766 iugum
1340 2692 1407 2748 et
1451 2682 1844 2747 Antichristi
1889 2682 2332 2766 tyrannidem,

378 2791 448 2835 se
486 2771 563 2834 in
606 2790 849 2834 novam
894 2769 1278 2834 servitutem
1340 2768 1553 2852 redigi
1596 2777 1815 2851 putet,
1876 2767 2033 2833 huie
2077 2766 2333 2833 dubita-

378 2856 547 2921 tioni
592 2856 791 2920 etiam
834 2875 1119 2921 occurro.
1209 2855 1699 2920 confessionem
1754 2854 2139 2936 papistieam
2196 2873 2331 2917 non

377 2949 640 3007 tantum
685 2941 850 3006 mihi
889 2940 1247 3023 improbari
1306 2948 1538 3019 testor,
1596 2938 1711 3005 sed
1769 2939 2058 3004 rationes
2113 2938 2332 3022 palam

378 3025 658 3102 ostendo
701 3047 819 3093 our
861 3025 1229 3108 displiceat:
1275 3024 1507 3091 deinde
1549 3026 1623 3090 in
1712 3046 1904 3091 enere
1948 3026 2330 3109 pronunci0,

379 3134 519 3179 non
582 3120 845 3177 tantum
910 3133 952 3177 a
1012 3111 1582 3195 superstitionibus
1645 3111 1777 3177 ilis
1844 3110 2330 3177 abhorrendum

379 3219 529 3265 esse
570 3197 807 3281 quibus
840 3197 1160 3282 implicita
1191 3197 1334 3276 fuit,
1380 3196 1494 3262 sed
1529 3196 1781 3262 nullam
1816 3197 2082 3262 omnino
2116 3197 2332 3262 feren-

379 3283 537 3350 dam
581 3304 727 3350 esse
769 3284 984 3368 legem
1020 3303 1187 3366 quae
1230 3283 1660 3349 conscientias
1703 3281 1954 3365 laqueis
1990 3283 2329 3366 astringat.

379 3370 730 3438 Christum
773 3371 953 3435 enim
1011 3369 1278 3434 unicum
1334 3388 1478 3435 esse
1532 3376 1830 3434 nostrum
1887 3368 2332 3452 legislatorem

378 3458 484 3522 cui
532 3455 740 3522 simus
782 3455 1119 3521 debitores.
1208 3455 1450 3521 Postea
1492 3452 1710 3536 doceo,
1767 3453 1936 3519 nihil
1993 3454 2101 3520 hic
2144 3452 2331 3518 dero·

380 3543 528 3628 gari
575 3541 858 3606 libertati
904 3550 1185 3618 nostrae,
1230 3540 1489 3624 quando
1533 3540 1702 3605 nihil
1754 3541 2017 3623 penitus
2059 3540 2333 3624 iniungo

379 3626 558 3711 quod
627 3647 761 3692 non
831 3625 1139 3692 Christus
1201 3626 1343 3710 ipse
1406 3626 1917 3709 praescripserit.
2030 3624 2333 3706 Quantae

380 3714 561 3778 enim
605 3710 1051 3794 impudentiae
1085 3722 1258 3778 esset
1297 3732 1431 3777 non
1475 3711 1732 3796 dignari
1774 3712 1969 3776 fidem
2008 3719 2190 3776 tuam
2229 3732 2333 3776 ec·

379 3798 621 3865 clesiae
681 3797 1071 3881 approbare,
1140 3799 1324 3863 cuius
1388 3798 1912 3863 communionem
1980 3796 2197 3879 petis?
2266 3805 2335 3861 et

380 3905 581 3968 quam
624 3886 865 3949 misera
899 3885 1027 3948 erit
1060 3883 1369 3949 ecclesiae
1403 3882 1706 3960 conditio,
1757 3883 1813 3947 si
1849 3884 1917 3946 in
1954 3883 2121 3947 tanti
2155 3903 2336 3966 mys-

382 3971 540 4036 terii
582 3970 1153 4052 participationem
1196 3971 1487 4052 recipere
1543 3976 1815 4053 cogatur
1867 3989 2028 4051 quos
2070 3968 2177 4034 vel
2222 3989 2335 4051 pe-

380 4059 567 4122 nitus
608 4056 887 4139 ignorat,
934 4055 1040 4120 vel
1083 4057 1250 4120 forte
1292 4062 1629 4139 suspectos
1665 4053 1908 4120 habet?
2000 4057 2219 4137 Atque
2262 4062 2337 4118 ut

385 4142 467 4207 de
514 4142 789 4207 ecclesia
831 4150 1105 4219 taceam,
1148 4142 1453 4206 minister
1492 4141 1653 4224 ipse,
1716 4142 1822 4206 cui
1868 4139 1990 4204 hac
2033 4139 2179 4223 lege
2223 4139 2335 4204 de-

383 4227 700 4293 mandata
734 4235 837 4292 est
879 4226 1078 4292 huius
1123 4228 1372 4310 gratiae
1408 4226 1807 4310 dispensatio
1849 4245 1935 4289 ne
1970 4247 2113 4290 eam
2158 4227 2335 4290 cani-

382 4313 515 4379 bus
558 4334 635 4380 ac
677 4314 888 4395 porcis
931 4312 1304 4395 prostituat,
1352 4334 1436 4377 ne
1479 4323 1723 4377 temere
1769 4311 1986 4396 dignis
2029 4311 2225 4377 simul
2261 4331 2336 4376 ao

384 4397 680 4484 indignis
714 4398 895 4464 nullo
928 4397 1181 4464 delectu
1214 4397 1588 4480 profundat,
1626 4396 1948 4481 quomodo
1982 4396 2107 4461 hoc
2140 4418 2339 4461 onere

389 4484 803 4570 defungetur,
849 4485 978 4549 nisi
1023 4493 1267 4550 certam
1311 4483 1595 4565 aliquam
1642 4481 1876 4566 dignos
1917 4483 2001 4548 ab
2045 4483 2338 4567 indignis

389 4570 801 4636 discernendi
850 4572 1174 4636 rationem
1228 4568 1446 4634 ineat?
1535 4568 1671 4634 Sed
1716 4590 1836 4653 ego
1880 4569 2144 4651 ineptus
2189 4590 2337 4634 sum

389 4659 501 4740 qui
566 4657 729 4723 haee
802 4656 975 4740 apud
1042 4667 1107 4721 te
1171 4655 1432 4740 longius
1493 4675 1869 4738 prosequor.
1981 4655 2337 4720 Praeterea

388 4750 651 4826 tempus
705 4762 958 4825 quoque
1012 4761 1119 4805 me
1187 4740 1507 4807 deficeret.
1610 4740 1869 4807 Accidit
1920 4740 2098 4804 enim
2162 4739 2335 4822 quod

388 4828 698 4906 verebar,
756 4849 860 4894 me
905 4849 1037 4893 non
1081 4827 1283 4893 semel
1327 4849 1367 4892 a
1409 4826 1758 4909 scriptione
1803 4826 2082 4892 avocari.
2172 4825 2333 4891 Pos-

389 4925 601 4980 tremo
643 4915 783 4980 loco
827 4914 1281 4980 necessitatem
1326 4912 1522 4978 huius
1565 4910 1815 4976 ordinis
1860 4912 2336 4995 utilitatemque

393 4998 669 5078 declaro,
718 5020 913 5082 quam
956 5009 1029 5063 tu
1087 4999 1268 5064 velut
1309 5017 1347 5063 a
1389 5019 1495 5062 me
1538 4997 1930 5080 explicatam
1981 4998 2147 5063 bono
2192 4998 2335 5062 viro

392 5086 653 5152 referes.

564 5173 728 5238 Tres
771 5170 872 5235 illi
917 5169 1164 5235 nobiles
1208 5168 1656 5235 adulescentes
1690 5191 1850 5252 quos
1893 5168 2176 5252 hospitio
2219 5192 2334 5234 ex-

395 5259 655 5340 cepisti,
711 5278 787 5322 eo
841 5255 1053 5339 magis
1104 5258 1476 5321 comitatem
1520 5254 2108 5338 liberalitatemque
2152 5265 2334 5320 tuam

396 5342 875 5422 commendant,
912 5363 1040 5425 quo
1076 5340 1453 5424 diligentius
1483 5361 1774 5419 excusas,
1811 5348 1875 5406 te
1910 5341 2131 5407 minus
2164 5339 2337 5424 quod

2444 623 2713 690 volebas
2746 625 3169 706 praestitisse.
3236 625 3419 707 Quin
3454 628 3652 691 etiam
3689 626 3887 692 rideri
3923 648 3994 692 se
4028 638 4281 710 putant,
4305 632 4391 714 ¹⁸)

2445 709 2618 793 quod
2659 711 2756 775 ita
2797 719 2978 775 tuam
3018 732 3176 794 erga
3211 733 3281 776 sc
3315 711 3813 777 beneficentiam
3859 721 4195 779 extenuas.
4270 712 4390 780 Cae

2432 796 2591 876 pito,
2628 795 2934 876 Bucerus‘,
2985 795 3326 876 &ur-naim,
3353 797 3739 877 BredrottuS,
3756 801 3836 878 ¹⁴)
3879 798 4207 879 Claudius
4251 820 4392 864 om-

2444 902 2564 946 nes
2587 881 2769 948 Galli
2791 889 2856 945 te
2881 883 3274 948 amicissime
3297 884 3614 949 salutant:
3639 905 3918 967 quorum
3942 906 4135 950 nemo
4158 894 4259 951 est
4279 886 4391 969 qui

2445 988 2575 1031 non
2613 967 2974 1032 adventum
2998 977 3188 1033 tuum
3226 969 3599 1035 avidissime
3622 977 3973 1052 exspectet,
4012 993 4141 1036 non
4166 972 4388 1038 minus

2443 1073 2593 1117 mea
2629 1074 2825 1118 causa
2854 1074 3049 1136 quam
3085 1062 3160 1119 ut
3181 1063 3445 1137 aspectu
3481 1064 3595 1121 tuo
3617 1057 3935 1121 fruantur.
4013 1055 4190 1137 Quia
4210 1058 4387 1121 enim

2445 1147 2798 1222 utrumque
2843 1149 3087 1208 amant.
3133 1142 3423 1225 cogitant
3463 1142 3543 1206 de
3585 1154 3880 1225 utroque.
3973 1142 4282 1208 Nicolaus
4325 1152 4392 1207 et

2446 1223 2832 1290 Heinrichus
2874 1234 3139 1290 strenue
3174 1248 3353 1292 nunc
3397 1228 3683 1293 student.
3755 1226 4060 1292 Nicotaus
4094 1249 4390 1310 praeser-

2444 1311 2563 1373 tim
2611 1318 2788 1375 totus
2844 1309 3047 1376 ardet.
3139 1312 3434 1377 Iacobum
3484 1313 3590 1378 his
3646 1312 3873 1379 diebus
3929 1312 4010 1377 ad
4079 1335 4183 1378 me
4224 1316 4387 1381 reci-

2442 1395 2623 1477 piam
2685 1396 2887 1462 donec
2942 1397 3149 1463 abeat.
3238 1396 3491 1464 Omnes
3544 1420 3796 1483 quoque
3850 1399 3961 1464 isti
4014 1409 4390 1465 reverenter

2443 1488 2511 1545 te
2555 1481 2880 1559 salutant,
2939 1504 3073 1547 una
3125 1505 3275 1549 cum
3331 1486 3532 1550 fratre
3590 1506 3754 1550 meo.
3845 1483 4096 1551 Omnes
4152 1486 4390 1552 fratres

2442 1567 2733 1632 vicissim
2768 1567 2936 1632 mihi
2971 1589 3103 1634 non
3141 1569 3504 1652 vulgariter
3540 1571 3872 1650 salutabis,
3918 1570 4207 1653 meisque
4240 1592 4390 1638 ver·

2443 1650 2545 1717 bis
2590 1653 2936 1719 nunciabis
2980 1675 3089 1719 eos
3132 1655 3350 1720 animo
3393 1677 3540 1721 meo
3584 1679 3740 1723 vere
3783 1656 4088 1721 insidere.
4173 1656 4390 1723 Gorde-

2441 1738 2588 1804 rius
2618 1746 3005 1822 praeceptor
3042 1762 3230 1807 meus
3268 1751 3332 1806 et
3357 1743 3634 1808 michael
3666 1742 4076 1809 excusabunt
4117 1743 4226 1808 vel
4261 1743 4387 1808 sal-

2442 1830 2578 1888 tem
2622 1825 2965 1908 ignoscent
3008 1826 3179 1910 quod
3239 1827 3458 1892 nullas
3514 1851 3552 1893 a
3609 1850 3716 1893 me
3773 1828 3996 1893 literas
4039 1829 4385 1912 recipiunt.

2441 1908 2639 1988 Vale,
2701 1911 2903 1975 frater
2946 1912 3349 1978 suavissime.
3438 1914 3790 1980 Familiam
3834 1927 4016 1979 tuam
4057 1935 4143 1979 ne
4198 1935 4387 1998 prae—

2440 1996 2784 2060 termittas.
2818 1997 2902 2079 ιὅ)

3459 2082 3778 2151 Calvinus
3823 2094 3976 2151 tuus
4019 2093 4215 2152 totus.

2611 2252 2743 2317 Hic
2787 2254 3065 2318 nuncius
3119 2263 3220 2320 est
3263 2256 3366 2320 vir
3425 2257 3656 2322 sinceri
3714 2256 3936 2321 animi.
4024 2257 4184 2322 Ideo
4227 2257 4386 2325 iussi

2439 2344 2516 2403 ut
2561 2347 2741 2403 recta
2785 2338 2867 2404 ad
2914 2349 2978 2404 te
3023 2340 3395 2406 diverteret.

3346 2784 3490 2856 219.

2999 2921 3354 2988 OALVIN
3397 2926 3460 2988 A
3503 2924 3840 2991 FAREL.

2615 3092 2824 3159 Lettre
2879 3092 2954 3159 de
3007 3093 3590 3160 recommavtdation.
3688 3094 3959 3162 Devoirs
4025 3098 4068 3163 ὰ
4126 3100 4392 3183 remplir

2437 3197 2656 3244 mers
2698 3177 2963 3264 PEylisc
3003 3180 3169 3246 dans
3208 3178 3265 3243 le
3305 3178 3487 3246 choix
3528 3180 3640 3246 des
3670 3187 3982 3262 pasteura

2437 3347 2622 3414 (Cette
2670 3349 2832 3404 lettre
2879 3367 2913 3402 a
2961 3349 3049 3403 ete
3083 3349 3295 3404 insere'e
3341 3368 3443 3420 par
3478 3350 3738 3406 Oolladon
3785 3352 3922 3408 dans
3969 3371 4031 3408 sa
4075 3357 4387 3413 traduction

2435 3417 2703 3540 franffse
2750 3418 2819 3500 de
2853 3419 2907 3472 la
2950 3419 3040 3472 vie
3084 3419 3152 3473 de
3188 3419 3394 3486 Oalvin,
3431 3436 3621 3511 epmm.
3657 3438 3752 3475 sur
3785 3422 3945 3476 losue
3982 3422 4131 3507 15535,
4158 3496 4169 3508 Ο
4213 3466 4225 3478 .
4264 3425 4381 3493 172,

2436 3485 2519 3539 ed.
2621 3487 2836 3540 rankhn
2883 3504 2938 3556 p.
2974 3484 3093 3541 245.
3149 3487 3301 3542 Nous
3337 3505 3406 3542 ne
3442 3490 3644 3543 lavons
3679 3507 3778 3560 pas
3798 3496 4086 3548 retrouvee
4121 3512 4155 3547 a
4215 3499 4388 3563 eura.)

2438 3660 2684 3723 Amon
2709 3657 3008 3724 trescher
3036 3660 3207 3725 frere
3243 3669 3309 3724 et
3342 3660 3660 3744 singulier
3707 3664 3836 3727 ami
3875 3663 3967 3728 M.
4009 3664 4389 3734 Guillaume

2438 3743 2641 3809 Farel
2660 3794 2675 3822 ,
2735 3743 2926 3809 fidele
2986 3745 3288 3809 ministre
3345 3745 3424 3810 de
3468 3746 3655 3812 Iesus
3698 3747 3928 3813 Christ
3984 3759 4252 3832 pasteur
4307 3752 4390 3819 de

2995 3830 3224 3915 leglise
3269 3829 3350 3896 de
3395 3831 3837 3898 Neufchastel.

2615 3965 2932 4032 Combien
2978 3986 3104 4050 que
3149 3966 3229 4031 N.
3292 3966 3449 4034 s‘est
3503 3968 3841 4034 tellement
3895 3982 4229 4054 gouverne
4270 3995 4392 4057 par

2441 4050 2604 4136 deca
2645 4060 2715 4116 et
2755 4052 2933 4117 aussi
2989 4074 3029 4116 a
3083 4054 3303 4135 acquis
3361 4054 3417 4119 si
3471 4053 3687 4120 bonne
3744 4058 4112 4138 reputation
4157 4080 4392 4125 envers

2440 4159 2596 4222 moy
2652 4135 3255 4220 particulierement
3325 4139 3460 4223 quil
3534 4141 3896 4207 meriteroit
3958 4163 4084 4224 que
4148 4144 4208 4209 ie
4271 4145 4392 4233 luy

2440 4222 2765 4289 donnasse
2798 4245 2937 4307 ung
2970 4222 3100 4287 bon
3136 4228 3582 4310 tesmoignage
3625 4234 3766 4291 tout
3801 4248 3887 4292 au
3920 4227 4095 4312 long,
4141 4238 4389 4298 toute&

2440 4311 2562 4374 fois
2605 4330 2845 4393 pource
2887 4330 3014 4391 que
3046 4310 3110 4374 ie
3145 4332 3271 4395 voy
3309 4333 3434 4395 que
3474 4315 3546 4377 be
3586 4313 3787 4377 seroit
3819 4312 4017 4380 chose
4062 4319 4389 4398 superflue

2441 4417 2526 4460 en
2572 4405 2791 4461 vostre
2836 4395 3095 4461 endroit
3153 4397 3214 4461 ie
3267 4418 3417 4462 men
3474 4397 3876 4484 deporteray.
3977 4399 4051 4463 Ie
4095 4421 4229 4486 nay
4268 4424 4388 4486 pas

2440 4502 2568 4564 peu
2609 4502 2842 4547 encore
2887 4481 3036 4546 bien
3093 4480 3406 4548 entendre
3465 4504 3504 4547 a
3547 4483 3761 4565 quelle
3805 4485 4045 4569 charge
4089 4508 4249 4554 vous
4292 4490 4387 4554 la-

2441 4588 2561 4632 vez
2620 4566 2901 4632 destinet
2963 4569 3128 4634 mais
3185 4568 3552 4653 cependant
3603 4570 3665 4635 ie
3727 4569 3937 4635 desire
3995 4572 4207 4654 quelle
4263 4574 4390 4639 soit

2440 4653 2598 4717 telle
2641 4674 2765 4736 que
2808 4674 2882 4719 ce
2927 4654 3059 4718 soit
3099 4675 3265 4739 pour
3308 4654 3618 4720 lavancer
3675 4655 3957 4738 plustost
4010 4678 4136 4740 que
4179 4658 4241 4723 16
4283 4680 4387 4724 ι·6-

2440 4738 2679 4803 tarder.
2748 4738 2883 4803 Oar
2926 4740 2984 4804 si
3025 4761 3191 4805 nous
3234 4740 3510 4806 voulons
3545 4740 3692 4806 bien
3729 4743 4039 4823 pourvoir
4072 4763 4204 4808 aux
4237 4765 4385 4826 pro-

2439 4826 2552 4888 fits
2589 4822 2668 4889 de
2711 4823 2940 4908 leglise
2974 4824 3023 4889 il
3068 4846 3234 4891 nous
3278 4827 3443 4891 fault
3481 4825 3770 4909 appeller
3803 4847 3843 4892 a
3877 4827 4087 4892 loffice
4122 4828 4204 4893 de
4234 4849 4385 4911 pas-

2649 5011 2741 5140 ῗὲζ
2775 5011 2908 5135 {lg-y
2944 5014 3103 5067 think
3138 5013 3268 5084 they
3304 5030 3393 5066 sec
3431 5013 3641 5082 (videre
3655 5011 3729 5081 2).

2648 5148 2735 5215 15)
2769 5149 3032 5205 Fan-ellus
3065 5148 3253 5204 addit.-
3287 5168 3474 5205 mense
3507 5153 3649 5206 maio
3685 5150 3838 5205 1540.
3907 5149 3989 5204 Et
4022 5148 4240 5218 fficiam
4273 5168 4382 5207 nte-

2438 5218 2553 5287 dio,
2591 5218 2643 5272 si
2676 5218 2812 5287 quid
2844 5218 3111 5287 videmus,
3146 5218 3263 5273 sca.
3293 5225 3422 5287 post
3457 5220 3511 5274 d.
3558 5220 3592 5273 9
3637 5235 3745 5289 quo
3788 5219 4103 5287 moripta
4146 5219 4260 5287 fuit
4294 5237 4381 5278 re-

2438 5287 2660 5412 ἒοοκείο
2705 5286 2782 5341 ad
2825 5286 3116 5344 Gaesarem
3160 5303 3335 5357 aspra
3378 5294 3703 5358 memorata,
3763 5293 3815 5342 et
3857 5287 4218 5358 probabaiter
4259 5290 4383 5361 ipso

2480 5396 2495 5411 .
2535 5357 2599 5411 19
2634 5356 2821 5412 statim
2848 5362 2976 5428 poet
3008 5357 3289 5428 epistolam
3324 5358 3401 5413 ad
3440 5358 3703 5416 Virmn.
