5050 6167
673 450 799 513 523

670 633 1077 702 audivissent
1117 633 1359 698 fiatres
1392 631 1584 699 valde
1615 631 1842 698 mirati
1875 639 2052 711 sunt,
2098 630 2272 715 quod
2309 652 2389 697 ea
2421 630 2627 697 eccle-

668 722 770 788 sia
812 740 1069 803 semper
1109 719 1432 786 habuerat
1473 740 1624 785 cum
1659 719 1754 783 eis
1775 718 1997 783 omnia
2016 718 2405 794 communia,
2450 738 2628 782 nunc

665 808 692 873 i
772 807 829 873 is
871 804 1097 872 insciis
1140 803 1389 888 aliquid
1430 811 1735 870 tentaret.
1803 802 2084 869 Dicebat
2115 804 2305 868 enim
2351 801 2627 868 Michael

740 913 930 959 ucem
973 892 1349 975 praecipere
1391 898 1467 956 ut
1508 890 1923 974 erigerentur
1957 896 2213 955 statuae
2235 889 2505 967 Christi,
2550 894 2630 953 nt

667 979 907 1045 fierent
946 978 1274 1042 orationes
1317 995 1436 1059 pro
1482 974 1823 1054 defunctio,
1871 982 1940 1040 et
1982 976 2113 1040 alia
2154 975 2427 1059 nugalia
2469 995 2629 1057 quo-

666 1084 818 1130 rum
861 1063 1155 1129 omnium
1199 1061 1386 1127 nulla
1426 1064 1505 1128 fit
1544 1063 1807 1127 mentio,
1868 1060 2094 1142 Quum
2139 1070 2360 1126 autem
2404 1081 2625 1125 exem-

667 1150 816 1234 plar
857 1169 1068 1214 unum
1111 1147 1587 1224 habuissemus,
1634 1148 1801 1213 bone
1827 1146 2032 1226 Deus,
2078 1146 2400 1230 quomodo
2433 1145 2626 1210 multi

667 1257 754 1301 ex
796 1235 1043 1301 nostris
1085 1234 1473 1299 irriserunt!
1520 1233 1884 1317 Propterea
1928 1232 2101 1316 quod
2145 1234 2237 1298 ibi
2280 1235 2358 1298 fit
2377 1231 2626 1297 mentio

665 1321 982 1388 feriarum
1005 1319 1274 1398 Christi,
1320 1320 1764 1403 apostolorum
1803 1329 1870 1383 et
1892 1319 2170 1384 aliorum
2195 1317 2623 1402 quorundam,

667 1428 909 1474 coenae
965 1406 1252 1491 aegrotis
1309 1414 1377 1470 et
1428 1406 1539 1489 qui
1595 1403 1679 1469 ad
1734 1414 2014 1470 mortem
2070 1404 2426 1470 adiudicati
2471 1414 2626 1469 sunt

667 1489 1273 1571 communicandae,
1337 1490 1559 1557 festivi
1615 1490 2054 1573 baptismatis,
2122 1491 2395 1576 indigna
2459 1510 2625 1573 quae

668 1579 1121 1662 reciperentur
1165 1575 1358 1643 multi
1401 1598 1486 1641 ex
1527 1577 1771 1642 nostris
1817 1575 2293 1644 adiudicabant.
2368 1574 2625 1642 Deinde

671 1666 828 1749 quia
877 1664 971 1730 ibi
1035 1670 1191 1730 sunt
1243 1662 1464 1728 variae
1522 1670 1590 1727 et
1644 1662 2041 1746 multiplices
2113 1663 2436 1728 orationes
2503 1683 2624 1746 pro

669 1750 951 1817 statibus
1005 1748 1237 1815 mundi
1294 1755 1362 1814 et
1404 1749 1902 1815 necessitatibus
1964 1750 2404 1827 ecclesiarum,
2449 1747 2626 1812 inter

713 1856 833 1901 uas
892 1842 1050 1902 sunt
1102 1855 1219 1917 pro
1272 1834 1593 1900 fructibus
1648 1842 1862 1900 terrae
1906 1842 1974 1899 et
2018 1835 2255 1900 animis
2298 1834 2372 1899 in
2417 1834 2625 1898 tribu-

738 1921 918 1988 tione
959 1919 1443 1999 exsistentibus,
1488 1917 1839 1986 irridentes
1883 1919 2186 1987 dicebant
2221 1941 2364 1986 esse
2385 1920 2624 1985 oratio-

665 2029 822 2075 nem
886 2027 1005 2090 pro
1075 2004 1416 2072 animabus
1469 2008 1540 2071 in
1605 2007 1982 2090 purgatorio
2051 2006 2352 2072 detentis.
2436 2005 2626 2087 Quae

666 2114 874 2179 quum
937 2094 1349 2159 rescivissem
1429 2093 1601 2157 male
1667 2113 1774 2156 me
1840 2092 2232 2159 habuerunt.
2323 2091 2624 2173 Quorum

668 2180 965 2246 omnium
1025 2177 1441 2262 antesignani
1484 2188 1673 2243 erant
1715 2177 2126 2244 Barbarinus
2168 2186 2237 2242 et
2284 2178 2558 2261 Gaspar,
2569 2177 2625 2262 ⁷)

666 2265 904 2350 quibus
947 2286 1066 2348 pro
1100 2265 1275 2330 virili
1316 2266 1548 2330 restiti.
1590 2264 1738 2331 Hoc
1781 2264 1960 2329 enim
2004 2264 2451 2330 testimonium
2487 2265 2627 2329 fero

666 2351 752 2418 de
794 2351 918 2418 1188
960 2350 1389 2429 ordinatione,
1434 2372 1662 2416 veram
1700 2372 1842 2416 esse
1879 2358 1947 2416 et
1968 2350 2279 2427 divinam,
2325 2350 2627 2434 nihilque

666 2457 813 2505 esse
855 2435 1032 2521 quod
1073 2457 1209 2502 non
1251 2436 1535 2502 libenter
1576 2436 1919 2520 reciperes.
1965 2437 2076 2501 Ex
2118 2435 2224 2500 his
2258 2436 2627 2521 intelligere

665 2530 882 2609 potes,
949 2544 1149 2606 quam
1201 2521 1495 2607 plerique
1538 2530 1837 2588 nostrum
1881 2522 2018 2587 sint
2059 2523 2237 2605 pacis
2280 2532 2346 2587 et
2387 2523 2626 2606 paeda-

666 2609 901 2695 gogiae
944 2614 1259 2675 amantes.
1303 2607 1389 2674 In
1424 2608 1562 2674 dies
1598 2615 1664 2673 et
1699 2608 1898 2673 horas
1934 2616 2419 2692 conqueruntur
2453 2606 2627 2692 quod

664 2695 947 2779 populus
988 2715 1125 2761 non
1168 2691 1428 2760 obediat
1475 2693 1846 2779 evangelie,
1914 2694 2087 2779 quod
2142 2695 2331 2777 parvi
2383 2694 2629 2759 faciant

664 2782 1021 2847 ministros.
1102 2780 1359 2846 Malum
1404 2779 1669 2863 quidem
1709 2780 1956 2860 vident,
2002 2780 2117 2847 sed
2161 2802 2427 2847 causam
2467 2781 2626 2846 mali

663 2866 891 2934 videre
933 2887 1065 2931 non
1109 2874 1400 2949 possunt.
1448 2866 1668 2933 08888
1711 2867 1870 2931 81811
1912 2874 2013 2932 881
2051 2866 2224 2950 quod
2263 2866 2456 2932 multi
2489 2888 2626 2932 non

661 2952 919 3019 faciunt
950 2973 1145 3018 suum
1183 2951 1489 3032 officium,
1536 2961 1602 3018 et
1643 2953 1926 3036 populus
1969 2951 2310 3036 disciplina
2351 2973 2489 3019 non
2520 2974 2626 3018 re-

665 3038 866 3124 gitur.
951 3038 1065 3103 Illi
1118 3038 1589 3104 monachatum
1647 3038 1967 3105 damnant
2024 3047 2091 3104 et
2145 3048 2369 3105 tamen
2428 3038 2626 3104 multi

663 3125 810 3192 veri
853 3131 1012 3190 sunt
1053 3125 1378 3205 monachi,
1425 3125 1548 3192 hoc
1592 3133 1709 3204 est,
1756 3125 2119 3191 solitariam
2156 3126 2361 3192 vitam
2397 3134 2623 3210 agunt,

661 3231 800 3276 non
841 3209 1192 3294 vigilantes
1235 3232 1436 3295 super
1477 3232 1761 3296 gregem.

1351 3297 1506 3364 Huc
1562 3319 1766 3382 usque
1811 3296 2024 3364 tristia
2067 3298 2409 3377 nunciavi,
2449 3296 2625 3363 18818

662 3402 844 3448 nunc
915 3382 1314 3467 significabo.
1413 3381 1865 3450 Summarium
1926 3384 2085 3450 satis
2151 3382 2500 3468 diligenter
2558 3391 2626 3449 et

663 3465 1009 3533 emendate
1073 3468 1468 3553 impressum
1536 3470 1727 3555 est.⁸)
1816 3468 2103 3551 Quidam
2148 3490 2235 3534 ex
2288 3469 2620 3549 1181111188,

708 3574 871 3618 uum
924 3553 1291 3620 inciderent
1330 3556 1406 3619 in
1447 3555 1667 3622 locum
1729 3555 2051 3638 quomodo
2110 3557 2359 3640 aegroti
2402 3564 2623 3639 petere

662 3574 904 3706 debent
955 3660 1225 3707 coenam
1279 3641 1404 3707 sibi
1461 3639 1636 3721 dari,
1690 3642 1925 3707 offensi
1986 3643 2289 3721 fuerunt,
2334 3642 2622 3709 dicentes

661 3731 731 3791 te
773 3746 911 3791 non
955 3724 1254 3793 debuisse
1297 3727 1460 3795 haec
1502 3728 1577 3793 in
1619 3727 1832 3794 lucem
1876 3729 2196 3809 emittere,
2243 3728 2404 3813 quin
2437 3728 2622 3812 prius

659 3810 975 3878 fratribus
1019 3814 1587 3881 communicasses.
1677 3814 1935 3896 Quibus
1978 3815 2313 3900 respondi,
2358 3824 2425 3881 te
2469 3835 2621 3881 cum

664 3895 925 3965 calvino
969 3905 1035 3965 et
1070 3899 1275 3966 Vim
1339 3901 1711 3966 contulisse.

658 3984 913 4051 Datum
955 3985 1381 4054 Novaevillae
1425 3990 1507 4052 27
1547 3987 1776 4053 Martii
1823 3990 2004 4053 1543.

1846 3936 2619 3951 —————-·0

1573 4380 1729 4452 460.

661 4515 787 4581 LE
832 4499 1140 4583 samm
1182 4516 1310 4583 DE
1370 4515 1996 4687 8181811381818
2036 4520 2100 4585 A
2145 4519 2432 4587 OELm
2486 4518 2616 4584 DE

1502 4622 1639 4687 ME
1698 4624 1772 4689 Ζ.

841 4788 940 4856 on
980 4791 1235 4859 insinuo
1277 4793 1320 4858 ὰ
1359 4792 1705 4859 Messieurs
1746 4796 1821 4860 aa
1857 4755 2026 4860 Meta
2064 4793 2254 4876 qu’ils
2294 4795 2618 4861 devraient

661 4875 953 4944 accorder
1009 4897 1141 4942 aux
1196 4880 1364 4944 amis
1417 4881 1493 4947 de
1552 4880 1874 4962 l’bvanyile
1929 4881 1984 4945 le
2038 4879 2195 4946 libre
2237 4882 2500 4948 exercice
2542 4882 2619 4948 de

658 4962 800 5029 leur
874 4961 1049 5043 culte,
1127 4969 1184 5030 et
1257 4965 1475 5033 veiller
1547 4967 1896 5052 davantaye
1960 4966 2003 5031 ὰ
2066 4966 2133 5031 la
2209 4966 2477 5034 set-urite
2540 4967 2617 5033 de

655 5049 944 5133 eiam.
979 5048 1032 5133 1)

868 5238 928 5301 ⁷)
967 5236 1200 5307 omna,
1237 5237 1569 5309 Delphinus.

695 5306 931 5444 481111
964 5306 1812 5449 ἕωῖοῗωᾝοᾶηιῗὲωιαερωωι
1848 5378 2614 5451 dammam-‘mee

2069 439 2597 510 EPISTOLAE
2637 442 2977 506 459-461

4556 449 4669 513 524

2731 628 2981 693 (Extrait
3014 628 3084 683 (18
3118 628 3397 684 1Ἠ1818118
3433 630 3502 683 de
3536 631 3591 683 18
3624 631 3918 697 8111888888,
3956 631 4030 685 du
4052 633 4281 703 pregre·
4314 637 4373 688 81
4406 634 4475 689 (18
4508 635 4559 689 la
4588 636 4671 691 de'-

2729 698 2963 752 cadence
3009 697 3080 750 de
3132 697 3378 752 l’here'sie
3430 699 3567 753 dans
3618 700 3673 753 la
3717 699 3846 753 ville
3889 700 3959 754 de
3994 701 4139 754 Meta
4183 708 4242 755 et
4284 701 4421 756 dans
4464 703 4514 756 le
4612 723 4672 777 ys

2729 767 2950 820 Messio.
3020 766 3132 820 Par
3176 767 3229 821 18
3275 768 3342 821 Β.
3390 767 3451 820 Ρ.
3489 768 3767 835 Meurisse,
3818 769 3882 822 D.
3929 774 3986 823 et
4071 771 4169 823 rof.
4217 788 4285 825 en
4337 771 4487 825 the'ol
4572 790 4601 828 8
4641 775 4672 828 ὁ

2729 836 2905 903 Ρ8118,
2939 836 3192 905 Evesque
3226 836 3295 890 de
3319 836 3583 891 Madaure
3619 842 3676 891 et
3711 838 3980 907 suffragan
4057 856 4086 892 8
4121 839 4400 894 l'Evesche
4436 840 4502 896 de
4575 848 4675 897 etz.-

3343 906 3503 959 Metz.
3542 904 3693 959 1670.
3730 925 3783 976 p.
3818 904 3887 961 83
3921 908 4086 975 suiv.)

2902 1057 3319 1124 Honorablcs
3376 1060 3527 1126 bien
3587 1083 3813 1147 aymez
3869 1069 3936 1127 et
3987 1063 4150 1128 bons
4207 1084 4414 1148 amys,
4472 1064 4670 1132 Salut.

2731 1148 2946 1226 Apres
3023 1145 3208 1210 avoir
3282 1146 3620 1212 considere
3697 1169 3853 1215 avec
3924 1149 4021 1213 les
4087 1148 4504 1216 Oonseilliers
4566 1152 4673 1219 des

2730 1230 3006 1296 Princes
3051 1238 3117 1295 et
3161 1228 3276 1296 des
3299 1231 3509 1298 Villes
3553 1241 3623 1297 et
3660 1232 3757 1299 les
3800 1241 4057 1300 nostres
4096 1235 4193 1300 les
4240 1235 4587 1303 difficultes
4613 1246 4675 1304 et

2730 1317 2946 1381 noises
2984 1315 3096 1399 qui
3132 1325 3284 1382 sont
3318 1326 3507 1384 entre
3542 1318 3846 1385 l'illustre
3869 1318 4225 1404 Seigneur,
4270 1322 4332 1386 le
4355 1320 4675 1407 Seigneur

2731 1401 3113 1468 Guillaume
3199 1401 3433 1468 Oomte
3513 1402 3593 1470 de
3682 1404 4116 1490 Furstembery
4203 1416 4271 1473 et
4370 1409 4674 1493 quelques

2729 1508 3087 1570 personnes
3131 1489 3582 1572 particulieres
3637 1491 3717 1557 de
3778 1490 4013 1558 devers
4057 1513 4241 1572 vous,
4298 1514 4456 1561 avec
4510 1517 4676 1561 com·

2730 1572 3151 1639 mandemcnt
3195 1574 3305 1659 d'y
3348 1576 3686 1642 travailler
3728 1578 4201 1644 sericusement
4235 1587 4304 1645 et
4338 1602 4498 1646 avec
4537 1580 4676 1646 dili-

2729 1680 2951 1744 gence‚
2990 1668 3059 1723 et
3094 1660 3255 1725 faire
3290 1682 3363 1727 ce
3400 1663 3557 1745 qu’il
3581 1664 3784 1727 seroit
3817 1664 4100 1747 possible
4136 1686 4304 1748 pour
4335 1666 4677 1732 ladvance-

2728 1754 2915 1808 ment
2957 1744 3038 1809 de
3083 1745 3414 1811 lhonneur
3457 1748 3538 1813 de
3572 1749 3746 1813 Dieu
3789 1760 3856 1814 et
3899 1771 4063 1833 pour
4104 1751 4170 1816 18
4214 1755 4575 1834 9188981118
4614 1763 4680 1818 81

2728 1830 2943 1895 utilite
2982 1829 3065 1896 de
3111 1841 3329 1898 vostre
3383 1833 3538 1900 ville
3595 1834 3676 1899 de
3718 1835 3927 1915 Metz,
3986 1858 4237 1903 comme
4293 1859 4465 1904 nous
4522 1859 4680 1905 vous

2729 1936 2934 1982 avons
2976 1916 3216 1983 mande
3261 1941 3343 2003 cy
3387 1919 3633 1985 devant
3674 1941 3797 2004 par
3839 1923 4065 1988 escrit:
4128 1944 4247 1988 nos
4302 1923 4576 2008 deputez
4618 1932 4683 1989 81

2729 2023 3020 2085 envoyez
3072 2009 3114 2068 8
3168 2003 3316 2069 leur
3373 2016 3597 2071 retour
3651 2028 3817 2072 nous
3873 2018 3990 2073 ont
4041 2009 4201 2075 faict
4254 2010 4572 2076 entendre
4613 2031 4682 2076 88

2731 2090 2843 2171 qui
2881 2094 3036 2154 s’est
3071 2098 3277 2171 passe,
3321 2111 3571 2157 mesme
3615 2113 3689 2159 ce
3734 2095 3846 2177 qui
3881 2113 3921 2159 a
3955 2102 4094 2160 este
4136 2095 4427 2161 ordonne
4450 2105 4518 2162 et
4538 2117 4685 2179 par-

2730 2174 3213 2239 ticulierement
3270 2197 3397 2259 que
3454 2199 3621 2244 vous
3674 2199 3830 2244 avez
3893 2180 4165 2246 accorde
4223 2188 4265 2247 8
4305 2203 4426 2248 vos
4472 2183 4683 2247 Bour-

2729 2260 2912 2344 geois
2954 2260 3021 2325 la
3065 2260 3383 2327 demands
3426 2265 3619 2346 qu’ils
3661 2265 3966 2331 faisoient
4015 2265 4241 2333 davoir
4284 2289 4414 2334 une
4461 2267 4683 2352 Eglise

2729 2365 2900 2430 pour
2941 2368 2986 2431 y
3030 2345 3340 2430 prescher
3394 2348 3461 2414 la
3516 2350 3765 2433 parolle
3818 2351 3901 2417 de
3958 2353 4163 2430 Dieu,
4219 2362 4289 2418 et
4329 2376 4415 2419 en
4462 2375 4537 2421 ce
4578 2374 4682 2419 cas

2730 2452 2858 2514 que
2902 2453 3066 2498 vous
3112 2454 3273 2498 vous
3328 2442 3498 2501 estes
3556 2446 3923 2519 comportez
3986 2459 4144 2505 avec
4202 2460 4331 2505 une
4375 2439 4683 2504 affection

2730 2517 2904 2583 iuste
2948 2525 3017 2582 et
3058 2518 3498 2586 raisonnable:
3545 2530 3614 2586 et
3633 2543 3800 2606 pour
3820 2522 4049 2589 l’autre
4071 2523 4236 2605 chef,
4283 2534 4685 2592 concernant

2732 2624 2849 2669 voz
2893 2604 3258 2688 Bourgeois
3312 2605 3694 2674 deschasses
3737 2618 3805 2675 et
3847 2609 3914 2675 la
3958 2631 4206 2675 somme
4251 2610 4537 2695 dargent
4578 2610 4685 2676 de-

2731 2689 3008 2754 mandes
3067 2711 3183 2755 sur
3235 2712 3354 2757 vos
3409 2693 3954 2778 Ecclesiastiques
4016 2717 4136 2779 par
4200 2695 4364 2761 ledit
4437 2695 4681 2775 Oomte‚

2730 2797 2855 2858 que
2903 2796 3064 2840 vous
3106 2775 3311 2842 l'avez
3353 2779 3479 2843 mis
3523 2800 3610 2844 en
3654 2779 4000 2866 arbitrage.
4091 2781 4275 2847 Nous
4320 2804 4530 2849 avons
4573 2803 4685 2847 en·

2730 2861 2937 2926 188118
2979 2861 3120 2927 8818
3161 2882 3318 2928 avec
3361 2872 3867 2945 contentement,
3913 2866 4184 2932 attendu
4227 2867 4385 2950 qu’il
4408 2868 4685 2953 regardo

2729 2955 2796 3012 et
2839 2967 3157 3013 concerne
3201 2947 3268 3013 la
3311 2951 3558 3032 9818118
3603 2951 3683 3017 (18
3726 2951 3937 3030 Dieu,
3992 2960 4150 3018 avec
4210 2953 4352 3020 cela
4397 2953 4582 3020 aussi
4623 2952 4684 3018 la

2729 3033 2947 3100 bonne
2999 3033 3299 3100 affection
3369 3035 3640 3118 qu'avez
3706 3058 3943 3103 envers
4001 3038 4097 3105 les
4152 3046 4409 3106 nostres
4467 3046 4539 3106 et
4591 3037 4684 3104 les

2730 3126 2953 3185 autres
2996 3119 3077 3183 de
3121 3128 3342 3185 nostre
3387 3121 3926 3207 Consederation:
3983 3122 4239 3210 dequoy
4293 3147 4465 3192 nous
4521 3146 4683 3193 vous

2727 3206 3121 3272 remercions
3180 3206 3332 3272 bien
3395 3208 3993 3288 affectueusement,
4074 3232 4240 3277 vous
4305 3221 4685 3277 asseurants

2728 3292 3160 3357 enticrement
3216 3313 3341 3374 que
3399 3292 3465 3357 la
3517 3293 3715 3359 suitte
3772 3317 3856 3361 ne
3911 3316 4075 3362 vous
4134 3304 4489 3381 apportera
4534 3306 4601 3363 et
4642 3304 4683 3362 8

2726 3384 2908 3442 18818
2929 3388 3155 3443 vostre
3177 3377 3357 3443 Ville
3400 3399 3525 3460 que
3571 3379 3658 3445 du
3698 3382 3981 3463 prouffit,
4028 3390 4172 3446 tant
4211 3403 4380 3466 pour
4425 3383 4491 3449 le
4513 3384 4685 3450 salut

2728 3462 2843 3530 des
2909 3484 3090 3528 ames
3155 3484 3280 3546 que
3342 3484 3506 3545 pour
3570 3465 3636 3529 la
3675 3468 4135 3534 manutention
4203 3468 4400 3535 d'une
4467 3468 4684 3534 bonne

2726 3549 2933 3614 union
2966 3557 3153 3615 entre
3185 3548 3282 3613 les
3318 3548 3701 3635 Bourgeois,
3746 3554 4024 3637 puisque
4066 3558 4223 3621 c’est
4264 3576 4401 3621 une
4439 3574 4684 3621 oeuvre

2726 3634 3075 3719 aggreable
3109 3640 3151 3699 8
3174 3635 3362 3700 Dieu.
3409 3636 3594 3703 Nous
3638 3659 3723 3703 ne
3761 3660 3926 3705 vous
3970 3639 4289 3706 cellerons
4332 3663 4458 3725 pas
4505 3640 4682 3707 aussi

2725 3741 2799 3787 ce
2841 3721 2958 3805 qui
2998 3729 3486 3805 presentement
3542 3730 3644 3789 est
3683 3746 3981 3810 parvenu
4026 3733 4068 3791 8
4112 3736 4334 3793 888118
4378 3726 4685 3794 881111818-

2726 4024 2871 4064 nous
2902 4023 2942 4079 y
2975 4008 3239 4077 ajoutons
3502 4027 3530 4066 s
3562 4013 3796 4067 atram
3841 4013 3921 4067 du
3952 4015 4087 4069 νέοίι
4132 4016 4211 4070 du
4258 4016 4327 4071 P.
4378 4018 4682 4073 Menariae.

2725 4076 2909 4146 Aprbc
2942 4079 3103 4133 avoir
3134 4081 3359 4134 racem&
3483 4082 3773 4150 ooenqzante
3991 4085 4057 4138 'se
4102 4085 4197 4139 des
4233 4093 4587 4154 protestante
4619 4086 4684 4141 de

2730 4147 2912 4202 Gom
2940 4147 3070 4213 pres
3104 4148 3275 4216 Metz,
3317 4164 3435 4218 par
3481 4149 3690 4205 Claude
3737 4151 3804 4206 de
3958 4153 4024 4207 ’e
4070 4154 4119 4208 le
4154 4155 4295 4223 Jowr
4340 4157 4412 4211 de
4461 4157 4685 4226 Pam

2723 4214 2810 4269 25.
2848 4214 3035 4283 Mars,
3071 4217 3117 4271 a
3152 4219 3438 4273 continue.-
3476 4221 3704 4274 Ensuite
3740 4223 3791 4274 le
3825 4221 3937 4275 fort
3986 4224 4053 4277 de
4102 4223 4275 4278 Gorze
4321 4226 4409 4279 fut
4457 4225 4683 4295 attaque

2724 4292 2783 4338 et
2817 4300 2953 4337 ceux
2990 4287 3083 4354 qui
3132 4290 3371 4342 estoient
3421 4289 3624 4343 dedans
3668 4290 3851 4344 furent
3900 4294 4201 4346 eontraints
4237 4294 4306 4347 de
4353 4312 4416 4348 se
4466 4295 4684 4351 rendre.

2722 4354 2802 4407 Ils
2839 4363 3033 4407 curent
3066 4362 3330 4424 pourtant
3365 4359 3417 4411 le
3452 4358 3572 4410 8818
3607 4364 3664 4412 81
3706 4360 3762 4413 18
3796 4359 4003 4413 charite
4038 4361 4107 4415 de
4141 4361 4278 4415 faire
4313 4380 4520 4418 sanver
4565 4365 4685 4418 leur

2721 4422 2972 4477 ministre
3008 4424 3167 4477 Farel
3204 4442 3273 4478 au
3306 4425 3490 4481 milieu
3526 4427 3682 4481 d'une
3717 4428 3937 4482 81181188
3983 4429 4053 4482 (18
4100 4429 4299 4498 1811188,
4344 4434 4529 4502 parmi
4578 4432 4682 4485 188-

2723 4493 2878 4560 quels
2912 4492 2981 4546 ils
3017 4492 3271 4548 l’avoient
3304 4495 3353 4547 si
3386 4495 3515 4549 bien
3551 4496 3715 4550 cache
3750 4513 3818 4550 88
3860 4498 3956 4568 luy
4004 4498 4313 4553 ensal-inunt
4356 4503 4405 4555 si
4452 4503 4584 4556 bien
4630 4502 4682 4554 18

2722 4561 2907 4631 visage
2943 4566 3001 4614 et
3035 4578 3103 4614 en
3140 4564 3234 4632 luy
3271 4563 3515 4618 (18811881
3550 4564 3647 4618 (188
3680 4565 3970 4634 eliquettes
4008 4584 4076 4621 en
4110 4571 4256 4622 main
4294 4570 4462 4638 qu'on
4513 4588 4586 4625 ne
4631 4570 4684 4624 le

2763 4636 2823 4681 ut
2856 4631 3046 4683 1818818
3082 4634 3451 4686 188888818118
3490 4673 3502 4684 .
3541 4674 3554 4687 .
3592 4673 3605 4687 .
3644 4671 3657 4683 .
3730 4635 3805 4687 08
3840 4635 3998 4689 (18818
4021 4653 4359 4708 personnage
4382 4640 4456 4693 de
4481 4638 4683 4694 l’ordre

2721 4646 2819 4751 ges
2853 4698 2962 4751 PP.
3000 4698 3306 4754 Gordeliers
3344 4702 3559 4755 nomme
3594 4702 3814 4767 Fidelis,
3852 4706 3946 4786 qui
3982 4706 4138 4759 avoit
4170 4723 4244 4760 un
4332 4724 4403 4761 eu
4454 4711 4683 4763 rabattn

2720 4767 2774 4820 le
2809 4773 3007 4836 caquet
3040 4770 3108 4821 de
3143 4770 3305 4823 Farel
3339 4769 3372 4823 ὁ,
3407 4770 3600 4840 Gerre,
3636 4772 3913 4841 9188811811
3947 4774 4091 4827 81818
4127 4775 4261 4829 dans
4309 4794 4340 4828 8
4358 4777 4681 4832 cathedrale

2720 4835 2790 4888 dc
2824 4835 2973 4890 Meta
3009 4853 3140 4890 avec
3173 4855 3247 4892 un
3293 4839 3369 4893 tel
3417 4837 3601 4893 succes
3648 4856 3754 4910 que
3798 4858 3907 4894 non
3957 4844 4259 4898 seulement
4302 4846 4343 4898 ss
4393 4845 4682 4902 contenuit

2720 4920 2857 4958 ceux
2893 4905 2987 4975 qui
3022 4904 3312 4961 n'estcient
3342 4909 3501 4977 point
3542 4924 3739 4963 encore
3788 4912 4059 4980 pervertis
4110 4929 4177 4966 en
4226 4915 4280 4967 la
4326 4915 4563 4971 8188888
4610 4915 4679 4969 (18

2719 4972 2955 5042 l’Eglise,
2992 4975 3128 5027 mais
3163 4993 3394 5030 mesmes
3429 4978 3470 5029 il
3503 4979 3787 5031 remettoit
3829 4985 3953 5034 tous
3990 4982 4069 5034 les
4104 4982 4252 5035 iours
4300 4983 4441 5038 dans
4479 4986 4534 5039 le
4571 4986 4680 5038 bon

2720 5042 2931 5095 chemin
2968 5044 3231 5114 quelques
3268 5062 3369 5098 uns
3403 5045 3473 5098 de
3507 5061 3643 5099 ceux
3680 5048 3773 5115 qui
3809 5046 3919 5102 s'en
3968 5052 4206 5104 estcient
4253 5068 4498 5121 esgarez.
4573 5054 4680 5108 Les

2720 5111 3045 5164 Lutheriens
3080 5128 3150 5165 en
3185 5115 3465 5168 crevoient
3497 5115 3568 5168 de
3602 5114 3757 5184 depit
3791 5122 3849 5169 et
3884 5120 4188 5173 remuoient
4224 5126 4410 5175 tontes
4464 5125 4679 5193 9181188

2759 5196 2859 5234 our
2911 5181 2961 5233 le
3008 5180 3144 5234 faire
3196 5184 3365 5236 881111
3414 5183 3483 5236 (18
3528 5184 3687 5238 Μ818.
3773 5186 3850 5239 Et
3895 5202 4101 5242 comme
4149 5190 4218 5242 ils
4268 5191 4515 5245 estoient
4558 5195 4678 5245 tout

2717 5196 3101 5302 fmisohement
3135 5251 3256 5304 unis
3293 5251 3327 5305 8
3360 5268 3494 5305 ceux
3529 5252 3599 5307 de
3635 5253 3965 5337 Strasbourg
3993 5256 4151 5310 d'une
4177 5261 4677 5327 tres-particulis&

2716 5321 2776 5371 et
2819 5319 3223 5387 tres-profonda
3267 5320 3639 5390 intelligence,
3685 5322 3754 5376 ils
3800 5325 4248 5388 los.1nduisirent
4293 5328 4559 5386 d'eacrire
4606 5346 4677 5383 811

2717 5386 3008 5456 Magistrat
3040 5387 3110 5441 de
3144 5389 3290 5442 Meta
3324 5407 3463 5460 pour
3496 5392 3549 5445 le
3582 5392 3718 5446 faire
3751 5393 3986 5449 81188881.
