5050 6167
389 380 505 443 425

1299 568 1447 640 414.

888 729 1357 798 SAOHINUS
1402 732 1839 800 CALVINO.

555 901 808 970 calvini
848 902 1085 969 laude-3.
1181 904 1446 970 Gratias
1489 905 1621 987 ayit
1662 906 1740 972 de
1779 907 1974 973 misso
2012 907 2338 988 minis-&03

379 990 657 1158 We
697 1008 838 1054 vcro
891 989 1064 1070 eupit
1095 988 1436 1070 aliquando
1469 1009 1677 1057 coram
1713 992 1853 1057 eius
1891 992 2339 1075 familiaritate

701 1245 810 1314 (Ex
846 1244 1184 1315 autographo
1220 1245 1350 1301 eod.
1383 1246 1587 1301 Genev.
1629 1247 1742 1314 112,
1777 1249 1868 1303 fol.
1906 1247 2017 1316 11.)

551 1434 637 1500 D.
682 1433 920 1501 Ioanni
962 1434 1248 1500 Calvino
1291 1436 1480 1500 fratri
1525 1447 1595 1501 et
1634 1438 2223 1591 mcogmffl.

1910 1545 1986 1589 ac

552 1682 630 1750 Si
662 1703 972 1768 magnam
1008 1684 1357 1766 aliquando
1392 1705 1473 1750 ex
1511 1684 1667 1751 ullis
1702 1679 2070 1751 amicorum
2101 1685 2330 1765 literis,

375 1790 460 1835 ex
505 1771 639 1836 tuis
683 1769 788 1834 vel
822 1771 1182 1835 maximam
1225 1771 1366 1853 cepi
1403 1769 1838 1854 voluptatem:
1885 1792 2092 1853 neque
2128 1791 2332 1854 quan-

375 1863 520 1922 tum
564 1876 686 1939 ego
729 1856 1037 1921 existimo
1081 1855 1148 1920 id
1194 1855 1311 1921 abs
1345 1878 1435 1934 re,
1493 1866 1720 1938 utpote
1763 1877 1881 1939 per
1924 1877 2086 1940 quas
2126 1857 2331 1923 felici-

373 1939 516 2018 bus,
585 1949 664 2006 ut
705 1962 914 2024 spero,
979 1941 1287 2024 auspiciis
1339 1963 1446 2007 me
1501 1941 1672 2006 nihil
1724 1942 1853 2007 tale
1897 1943 2204 2008 meritum
2249 1941 2332 2007 ad

371 2025 734 2094 amicitiam
777 2033 915 2092 tam
950 2026 1324 2092 humaniter
1357 2026 1619 2104 invitas,
1665 2027 1748 2092 ad
1784 2050 1980 2111 quam
2024 2048 2182 2094 sane
2225 2049 2333 2094 me

371 2113 504 2178 iam
552 2111 710 2177 olim
767 2112 1246 2178 ardentissimis
1301 2113 1472 2179 votis
1528 2112 1850 2196 aspirasse
1908 2121 2111 2179 testes
2166 2113 2335 2178 mihi

369 2208 531 2265 sunt
576 2218 773 2283 quam
817 2198 1114 2282 plurimi:
1175 2197 1374 2281 idque
1434 2220 1634 2281 quum
1680 2198 2065 2265 eruditionis
2108 2199 2330 2264 multi-

366 2285 570 2369 iugae
627 2284 913 2360 nomine,
967 2306 1163 2367 quam
1208 2282 1279 2347 in
1336 2291 1423 2364 te,
1483 2294 1559 2349 ut
1611 2305 1732 2367 par
1775 2297 1891 2363 est,
1952 2286 2141 2351 unice
2186 2305 2331 2350 sum

365 2391 634 2454 semper
686 2370 1137 2449 exosculatus,
1198 2378 1338 2434 tum
1397 2391 1555 2436 vero
1607 2369 1816 2435 multo
1873 2371 2103 2454 magis,
2160 2369 2332 2454 quod

366 2454 652 2539 gloriam
707 2455 858 2534 Dei,
924 2464 1116 2538 atque
1180 2457 1399 2538 ipsum
1459 2455 1620 2521 adeo
1680 2454 1930 2521 Christi
1995 2457 2330 2540 negotium

365 2541 625 2607 sincere
660 2562 735 2608 ac
771 2539 1120 2624 diligenter
1154 2561 1537 2623 promovere
1578 2549 1643 2606 te
1679 2541 2063 2625 intelligam.
2131 2541 2334 2606 Faxit

363 2627 701 2693 Dominus
742 2627 927 2692 Deus
974 2635 1046 2691 ut
1087 2625 1261 2709 quod
1302 2626 1577 2693 feliciter
1618 2627 1688 2691 in
1736 2635 1800 2692 te
1835 2627 2049 2710 coepit
2090 2626 2331 2692 felicis-

365 2713 539 2778 simo
587 2712 774 2778 exitu
815 2722 1098 2777 coronet.
1190 2710 1387 2793 Quod
1430 2721 1668 2789 autem,
1729 2712 2064 2778 carissime
2106 2713 2329 2790 frater,

362 2799 634 2882 piorum
675 2797 1021 2864 hominum
1065 2797 1354 2863 sermoni
1396 2797 1700 2864 nonnihil
1736 2797 2055 2876 deferens,
2101 2797 2182 2862 de
2225 2819 2332 2863 me

361 2884 772 2968 praeclarius
806 2884 1030 2960 sentis,
1075 2883 1143 2947 in
1193 2891 1379 2949 entes
1416 2905 1532 2967 per
1554 2883 1896 2950 Christum
1932 2882 2046 2948 tibi
2085 2884 2331 2968 gratias

362 2990 526 3056 ago:
592 2991 726 3035 non
827 2968 954 3034 uod
1013 2970 1093 3035 iis
1148 2905 1455 3035 laudibus
1498 2970 1734 3054 quibus
1777 2990 1883 3034 me
1927 2989 2162 3034 oneras
2206 2969 2330 3033 mi-

363 3078 519 3122 rum
565 3057 640 3120 in
678 3078 746 3120 m
832 3076 946 3120 um
990 3053 1291 3132 delecter,
1338 3065 1416 3120 ut
1457 3055 1570 3138 qui
1605 3076 1712 3120 me
1753 3056 1834 3120 iis
1876 3053 2161 3120 ferendis
2203 3055 2328 3119 im-

359 3163 602 3226 parem
645 3141 840 3225 plane
896 3161 1264 3224 agnoscam,
1323 3140 1438 3206 sed
1492 3139 1667 3224 quod
1719 3160 1798 3206 ea
1840 3139 2103 3206 demum
2146 3161 2330 3207 occa-

361 3229 552 3294 sione
601 3226 1032 3294 christianum
1078 3226 1178 3290 tui
1221 3225 1427 3291 animi
1469 3223 1816 3292 candorem
1860 3224 2134 3291 habeam
2179 3247 2329 3309 per·

360 3322 700 3397 spectum,
756 3313 869 3396 qui
913 3333 997 3377 ex
1040 3312 1323 3396 egregiis
1378 3312 1512 3378 suis
1567 3311 1825 3377 dotibus
1868 3311 2147 3376 aliorum
2189 3333 2329 3378 me-

359 3400 578 3465 tiatur
620 3398 919 3465 virtutes.
1016 3396 1206 3463 Adde
1260 3397 1435 3481 quod
1492 3397 1653 3464 haec
1697 3396 1875 3462 haud
1920 3395 2330 3480 aspernanda

360 3485 638 3569 quidem
695 3484 862 3550 mihi
919 3482 1178 3549 videtur
1235 3483 1626 3548 adhortandi
1682 3484 1868 3562 ratio,
1926 3503 2124 3565 quam
2169 3503 2330 3549 sane

361 3568 648 3655 perinde
670 3591 745 3637 ac
768 3567 1103 3635 commode
1133 3568 1321 3635 nobis
1355 3567 1676 3635 adiectum
1712 3568 2052 3634 stimulum
2076 3568 2328 3633 lubenti

359 3657 595 3722 animo
653 3654 1129 3738 amplectimur.
1233 3653 1452 3735 Quam
1517 3675 1669 3721 vero
1729 3673 2035 3737 cuperem
2090 3654 2178 3736 (si
2235 3655 2331 3718 ita

356 3740 664 3808 Domino
701 3740 1062 3816 videretur)
1109 3741 1310 3806 sacris
1346 3740 1492 3806 istis
1527 3741 1845 3806 interesse
1879 3738 2327 3817 conventibus,

359 3826 436 3892 in
493 3828 736 3911 quibus
791 3826 1004 3893 crebri
1062 3826 1142 3891 de
1198 3824 1392 3892 rebus
1446 3825 1687 3891 divinis
1745 3823 1914 3889 serio
1971 3825 2329 3890 miscentur

359 3934 732 3991 sermones,
779 3913 1070 3978 humana
1112 3913 1579 3994 conquiescunt
1621 3911 1893 3987 somnia,
1939 3908 2048 3974 ubi
2092 3910 2329 3976 caritas

360 3998 831 4064 aemulationis
874 3999 1096 4064 nescia
1137 3998 1410 4063 mirifice
1467 4018 1619 4063 suas
1663 3996 1906 4062 exserit
1948 3996 2153 4073 vires,
2212 3996 2329 4060 ubi

359 4082 658 4168 denique
714 4104 851 4148 non
908 4092 1117 4150 tectus
1174 4104 1249 4147 ac
1304 4081 1575 4161 lacerus,
1640 4082 1756 4146 sed
1811 4089 2080 4163 apertus
2134 4090 2329 4164 atque

357 4170 636 4254 integer
689 4168 908 4252 prodit
949 4169 1276 4235 Christus.
1365 4169 1596 4233 Potior
1652 4175 1828 4232 certe
1871 4166 2010 4231 dies
2065 4188 2201 4232 una
2257 4167 2328 4230 in

360 4257 562 4321 atriis
612 4255 901 4334 Domini,
960 4277 1160 4337 quam
1202 4253 1382 4318 mille
1425 4255 1582 4319 anni
1624 4253 1729 4317 vel
1775 4252 1846 4316 in
1898 4251 2058 4335 ipsis
2101 4253 2329 4335 impio·

359 4362 516 4407 rum
563 4341 848 4426 palatiis.

656 4478 705 4533 O
738 4477 945 4531 utinam
983 4492 1069 4529 me
1105 4492 1265 4544 posse
1301 4475 1406 4527 frui
1440 4475 1574 4528 dent
1608 4475 1830 4528 numina
1863 4475 2032 4527 tantis

656 4547 892 4611 Divitiis,
931 4561 1064 4614 quas
1099 4545 1280 4614 ampla
1314 4551 1513 4612 aequat
1547 4559 1657 4597 non
1692 4544 1847 4612 copia
1883 4559 2087 4611 regum.

547 4684 688 4752 Sed
747 4685 914 4748 forte
970 4703 1111 4748 sese
1165 4680 1512 4764 aliquando
1553 4682 1784 4746 offeret
1833 4688 2093 4762 tempus
2146 4678 2329 4756 illud,

363 4793 500 4855 quo
563 4770 750 4846 mihi,
816 4770 940 4833 etsi
1005 4790 1181 4833 nunc
1247 4768 1491 4833 arctius
1556 4768 1828 4842 irretit0,
1896 4765 2052 4830 olim
2110 4772 2330 4829 tamen

361 4858 587 4923 libero
643 4855 863 4921 licebit
919 4852 1197 4919 evolare.
1287 4853 1567 4917 Interim
1623 4851 1837 4935 quoad
1890 4851 2155 4934 spiritus
2212 4850 2332 4915 hos

364 4951 562 5028 reget
612 4949 810 5018 artus,
857 4961 974 5022 pro
1017 4939 1192 5004 virili
1228 4938 1524 5004 dabimus
1559 4959 1841 5022 operam,
1889 4948 1964 5002 ut
1999 4958 2077 5002 ea
2111 4956 2331 5001 neces-

363 5027 619 5105 situd0,
676 5048 843 5110 quae
887 5025 1154 5093 Christo
1211 5025 1472 5107 auspice
1531 5026 1706 5088 inter
1750 5045 1868 5089 nos
1919 5022 2192 5089 feliciter
2234 5031 2334 5087 est

363 5117 564 5192 inita,
614 5114 829 5178 maius
864 5111 1072 5178 indies
1108 5111 1384 5193 accipiat
1424 5111 1916 5176 incrementum.
1980 5108 2331 5175 Caeterum

367 5200 550 5285 quod
599 5199 682 5264 ad
727 5218 878 5262 eum
923 5199 1177 5273 attinet,
1224 5218 1413 5279 quem
1451 5197 1636 5261 nobis
1679 5199 1876 5280 (quae
1919 5205 2038 5258 tua
2071 5203 2173 5259 est
2206 5193 2330 5257 hu-

363 5283 718 5371 manitas),
763 5283 1062 5370 diligent-i
1103 5303 1259 5350 cura
1292 5283 1671 5348 ministrum
1709 5280 2091 5364 exquisiisti,
2135 5299 2332 5363 quam

2174 392 2332 452 1542
2378 386 2597 455 AUG.

4268 407 4395 469 426

2443 576 2769 642 maximas
2807 598 3157 661 possumus
3201 601 3285 645 ex
3319 582 3540 648 animo
3575 585 3825 668 gratias
3860 586 4191 654 habemus.
4258 589 4396 672 Qui

2441 659 2636 727 hasce
2672 665 2920 745 perfert
2952 664 3180 731 multis
3215 666 3591 734 nominibus
3629 669 3962 736 hominem
3998 674 4182 740 nobis
4216 695 4393 741 com-

2442 747 2799 828 mendavit,
2854 749 3049 833 idque
3106 761 3420 835 quantum
3482 755 3781 841 intelligo
3836 779 3970 822 non
4015 779 4100 822 ex
4142 760 4391 842 auditu,

2441 841 2518 932 ut
2573 854 2767 917 quem
2824 835 3157 918 praedicet
3208 860 3279 904 se
3334 840 3602 923 propius
3655 841 3895 908 habere
3948 855 4389 927 perspectum:

2438 925 2658 1001 ltaque
2700 920 2855 987 huic
2898 942 3039 987 rem
3093 931 3299 988 totam
3341 925 3803 993 commisimus.
3888 929 4026 994 Det
4067 931 4393 999 Dominus

2440 1012 2513 1068 ut
2558 1005 2614 1070 is
2650 1005 2837 1071 nobis
2872 1007 2960 1071 sit
2996 1015 3131 1072 tam
3165 1008 3564 1087 commodus,
3609 1033 3802 1094 quam
3843 1035 3963 1080 nos
4007 1016 4067 1079 ei
4100 1016 4392 1084 vicissim

2439 1090 2580 1170 apti
2615 1090 2838 1156 simus.
2906 1091 3087 1157 Nihil
3123 1105 3436 1177 superest,
3478 1096 3680 1162 frater
3722 1099 3793 1162 in
3836 1097 4121 1166 Domino
4163 1124 4391 1170 aman-

2441 1175 2717 1254 tissime,
2763 1177 2888 1242 nisi
2933 1177 3273 1243 Christum
3315 1178 3677 1247 Dominum
3720 1205 3801 1248 ex
3848 1185 4068 1252 animo
4112 1208 4389 1267 oremus,

2442 1268 2515 1359 ut
2559 1262 2762 1328 sacris
2806 1263 2907 1327 sui
2951 1263 3221 1346 spiritus
3258 1264 3517 1332 dotibus
3550 1268 3993 1335 ministerium
4028 1279 4219 1338 tuum
4251 1295 4391 1339 ma-

2440 1365 2545 1428 gis
2589 1367 2664 1412 ac
2708 1348 2918 1432 magis
2961 1347 3171 1414 indies
3213 1350 3545 1417 illustrare
3587 1363 3840 1440 pergat,
3887 1357 3955 1420 in
3998 1379 4123 1440 quo
4168 1368 4233 1423 te
4277 1381 4389 1425 cu-

2439 1432 2551 1512 pio
2596 1432 2832 1499 valere.
2922 1431 3187 1500 Salutat
3239 1443 3306 1501 te
3349 1437 3539 1504 unice
3592 1440 3796 1505 frater
3844 1463 4060 1508 meus:
4117 1453 4192 1510 tu
4236 1467 4390 1511 vero

2439 1537 2601 1581 cura
2635 1525 2715 1581 ut
2736 1539 2855 1583 nos
2884 1520 3183 1601 precibus
3216 1523 3350 1589 tuis
3371 1521 3661 1590 Domino
3694 1526 3935 1611 iugiter
3955 1529 4389 1598 commendes.

2438 1602 2641 1667 Domi
2695 1607 2787 1668 12.
2835 1605 3005 1688 Aug.
3062 1610 3241 1670 1542.

2884 1741 3067 1806 Tuus
3111 1742 3178 1806 in
3225 1742 3492 1809 Christo
3535 1745 3720 1814 Clau.
3770 1748 3873 1814 De
3917 1749 4215 1817 Sachins.
4251 1755 4302 1836 ¹)

3332 2304 3480 2376 415.

2878 2439 3471 2509 PELLICANUS
3517 2442 3954 2511 CALVINO.

2614 2606 3015 2675 Commendat
3061 2610 3336 2677 Coelium
3383 2613 3712 2680 Curionem
3769 2615 3842 2680 ab
3897 2615 4249 2701 reliyionom
4306 2639 4383 2685 ex

2439 2693 2641 2759 aazia
2672 2696 3037 2780 profuqum.

2718 2865 2831 2930 (Ex
2865 2875 3073 2937 autogr.
3109 2868 3249 2922 Bibl.
3285 2868 3487 2925 Geneir.
3523 2870 3654 2932 Ood.
3694 2869 3812 2941 110,
3844 2872 3934 2927 fol.
3974 2871 4083 2940 13.)

2433 3052 2745 3118 Piissimo
2796 3053 3099 3139 theologo
3140 3054 3233 3120 Io.
3280 3056 3557 3124 Calvino
3614 3060 3923 3127 ecclesiae
3968 3061 4382 3131 Genevensis

2433 3140 2679 3221 pastori
2712 3138 3109 3206 fidelissimo.
3177 3140 3260 3205 In
3297 3140 3562 3209 Christo
3596 3147 3986 3213 amicissimo
4020 3150 4208 3214 fratri
4243 3173 4379 3218 suo.

2604 3308 2903 3376 Salutem
2947 3311 3019 3375 in
3066 3310 3343 3377 Domino
3386 3312 3727 3381 salvatore.
3802 3316 3991 3382 Nihil
4032 3321 4380 3403 optabilius

2435 3394 2834 3461 audiendum
2878 3397 3066 3462 nobis
3082 3448 3096 3473 ‚
3153 3397 3542 3464 amicissime
3598 3401 3829 3481 frater,
3889 3424 4084 3486 quam
4128 3406 4185 3471 si
4229 3429 4383 3473 cum

2433 3481 2708 3547 eeclesia
2760 3493 2987 3547 sancta
3030 3480 3162 3548 Dei
3216 3483 3323 3548 cui
3380 3486 3587 3550 servis
3642 3497 3867 3552 sancte
3924 3490 4145 3556 valeas
4189 3501 4257 3558 et
4299 3493 4383 3559 ad

2434 3566 2561 3630 Dei
2600 3566 2875 3650 gloriam
2912 3569 3233 3650 proficias,
3280 3570 3476 3652 inque
3512 3570 3791 3637 salutem
3828 3575 4195 3641 animarum
4232 3599 4385 3644 cum

2433 3672 2592 3734 pace
2636 3661 2705 3715 et
2738 3654 3107 3719 constantia
3140 3664 3384 3720 sancta.
3453 3655 3589 3720 Nos
3633 3667 3854 3723 nostro
3888 3677 4070 3726 more
4096 3662 4381 3729 Domino

2434 3736 2637 3802 adiuti
2673 3738 3100 3820 persistimus,
3145 3758 3416 3821 corpore
3451 3741 3826 3820 imbecilles,
3863 3747 3912 3828 ¹)
3946 3755 4263 3827 quantum
4299 3749 4382 3814 ad

2433 3843 2540 3887 me
2581 3824 2816 3887 attinet
2856 3833 2925 3887 et
2973 3824 3357 3890 Theodorum
3382 3827 3440 3908 2)
3497 3835 3828 3893 nostrum:
3889 3830 4003 3895 sed
4059 3843 4126 3896 et
4181 3833 4383 3899 Leone

2433 3916 2657 3973 nostro
2707 3908 2947 3974 amisso
2995 3918 3401 3993 naturaeque
3436 3932 3737 3979 concesso
3773 3925 3841 3978 et
3874 3915 4050 3980 vitae
4090 3917 4380 3985 feliciori.

2434 3992 2617 4074 Quin
2662 4002 2730 4059 et
2772 3994 3122 4077 aliquando
3150 3995 3565 4078 Bullinyerus
3599 3997 3875 4065 debilem
3919 4021 3990 4066 se
4033 4006 4381 4086 experitur.

2434 4078 2685 4145 Omnes
2739 4089 2961 4144 tamen
3017 4081 3089 4144 in
3144 4080 3270 4145 fide
3327 4091 3395 4146 et
3449 4083 3724 4149 caritate
3777 4085 4114 4166 firmiores,
4171 4092 4384 4172 gratia

2433 4164 2582 4229 Dei.
2670 4165 3002 4231 Mittimus
3067 4173 3285 4231 autem
3350 4168 3597 4249 pariter
3665 4172 3927 4236 caritati
3989 4180 4142 4238 tuae
4206 4173 4382 4242 hunc

2435 4251 2717 4314 eximiae
2760 4250 3148 4316 eruditionis
3202 4261 3269 4315 et
3323 4252 3584 4335 pietatis
3626 4257 3843 4322 virum
3872 4261 3929 4334 ⁸)
3974 4258 4054 4324 ob
4100 4281 4382 4346 evange-

2469 4472 2603 4532 414.
2640 4471 2691 4539 1)
2734 4472 2870 4540 Quis
2917 4473 3005 4527 hic
3041 4473 3213 4538 sues-it
3258 4480 3307 4527 et
3350 4475 3573 4529 ubinam
3619 4483 3891 4532 terrarum
3925 4479 4139 4551 υὰεσνίι,
4189 4483 4250 4537 id
4285 4486 4387 4540 aba·

2431 4556 2539 4608 pro
2590 4547 2822 4608 tempore
2872 4542 3090 4595 tradere
3134 4558 3243 4597 non
3288 4558 3596 4610 peccamus,
3648 4561 3836 4614 nempe
3885 4549 4003 4616 ipsi
4050 4552 4379 4619 dymante&

2442 4609 2638 4662 Plures
2669 4609 2904 4663 eiusdem
2940 4611 3097 4675 infra
3130 4611 3183 4675 le,
3213 4627 3268 4664 es
3301 4613 3572 4679 epistolae.

2468 4677 2598 4759 4115.
2634 4677 2688 4743 1)
2740 4679 2923 4732 Natus
2968 4695 3017 4731 a.
3069 4677 3168 4731 147
3248 4681 3359 4732 iam
3408 4684 3765 4750 seaeaqenario
3798 4686 3976 4738 maior
4009 4695 4129 4743 erat
4173 4696 4223 4744 et
4263 4691 4381 4756 fere

2435 4761 2617 4800 centor
2651 4750 2713 4799 in
2747 4754 2898 4800 coetu
2938 4745 3398 4811 Refer-matorum.

2639 4814 2673 4867 2
2734 4816 3140 4884 Bibliandrum
3174 4819 3286 4870 iam
3322 4824 3373 4871 et
3403 4818 3584 4881 ipsuum
3617 4833 3807 4885 cenem,
3843 4820 3910 4874 de
3943 4838 4049 4891 quo
4080 4841 4129 4879 v.
4162 4826 4380 4884 Hatria-

2433 4898 2544 4951 9er.
2586 4882 2658 4936 ΙΙ
2698 4927 2710 4939 .
2745 4883 2863 4937 889.
2940 4884 3173 4950 Ruchat,
3224 4885 3357 4939 VII.
3392 4884 3477 4939 50.

2640 4951 2693 5018 3)
2736 4952 2971 5007 Coelium
3009 4952 3317 5007 Secundum
3363 4955 3648 5009 Curionem
3698 4953 3992 5011 Giriencem
4030 4960 4378 5020 Pedemonta·

2433 5036 2582 5086 num,
2627 5021 2693 5072 dc
2735 5025 2891 5074 cuiue
2931 5021 3071 5086 fatis
3104 5022 3254 5076 docte
3288 5022 3350 5075 d·
3416 5026 3587 5077 natavit
3640 5023 3699 5078 0.
3742 5024 4070 5080 Schmideius
4104 5038 4285 5086 noster
4317 5037 4381 5090 in

2433 5088 2747 5154 Zeitschrist
2790 5091 2887 5153 fiir
2922 5091 3010 5142 die
3053 5091 3177 5145 hist.
3223 5038 3412 5144 negas
3436 5090 3585 5145 1860.
3623 5092 3728 5146 IV.
3816 5094 3946 5147 Vide
3978 5098 4135 5150 etiam
4170 5098 4379 5159 Bullin-

2430 5159 2568 5280 αραε
2585 5157 3132 5280 ψεαρεεαεερε
3158 5159 3621 5296 §attice
3655 5159 4274 5287 εαεεψψεεααα
4312 5172 4379 5228 αα

2429 5295 2506 5350 ut.
2551 5292 2649 5348 xl
2657 5264 2746 5348 V.’
2793 5295 3003 5349 Linaer
3038 5267 3117 5349 ω’
3134 5293 3239 5349 ZS.
3277 5297 3320 5362 s.
3358 5296 3479 5352 nat.
3528 5297 3702 5353 Τικοι.
3740 5295 3877 5349 1872
3911 5297 4033 5352 111.
