5050 6167
381 462 495 525 ⁷09

374 651 608 718 tionem
666 646 952 712 nominis
1008 644 1154 711 Dei.
1239 642 1540 709 Ducibus
1595 642 1751 709 belli
1807 642 2016 708 utitur
2081 642 2322 725 impiis,

373 732 758 818 blasphemis
801 739 869 797 et
909 729 1508 815 persequutoribus.
1598 730 1819 811 Atque
1878 728 2137 794 utinam
2180 748 2323 793 rec-

374 823 500 888 tius
576 826 836 902 saperet
910 838 1029 883 rex
1106 815 1478 882 Galliarum
1547 815 1948 880 Franciscus.
2045 814 2324 881 Utinam

373 907 703 976 Christum
744 903 820 969 in
858 903 989 987 piis
1030 911 1533 986 persequeretur
1556 901 1796 965 minus.
1871 901 2099 966 Metuo
2142 900 2323 964 enim

372 1015 454 1060 ne
496 1000 562 1056 et
602 992 808 1072 ipsius
851 1010 1134 1073 regnum
1178 997 1247 1054 et
1288 988 1616 1053 exereitus
1675 987 1850 1052 iusto
1896 985 2021 1050 Dei
2081 985 2323 1051 iudicio

372 1076 710 1164 aliquando
769 1086 1173 1159 premantur.
1262 1073 1439 1140 Sunt
1492 1073 1667 1137 enim
1713 1073 1821 1155 qui
1870 1070 1953 1136 de
1995 1070 2111 1135 illo
2153 1071 2322 1136 refe-

371 1175 523 1230 runt
565 1163 725 1229 satis
769 1161 1033 1227 atrocia.
1092 1161 1346 1224 Verum
1390 1158 1715 1225 orandum
1758 1164 1915 1241 puto
1961 1157 2322 1222 Dominum

374 1248 658 1326 assidue,
716 1259 790 1312 nt
832 1247 903 1311 in
950 1246 1056 1311 his
1094 1245 1413 1311 bellorum
1461 1244 1873 1329 gravissimis
1931 1241 2323 1309 tumultibus

372 1335 702 1403 eeclesiam
746 1354 932 1398 snam
977 1341 1214 1398 servet,
1862 1353 1866 1357 ·

536 1419 1036 1485 Adolescentem
1093 1435 1288 1500 quem
1342 1416 1508 1481 mihi
1550 1414 2025 1483 commendasti
2069 1414 2318 1499 excepi.

370 1505 596 1575 Scriba
650 1504 832 1570 urbis
889 1512 1153 1569 nostrae
1212 1503 1549 1585 primus,³)
1616 1503 1718 1567 vir
1773 1501 2018 1578 clarus,
2077 1501 2324 1583 recepit

368 1595 595 1677 ipsum.
686 1590 983 1655 Pretium
1052 1590 1125 1653 in
1191 1607 1398 1652 annos
1462 1587 1756 1670 postulat
1819 1594 2162 1653 coronatos
2224 1591 2319 1650 16.

367 1678 641 1745 Interim
687 1697 844 1741 vero
889 1684 957 1739 et
996 1675 1218 1739 ‘vestes
1262 1683 1329 1739 et
1371 1672 1521 1737 libri
1580 1672 1873 1737 solvendi
1919 1681 2089 1737 sunt.
2177 1673 2325 1755 Ego

368 1764 493 1831 fide
555 1763 733 1828 iussi.
838 1759 991 1842 Quo
1053 1762 1225 1825 circa
1289 1781 1328 1823 a
1394 1768 1478 1837 te,
1547 1760 1636 1822 mi
1705 1759 2042 1823 carissime
2102 1759 2323 1837 frater,

367 1849 624 1935 postulo
683 1855 758 1913 ut
808 1855 1131 1911 mercator
1182 1845 1296 1910 ille
1351 1847 1539 1910 euius
1583 1853 1658 1907 tu
1706 1844 2111 1908 mentionem
2165 1844 2326 1908 facis

370 1937 440 2001 in
475 1935 686 2000 literis
721 1933 873 2012 tuis,
918 1932 1084 1997 mihi
1120 1932 1381 2008 scribat,
1418 1951 1655 1996 nomen
1692 1949 1887 1994 suum
1922 1928 2050 2006 det,
2098 1928 2328 1993 fidem-

370 2043 492 2105 que
541 2020 927 2102 obstringat.
1017 2018 1289 2093 Vestes,
1344 2017 1544 2082 libros
1589 2024 1655 2080 et
1697 2016 1947 2080 victum
1993 2015 2328 2079 ministra-

367 2108 530 2174 bunt
590 2107 717 2189 ipsi
784 2104 995 2169 scriba
1053 2117 1121 2168 et
1163 2104 1338 2168 cives
1380 2102 1549 2167 boni.
1639 2101 1784 2184 Ego
1848 2100 2042 2165 fidem
2111 2121 2327 2164 meam

367 2193 494 2259 illis
549 2191 903 2258 obstrinxi:
962 2189 1146 2254 effice
1202 2210 1359 2272 ergo
1416 2210 1499 2252 ne
1548 2187 1709 2252 mihi
1764 2186 1979 2251 fraudi
2035 2186 2139 2251 sit.
2228 2189 2328 2250 Ac

365 2279 519 2345 boni
563 2276 858 2356 consule,
904 2296 1049 2354 ore,
1094 2275 1268 2357 quod
1312 2276 1473 2340 haec
1518 2271 1791 2356 postulo.
1882 2270 2104 2337 Semel
2148 2272 2328 2336 enim

367 2373 558 2448 atque
593 2365 837 2429 iterum
879 2361 1191 2425 damnum
1230 2381 1348 2444 per
1368 2359 1883 2443 imprudentiam
1906 2357 2079 2422 sensi
2103 2378 2328 2421 rerum

366 2471 684 2515 mearum.
730 2447 918 2525 Vale,
957 2446 1189 2511 dilecte
1229 2457 1294 2510 et
1329 2447 1686 2529 plurimum
1720 2444 1883 2508 mihi
1921 2440 2329 2508 observande

370 2534 649 2602 Calvine.
753 2534 981 2617 Tiguri
1042 2535 1116 2595 16
1175 2532 1340 2597 Maii
1396 2551 1570 2596 anno
1625 2537 1802 2593 1544.
1895 2527 2209 2594 Salutant
2263 2537 2329 2592 te

365 2619 601 2687 {intres
642 2619 1006 2705 Meyander,
1040 2617 1443 2697 Biblianden
1495 2616 1872 2694 Pellicanue,
1925 2615 2328 2695 Guauherus,

369 2706 705 2773 Fabritius
746 2714 866 2772 ete.

1376 2789 1463 2853 H.
1510 2788 1939 2873 Bnllingerus
1981 2793 2152 2851 tuus.

1158 3091 1449 3101 -----..-..-
1464 3094 1555 3100 --....

1271 3335 1423 3406 54⁹.

870 3489 1352 3560 SULZERUS
1400 3488 1835 3557 GALVINO.

553 3683 765 3749 Varia
791 3681 1051 3747 breviter
1075 3679 1172 3747 vel
1193 3685 1619 3746 commemorat
1644 3679 1739 3746 vel
1765 3677 2030 3760 adiecit,
2069 3672 2332 3743 Claudii

364 3770 433 3835 in
471 3767 815 3836 Calvinum
858 3766 1176 3832 meliorem
1218 3767 1518 3842 animum,
1556 3764 1753 3830 Vireti
1794 3764 2166 3830 vocationem
2215 3761 2334 3826 Ge-

365 3874 718 3932 nevensem,
775 3854 1018 3920 bellicos
1059 3858 1260 3918 motus
1302 3853 1372 3916 in
1416 3851 1701 3930 Alsatia,
1752 3849 2115 3934 Myconium
2157 3845 2333 3929 apud

370 3941 756 4007 Turicenses
796 3939 959 4005 male
1001 3939 1353 4006 audientem
1393 3943 1497 4002 etc.

369 4129 481 4195 (Ex
540 4127 861 4200 apographo
918 4125 1220 4180 recentiore
1275 4125 1419 4178 Bibl.
1475 4124 1666 4193 imper.
1714 4121 1883 4176 Paris.
1937 4120 2070 4175 Ooll.
2116 4119 2331 4190 anuy.

979 4193 1100 4248 Vol.
1142 4191 1255 4258 102,
1295 4193 1383 4246 sol.
1421 4192 1490 4246 80
1526 4191 1728 4259 verse.)

540 4384 615 4452 S.
712 4385 815 4450 De
858 4381 989 4448 fide
1032 4381 1532 4463 sinceritateque
1572 4391 1686 4444 tua
1729 4399 1887 4463 erga
1931 4398 2157 4442 omnes
2202 4377 2332 4440 fra-

367 4476 505 4537 tres
568 4469 743 4535 nihil
811 4468 1051 4545 diffido,
1117 4475 1192 4531 ut
1254 4466 1704 4549 quampridem
1772 4471 1873 4528 tot
1928 4484 2003 4526 ar
2051 4460 2334 4527 umentis

370 4555 549 4658 apud
588 4557 797 4622 bonos
842 4555 1146 4631 innotuit,
1193 4561 1268 4617 ut
1311 4573 1441 4616 non
1485 4551 1689 4634 possit
1723 4548 1859 4613 ulla
1895 4548 2011 4614 dec
2039 4548 2334 4612 aratione

368 4643 645 4710 sinistra
690 4640 989 4707 convelli.
1055 4638 1235 4705 Sane
1280 4659 1434 4703 vero
1481 4656 1599 4702 nec
1648 4633 1971 4712 Claudius,
1986 4636 2033 4708 ¹)
2081 4654 2207 4716 quo
2254 4631 2334 4697 de

369 4729 629 4807 scribis,
698 4726 865 4792 nihil
931 4733 1031 4791 est
1093 4745 1508 4810 magnopere,
1619 4742 1779 4785 unm
1844 4725 2018 4786 esset
2080 4718 2335 4803 legatos

369 4814 836 4899 subsequutus,
863 4809 1041 4894 apud
1062 4831 1168 4876 me
1190 4818 1491 4894 questus:
1528 4743 1818 4890 adeoque
1855 4807 2054 4870 etiam
2078 4805 2335 4870 illustre

580 5108 644 5167 3)
691 5102 991 5158 Wmem
1026 5101 1307 5183 Byyeb‘qoe.

410 5174 547 5237 5⁴0.
590 5175 657 5256 1),
688 5173 1397 5295 Dequonamfflm
1414 5164 2065 5247 coyitemusambiyinqus.
2115 5163 2337 5245 Nomen

369 5241 999 5326 maumamfl
1110 5240 1529 5321 maalmam
1568 5235 2336 5362 Οιάσζῖῐαὲεῗινῖοωὲιοῗιρέἒ

371 5313 626 5451 m
648 5311 1171 5448 ssmfflsaoelpiiis
1204 5396 1258 5434 a.
1297 5349 1444 5434 15:³39.
1774 5322 1838 5360 m
2197 5343 2213 5370 ⁹

2181 457 2344 518 1544
2389 455 2588 522 MAI.

4273 466 4403 530 710

2427 642 2876 708 testimonium
2920 642 3255 708 doctrinae
3298 643 3689 729 pietatisque
3721 654 3878 711 tuae
3919 645 4129 726 dedit,
4174 646 4241 714 id
4287 669 4398 716 so-

2427 728 2568 794 lum
2610 750 2685 794 se
2727 728 3059 811 requirere
3116 728 3339 796 dicens
3395 738 3472 796 ut
3513 730 3836 815 quendam
3892 732 4171 799 fratrem
4215 755 4395 801 com·-

2426 815 2905 880 mendatiorem
2971 813 3220 881 habeas
3286 822 3587 882 extrema
3640 818 4031 884 necessitate
4088 819 4393 885 laboran-

2429 902 2645 979 tem.²)
2709 902 2812 966 Eo
2856 901 3031 964 enim
3077 901 3288 967 officio
3332 903 3535 968 totius
3578 924 3735 969 suae
3778 902 4003 970 classis
4043 905 4280 972 stain-es
4325 915 4394 973 te

2428 985 2751 1052 demereri
2807 986 3298 1070 arctissimeque
3356 987 3818 1054 benevolentia
3869 990 3990 1056 tibi
4034 990 4393 1076 adiungere

2426 1091 2638 1154 posse.
2689 1070 2886 1154 Quod
2929 1079 3004 1136 ut
3043 1073 3243 1138 facias
3285 1094 3421 1139 non
3466 1083 3567 1139 est
3609 1082 3686 1139 ut
3726 1096 4121 1158 magnopere
4163 1084 4231 1142 te
4276 1077 4392 1142 ad-

2426 1157 2671 1236 horter,
2717 1158 2825 1241 qui
2873 1169 2987 1222 tua
3029 1167 3261 1240 sponte
3296 1167 3365 1223 et
3398 1159 3478 1224 ad
3515 1161 3909 1225 miserorum
3952 1163 4391 1245 patrocinium

2428 1250 2498 1308 et
2539 1252 2839 1308 mutuam
2882 1244 3410 1310 coniunctionem
3456 1244 3758 1311 alendam
3797 1256 3862 1310 et
3897 1247 4391 1329 provehendam

2430 1349 2500 1394 es
2545 1330 2872 1395 incitatus.
2961 1329 3285 1394 Hortatus
3339 1352 3482 1396 sum
3535 1330 3908 1409 Claudium,
3967 1333 4393 1416 quemadmo-

2430 1414 2588 1479 dum
2630 1423 2701 1479 et
2741 1422 3063 1492 caeter-oe,
3122 1437 3240 1498 pro
3298 1417 3510 1482 officio
3556 1419 3654 1482 uti
3700 1429 3765 1482 te
3813 1418 4280 1500 complectatur
4322 1420 4393 1485 in

2429 1499 2748 1582 Domino,
2794 1501 3097 1566 ooeervet
3140 1509 3209 1566 et
3250 1502 3449 1579 eolat,
3496 1502 3736 1585 detque
3780 1523 4046 1586 operam
4089 1525 4240 1570 cum
4285 1525 4391 1570 re-

2430 1586 2659 1668 liquis,
2715 1586 2813 1652 uti
2870 1586 3424 1669 quemadmodum
3481 1589 3612 1653 iam
3671 1588 3937 1653 tandem
3995 1591 4171 1654 inter
4227 1587 4392 1656 duas

2431 1672 2554 1736 has
2576 1671 2984 1755 respublicas
3006 1693 3138 1755 pax
3180 1673 3595 1756 amicitiaque
3632 1672 3799 1738 dono
3822 1674 3950 1739 Dei
3994 1675 4252 1753 coaluit,
4298 1676 4394 1742 ita

2430 1758 2608 1823 inter
2650 1758 3073 1823 ecclesiarum
3108 1759 3449 1824 ministros
3491 1781 3719 1824 omnes
3765 1781 3963 1826 verus
3998 1761 4067 1824 in
4103 1761 4392 1826 Domino

2430 1864 2789 1909 consensus
2833 1863 3145 1926 amorque
3186 1844 3517 1910 fraternus
3560 1846 3868 1925 obtineat,
3912 1844 4110 1929 idque
4154 1867 4225 1910 se
4258 1847 4393 1912 fac-

2431 1939 2653 1995 turum
2699 1937 2775 1993 ut
2816 1938 2883 1994 et
2925 1929 3034 1993 alii
3076 1939 3298 1996 sancte
3341 1932 3604 2015 recepit.

2620 2015 2902 2079 Viretum
2944 2013 3064 2079 tibi
3123 2015 3401 2098 συνεργὸν
3443 2037 3822 2082 concessum
3869 2037 4011 2081 esse
4027 2019 4084 2100 3)
4137 2015 4391 2100 gaudeo

2431 2099 2886 2176 vehementer,
2947 2107 3014 2164 et
3056 2100 3228 2182 quod
3274 2101 3511 2166 studiis
3552 2103 3687 2166 tuis
3733 2101 4224 2187 valetudinique
4269 2103 4396 2167 im-

2432 2207 2631 2269 pense
2676 2187 2883 2263 faveo,
2926 2185 3164 2268 quibus
3208 2188 3504 2252 conferre
3542 2188 3740 2252 Viretae·
3774 2208 3988 2270 opera,
4032 2195 4109 2252 ut
4144 2187 4393 2268 scribis,

2429 2279 2647 2355 potest
2688 2271 3047 2353 plurimum
3084 2271 3296 2337 fidelis
3330 2271 3582 2355 tibique
3617 2283 3822 2356 grata,
3870 2282 3938 2337 et
3972 2272 4142 2355 qnod
4176 2274 4397 2356 ipsum

2433 2359 2630 2422 etiam
2693 2357 2972 2422 Via-etum
3029 2356 3367 2423 disturbiis
3410 2357 3819 2440 quibusdam,
3865 2379 4035 2440 quae
4076 2379 4210 2423 non
4254 2360 4396 2425 sine

2433 2443 2654 2507 dolore
2704 2443 2958 2525 accepi,
3016 2443 3219 2508 eximi
3277 2442 3360 2507 ad
3417 2453 3679 2526 tempus
3738 2443 4019 2509 iudicem
4063 2442 4394 2526 expedire,

2433 2527 2642 2593 donee
2697 2549 2816 2610 pro
2874 2549 3070 2593 eursu
3123 2529 3471 2611 temporis,
3528 2530 3873 2594 exstinctis
3924 2528 4226 2593 nonnihil
4269 2529 4395 2592 im·

2432 2613 2784 2695 proborum
2840 2613 3256 2697 quorundam
3309 2614 3473 2679 odiis
3527 2616 3868 2697 furiisque,
3926 2615 4199 2680 meliore
4244 2634 4397 2680 cum

2432 2700 2622 2783 fruge
2679 2708 2878 2783 queat
2934 2720 3237 2782 praeesse
3295 2721 3639 2765 reversus:
3699 2721 4072 2784 quanquam
4129 2721 4246 2782 per
4287 2718 4396 2764 me

2432 2783 2693 2867 quidem
2739 2804 2873 2849 non
2920 2785 3118 2850 stabit
3162 2787 3512 2868 quominus
3558 2785 3924 2851 diutissime
3977 2787 4174 2851 etiam
4218 2782 4397 2867 apud

2432 2879 2501 2935 te
2545 2869 2832 2935 haereat.
2924 2871 3135 2934 Tuam
3196 2870 3636 2955 ecclesiaeque
3681 2879 3833 2936 tuae
3875 2871 4397 2937 incolumitatem

2433 2954 2707 3039 perinde
2752 2977 2827 3021 ac
2870 2962 3240 3022 nostrarum
3289 2965 3537 3024 sartam
3581 2969 3951 3039 tectamque
3995 2957 4199 3039 cupio.

2607 3040 2693 3105 D.
2743 3040 3022 3108 Claudio
3064 3041 3141 3106 de
3188 3040 3444 3123 Campis
3464 3045 3519 3114 ⁴)
3580 3043 3929 3126 impetravi
3974 3037 4397 3108 sustentatio-

2435 3148 2590 3192 nem
2646 3127 3044 3192 Lausannae
3101 3126 3183 3192 ad
3243 3148 3360 3192 sex
3418 3148 3707 3205 menses,
3784 3148 4057 3211 eamque
4116 3125 4197 3192 ad
4254 3146 4398 3190 rem

2433 3209 2798 3296 plurimum
2850 3211 3094 3295 profuit
3153 3211 3628 3278 commendatio
3686 3221 3802 3278 tua
3856 3214 3940 3278 ad
3984 3211 4315 3279 consulem
4359 3229 4400 3276 a

2450 3297 2816 3364 Wattenwil.
2908 3297 3173 3363 Pridem
3221 3298 3415 3376 enim,
3462 3298 3585 3363 hoc
3630 3306 3732 3363 est
3773 3299 4158 3383 priusquam
4202 3295 4285 3362 ad
4331 3303 4397 3362 te

2481 3385 2993 3461 reficisceretur,
3038 3382 3107 3447 id
3151 3385 3396 3449 frustra
3439 3391 3868 3462 tentaveram,
3914 3384 4087 3467 quod
4130 3382 4399 3467 quibus-

2433 3406 2588 3534 gam
2646 3477 2984 3552 suspectus
3040 3467 3395 3534 haberetur
3446 3470 3600 3551 quia
3657 3469 3737 3535 ab
3794 3470 4240 3554 Argentorato
4288 3488 4399 3533 ve-

2437 3562 2628 3620 nerat
2668 3553 3185 3619 commendatus
3250 3555 3363 3621 Sic
3408 3564 3564 3619 sunt
3606 3555 4013 3637 quorundam
4057 3554 4402 3620 hominum

2437 3639 2671 3704 studia.
2762 3639 2957 3720 Quod
3019 3647 3083 3705 te
3140 3640 3307 3705 scire
3363 3641 3574 3718 volui,
3635 3650 3708 3705 ut
3752 3640 4084 3725 deincepS,
4138 3640 4193 3704 si
4239 3659 4399 3721 quos

2437 3725 2603 3791 velis
2660 3725 2848 3790 nobis
2906 3724 3426 3804 commendatoS,
3485 3748 3592 3791 eos
3648 3727 3846 3791 etiam
3890 3735 4006 3790 tua
4051 3725 4401 3790 autoritate

2436 3811 2871 3889 commendes,
2918 3810 3087 3893 quod
3122 3810 3379 3894 pondus
3415 3831 3559 3875 eam
3584 3812 3962 3876 habituram
4000 3832 4141 3876 esse
4165 3807 4398 3874 norim.

2610 3897 2713 3961 De
2747 3897 3145 3962 Germaniae
3181 3903 3356 3962 statu
3393 3897 3488 3960 sic
3524 3896 3747 3962 scribit
3781 3896 3861 3960 ad
3900 3918 4006 3961 me
4031 3896 4402 3979 Myconius:

2436 3979 2702 4046 Bellum
2748 3991 2980 4048 contra
3024 3981 3294 4048 Gallum
3341 3982 3649 4066 procedit.
3740 3981 3951 4047 Nemo
3997 4004 4129 4047 non
4174 3979 4396 4045 currit.

2437 4066 2659 4131 Hodie
2734 4066 2863 4132 duo
2930 4068 3200 4152 navigia
3263 4068 3581 4133 militibus
3639 4068 3834 4152 plena
3900 4089 4018 4151 per
4081 4067 4399 4132 Rhenum

2437 4161 2787 4218 venerunt.
2835 4153 3178 4218 Venerunt
3219 4153 3419 4218 etiam
3463 4153 3620 4218 Itali
3661 4154 3767 4220 his
3811 4154 4058 4219 diebus.
4121 4152 4400 4217 Interim

2439 4247 2656 4302 tamen
2704 4236 2784 4302 de
2826 4258 2984 4320 pace
3027 4239 3365 4322 religionis
3409 4261 3492 4304 ne
3541 4241 3810 4306 verbum
3856 4240 4117 4322 quidem
4185 4236 4398 4303 audie.

2440 4323 2580 4388 Nec
2616 4324 2810 4387 audio
2844 4323 3000 4405 quid
3026 4323 3264 4389 Gallus
3299 4335 3525 4390 contra
3559 4325 3881 4390 instituat
3927 4325 4107 4389 Hinc
4143 4324 4401 4391 coniec-

2438 4417 2660 4474 turam
2729 4409 2980 4474 faciunt
3043 4408 3340 4491 quidam,
3412 4409 3557 4475 belli
3626 4412 3995 4494 primarios,
4056 4421 4402 4494 postquam

2439 4495 2660 4562 omnia
2724 4495 2857 4559 sint
2920 4495 3123 4576 probe
3188 4503 3448 4577 parata,
3505 4516 3730 4579 pacem
3789 4496 4076 4561 facturos
4132 4517 4276 4562 csse
4334 4501 4401 4556 et

2439 4580 2594 4646 totis
2641 4579 2891 4646 viribus
2915 4601 3304 4646 conversum
3331 4581 3411 4646 iri
3457 4587 3685 4647 contra
3708 4602 3847 4645 noe.
3907 4580 3991 4645 In
4037 4583 4210 4648 votis
4255 4598 4399 4648 esse

2439 4666 2683 4731 dicitur
2726 4665 2992 4731 Caesari
3051 4665 3502 4731 monarchiam
3566 4665 3782 4731 moliri
3843 4667 3912 4731 in
3968 4668 4273 4752 Europa,
4329 4660 4400 4730 id

2437 4750 2610 4835 quod
2667 4752 2808 4816 fleri
2863 4751 3092 4834 nequit
3155 4751 3282 4815 nisi
3354 4749 3619 4815 demitis
3673 4751 4017 4818 Helvetiis.
4107 4754 4400 4819 Videant

2438 4838 2647 4902 nostri
2691 4834 2846 4920 quid
2891 4843 3109 4921 agant.
3159 4835 3447 4902 Bucerus
3484 4835 3771 4902 nondum
3811 4853 3846 4901 e
3883 4836 4082 4922 Spira
4115 4839 4396 4912 rodim)

2645 5024 2706 5094 2)
2743 5024 3090 5080 Gereonium?

2647 5093 4396 5163 siOfiN.537.543exquibmquidreifoeoeitfoeikoo1-

2436 5162 4396 5232 Ryoe.Eumnprooeivnomoom1mooemletitormninSemta

2438 5232 2507 5287 do
2539 5248 2602 5288 eo
2636 5232 3194 5364 wazone&
3228 5238 3410 5289 adum
3444 5238 3539 5287 est.

2645 5369 2705 5434 5)
2744 5370 2821 5425 N.
2858 5370 2979 5425 538.

3871 5436 3941 5491 45
3954 5438 3981 5466 ¹¹
