5050 6167
450 450 569 511 725

442 633 693 700 tissime
734 632 1036 719 idemque
1070 633 1406 701 carissime
1446 635 1672 713 frater,
1716 633 1931 701 Italus
1963 640 2080 699 est.
2171 631 2391 700 Guar-

444 718 680 786 dianus
746 719 872 784 fuit
948 721 1021 785 in
1091 719 1403 787 coenobio
1465 718 1742 803 quodam
1803 719 2392 785 Franciscanorum

443 804 617 889 apud
673 805 1143 872 Mediolanum.
1244 806 1527 889 Aufugit
1580 814 1801 871 autem
1868 828 1952 872 ne
2007 807 2080 871 in
2134 804 2397 872 vincula

441 891 873 958 coniiceretur
972 899 1196 975 ropter
1238 890 1598 958 Christum.
1698 892 1981 974 Excepit
2034 892 2252 974 ipsum
2306 891 2392 956 D.

440 977 888 1062 Hieronymus
911 914 1251 1044 &nokerus
1265 977 1322 1061 2)
1344 979 1620 1055 Bernas,
1664 979 1775 1060 qui
1809 998 1986 1044 nunc
2028 975 2396 1061 praesidem

441 1063 581 1148 agit
621 1064 1065 1142 Mendrisii‚⁸)
1120 1064 1508 1148 scripsitque
1553 1063 1637 1129 ad
1680 1064 1766 1129 D.
1818 1063 2209 1129 Pellicanum
2250 1063 2396 1128 lite·

439 1170 550 1215 ras
590 1169 754 1233 quas
788 1149 898 1215 hic
932 1149 1173 1229 attulit,
1196 1149 1254 1233 ⁴)
1296 1150 1644 1216 consilium
1681 1171 1721 1215 a
1758 1150 1947 1216 nobis
1980 1158 2176 1233 atque
2209 1148 2397 1214 auxi-

438 1234 604 1301 lium
647 1235 1009 1317 postulans.
1077 1236 1224 1320 Ego
1264 1255 1472 1318 quum
1516 1234 1804 1302 viderem
1850 1242 1919 1301 et
1958 1234 2399 1319 intelligerem

439 1320 777 1386 hominem
819 1342 963 1387 esse
1004 1322 1271 1398 bonum,
1316 1320 1431 1385 sed
1476 1342 1608 1386 uon
1642 1320 1916 1404 perinde
1960 1320 2241 1399 doctum,
2286 1321 2399 1403 qui

440 1415 665 1471 tamen
706 1407 983 1491 gallicae
1025 1414 1093 1471 et
1134 1407 1394 1472 italicae
1436 1406 1706 1490 linguae
1748 1407 1999 1490 peritus
2042 1416 2231 1485 esset,
2281 1405 2398 1471 sed

438 1492 639 1558 huius
680 1495 972 1576 profecto
1014 1494 1229 1577 magis
1271 1514 1470 1575 quam
1512 1492 1706 1571 illius,
1748 1494 1842 1557 ita
1883 1502 1960 1557 ut
1991 1491 2214 1558 nullus
2256 1492 2398 1557 eius

440 1598 603 1643 usus
646 1588 820 1644 esset
860 1581 1122 1645 futurus
1172 1580 1246 1645 in
1291 1578 1567 1644 ecclesia
1608 1586 1852 1656 nostra,
1897 1599 2064 1661 quae
2108 1576 2396 1661 alioquin

437 1664 643 1729 etiam
687 1675 958 1729 onerata
999 1672 1130 1740 est,
1183 1665 1395 1730 literis
1450 1686 1526 1730 ae
1570 1664 1812 1729 viatico
1868 1664 2268 1729 instructum
2313 1661 2397 1726 ad

436 1769 562 1815 vos
603 1749 945 1832 proficisci,
992 1772 1068 1816 ac
1109 1750 1204 1816 ibi
1244 1751 1459 1817 locum
1511 1750 1795 1833 aliquem
1837 1749 1913 1813 in
1956 1769 2085 1833 quo
2128 1748 2401 1813 haereat

434 1855 753 1918 quaerere
796 1835 996 1902 suasi.
1084 1836 1255 1900 Nam
1304 1857 1439 1900 non
1496 1837 1688 1919 pauci
1742 1835 2042 1900 referunt
2091 1833 2398 1901 ecclesias

436 1920 509 1985 in
557 1942 717 2005 agro
759 1922 1085 1987 Beruensi
1131 1930 1200 1986 et
1242 1921 1622 1987 Genevensi
1663 1921 1886 2005 inopia
1934 1920 2230 1986 laborare
2272 1920 2398 1984 mi-

435 2008 821 2073 nistrorum.
911 2006 1317 2072 Commendo
1383 2008 1601 2090 itaque
1664 2006 1844 2072 hunc
1906 2007 2183 2071 fratrem
2244 2016 2399 2071 tuae

435 2092 720 2170 caritati,
764 2094 820 2158 si
864 2092 1031 2158 forte
1067 2093 1249 2158 locus
1283 2093 1345 2158 ei
1379 2103 1596 2159 certus
1627 2091 1911 2171 daretur,
1956 2113 2040 2158 ne
2084 2100 2400 2175 perpetuo

435 2186 720 2262 cogatur
761 2179 1085 2244 oberrare.
1154 2178 1214 2243 N
1219 2199 1308 2243 on
1350 2180 1579 2262 ignoro
1614 2199 1720 2244 res
1756 2189 2012 2243 vestras
2046 2176 2398 2242 admodum

434 2286 586 2330 esse
630 2265 905 2330 accisas:
948 2263 1095 2328 ideo
1138 2265 1399 2329 veniam
1434 2263 1600 2328 mihi
1633 2263 1777 2329 dari
1821 2283 1955 2328 oro.
2000 2264 2174 2328 ·Non
2206 2264 2400 2328 mitto

434 2350 632 2415 illum
686 2359 762 2415 ut
816 2371 1087 2415 onerem
1141 2371 1294 2422 vos,
1352 2350 1467 2415 sed
1526 2359 1784 2415 tantum
1837 2358 1913 2414 ut
1969 2347 2283 2425 indicem,
2344 2349 2402 2414 si

431 2437 608 2501 forte
651 2436 794 2501 eius
852 2435 1087 2518 aliquis
1140 2445 1316 2500 esset
1372 2457 1548 2501 usus.
1638 2435 1716 2501 Si
1774 2435 1999 2500 nullus
2051 2435 2204 2508 erit.
2258 2443 2401 2498 tum

433 2521 888 2587 consolatione
961 2531 1027 2586 et
1090 2519 1649 2587 commendatione
1723 2521 1943 2603 aliqua
2005 2522 2401 2585 instructum

431 2628 672 2673 rursus
714 2606 935 2673 licebit
977 2605 1324 2672 dimittere.
1415 2607 1622 2672 Doleo
1666 2607 1956 2689 profecto
1999 2605 2170 2689 quod
2214 2606 2402 2672 nobis

432 2715 577 2760 non
620 2702 779 2759 sunt
820 2700 1047 2758 tantae
1088 2713 1245 2776 opes
1289 2701 1365 2758 ut
1405 2691 1582 2758 hunc
1619 2701 1686 2756 et
1726 2692 1891 2757 alios
1933 2691 2195 2757 exsules
2237 2691 2404 2758 reci-

431 2798 601 2862 pere
644 2788 713 2843 et
753 2778 928 2844 alere
970 2780 1314 2862 possimus.
1403 2777 1718 2843 Facimus
1760 2798 1834 2843 er
1962 2777 2133 2861 quod
2174 2797 2403 2859 possu-

433 2885 613 2941 mus,
658 2885 779 2930 nec
820 2864 1001 2929 aliud
1043 2864 1450 2947 postulamus
1493 2884 1534 2928 a
1565 2863 1771 2929 vobis.
1835 2799 2176 2929 Dominus
2211 2863 2403 2929 Iesus

431 2950 529 3017 sit
574 2958 809 3015 tecum.

618 3032 880 3102 Scribet
941 3032 1350 3113 adolescens,
1418 3056 1614 3118 quem
1678 3034 1844 3100 mihi
1909 3032 2399 3111 commendasti,

432 3121 770 3207 quomodo
822 3141 931 3187 res
984 3122 1125 3187 eius
1178 3120 1482 3186 habeant.
1570 3122 1758 3186 Emit
1799 3120 2000 3187 libros
2040 3139 2163 3203 pro
2206 3121 2399 3198 ursis,

433 3210 495 3275 81
545 3209 712 3273 bene
755 3207 1058 3283 memini,
1117 3212 1230 3281 29,
1290 3206 1356 3271 id
1402 3218 1530 3285 est,
1592 3207 1876 3290 pretium
1934 3205 2211 3271 duorum
2263 3205 2402 3271 fere

432 3315 796 3360 aureorum
852 3301 1263 3370 nostrorum,
1326 3312 1463 3357 non
1525 3301 2006 3359 coronatorum.
2095 3290 2402 3357 Commo-

434 3380 604 3446 dum
649 3389 872 3444 autem
912 3379 1082 3443 foret
1124 3380 1180 3444 si
1223 3384 1551 3444 mercator
1585 3378 1836 3444 scribae
1872 3377 2166 3441 mitteret
2209 3381 2247 3440 6
2285 3384 2405 3442 aut

434 3471 478 3532 8
527 3473 895 3531 coronatos.
982 3462 1090 3529 Ita
1131 3463 1307 3529 enim
1350 3463 1526 3546 apud
1568 3483 1691 3528 nos
1735 3462 1880 3528 fieri
1919 3463 2056 3528 fere
2097 3463 2281 3541 solet,
2326 3469 2405 3527 ιιι

434 3551 561 3636 qui
599 3551 932 3633 recipiunt
983 3550 1390 3616 convictores
1446 3548 1813 3633 hospitibus
1871 3567 2025 3613 mox
2079 3547 2164 3613 ab
2213 3548 2403 3612 initio

435 3645 567 3704 aut
607 3637 783 3703 circa
823 3636 1083 3700 initium
1142 3634 1382 3700 bonam
1436 3646 1688 3718 partem
1748 3643 1976 3717 pactae
2029 3633 2407 3718 adpendant

431 3723 776 3808 pecuniae.
866 3722 1047 3785 Oura
1103 3730 1329 3786 autem
1387 3733 1465 3785 ut
1518 3742 1685 3803 quae
1739 3720 2101 3784 mittuntur
2142 3741 2275 3784 non
2319 3718 2403 3783 ad

432 3828 725 3894 puerum
769 3807 999 3884 solum,
1043 3805 1159 3871 sed
1201 3807 1398 3871 etiam
1452 3805 1536 3870 ad
1580 3807 1860 3872 scribam
1918 3805 2100 3871 urbis
2157 3813 2276 3870 aut
2320 3803 2404 3869 ad

433 3915 555 3961 me
596 3895 966 3958 mittantur.
1039 3891 1228 3969 Vale,
1271 3890 1541 3957 colende
1584 3900 1654 3955 et
1690 3911 1958 3973 peroare
2000 3891 2094 3955 mi
2131 3889 2403 3966 calme,

434 3981 651 4047 frater
690 3980 761 4044 in
806 3978 1094 4043 Domino
1137 3976 1524 4043 venerande.
1615 3977 1850 4061 Tiguri
1895 3981 1954 4041 8.
2001 3976 2182 4042 Iunii
2218 3980 2401 4040 1544.

1454 4113 1545 4180 H.
1588 4111 2019 4197 Bullingerus
2057 4120 2231 4177 tuus.

495 4479 508 4492 .
583 4479 595 4490 ·
654 4406 717 4470 2)
756 4405 944 4461 Filias
983 4404 1269 4486 secretarii
1312 4403 1553 4458 civicaus
1587 4402 1912 4468 Ber-nensis,
1962 4401 2234 4458 Pollicens·
2277 4403 2409 4457 olins

656 4492 754 4608 3⁸)⁴⁸
762 4479 1160 4613 Οιὲρῗίτιζαὲεἲ.
1181 4541 1244 4595 in
1275 4555 1419 4610 payo
1449 4537 1727 4595 Tieinensi
1745 4542 1843 4610 qui
1860 4555 2009 4597 nunc
2043 4540 2262 4605 dieitur,
2298 4556 2410 4595 non

436 4615 643 4688 procul
675 4630 713 4667 a
747 4613 873 4666 lacu
906 4612 1100 4666 Lario.

655 4682 719 4748 4)
762 4682 1104 4735 Commendat
1146 4694 1268 4733 euno
1311 4683 1374 4732 ut
1416 4678 1639 4747 pietatis
1674 4678 2015 4746 evangelicae
2059 4694 2124 4731 ue
2160 4679 2409 4732 veritatis

440 4753 799 4877 mmla
865 4768 932 4886 130
978 4750 1212 4803 maxime
1258 4748 1622 4816 baptistarum
1667 4763 1900 4803 oaorem.
1980 4749 2005 4813 (
2053 4765 2097 4800 r.
2136 4746 2409 4801 Pellicano

2262 447 2425 510 1544
2470 444 2657 512 IUN.

4341 457 4469 524 726

3399 638 3557 712 558.

2995 790 3486 862 MYCONIUS
3532 793 3975 864 GALVTNO.

2674 959 2846 1027 Eius
2885 963 3115 1029 librum
3157 963 3246 1029 ad
3281 964 3612 1032 Gaesarem
3647 969 3952 1050 scriptum
3993 967 4140 1053 leyit
4176 990 4317 1037 cum
4359 993 4462 1037 vo-

2501 1047 2738 1131 luptate
2791 1053 2847 1114 et
2904 1070 3088 1135 aeyre
3139 1050 3262 1133 fert
3304 1051 3607 1119 Basileae
3660 1057 3938 1120 venalem
3980 1075 4104 1122 non
4143 1062 4457 1140 prostare.

2502 1133 2614 1199 Ex
2662 1133 2884 1201 Gallia
2925 1157 3212 1204 rumores
3251 1137 3433 1204 dubii
3473 1144 3530 1204 et
3569 1141 3837 1206 sinistri.

2836 1306 2944 1374 (Ex
2981 1309 3317 1378 autographo
3353 1309 3483 1364 eod.
3523 1309 3726 1365 Genev.
3763 1310 3881 1379 110,
3916 1311 4007 1366 fol.
4043 1310 4123 1379 9.)

2498 1494 2585 1558 D.
2630 1492 2867 1560 Ioanni
2902 1493 3185 1562 Calvino
3229 1498 3535 1564 ministro
3578 1499 3853 1565 Domini
3896 1500 4462 1584 praestantissimo

2833 1582 3096 1647 domino
3140 1604 3261 1649 suo
3303 1585 3375 1649 in
3420 1583 3689 1651 Christo
3734 1586 4124 1652 venerando.

2673 1713 2743 1782 S.
2815 1717 2875 1781 A
2922 1717 3119 1782 Gallo
3205 1717 3465 1794 nodam,
3520 1720 3664 1785 viro
3708 1729 3884 1786 certe
3928 1722 4194 1805 optimo,
4240 1724 4462 1807 accepi

2498 1799 2742 1866 librum
2786 1810 2980 1866 tuum
3022 1801 3106 1867 ad
3149 1738 3499 1870 Caesarem
3559 1812 3628 1870 et
3669 1806 3901 1872 Status
3943 1819 4189 1887 mutu0,
4236 1816 4302 1874 et
4344 1809 4464 1875 do-

2500 1886 2606 1951 leo
2693 1886 2822 1952 uod
2864 1909 2939 1952 eo
2983 1888 3341 1954 carendum
3385 1899 3487 1955 est
3527 1890 3709 1957 mihi.
3798 1892 3950 1957 Non
3985 1902 4087 1958 est
4127 1894 4309 1959 enim
4350 1894 4464 1962 hio

2501 1993 2629 2038 ven
2702 1972 2776 2037 is.
2874 1973 3123 2038 Mirum
3181 1975 3238 2039 si
3297 1976 3610 2060 legissent
3661 1979 3896 2062 quibus
3964 1977 4337 2059 destinasti,
4405 1981 4464 2046 si

2501 2079 2636 2122 non
2678 2058 2956 2124 fuissent
3013 2061 3174 2124 moti
3213 2061 3469 2126 ratione
3513 2063 3745 2146 aliqua.
3836 2063 4160 2145 Quamvis
4202 2074 4464 2132 constet

2500 2144 2598 2208 ita
2644 2142 2943 2209 Caesaris
2984 2146 3206 2211 oculos
3242 2146 3617 2213 obcaecatos
3651 2148 4005 2232 cupiditate
4048 2150 4222 2229 belli,
4268 2161 4346 2216 ut
4379 2150 4465 2217 ad

2503 2228 2732 2293 divina
2775 2250 3044 2312 prorsus
3086 2231 3222 2295 sint
3264 2232 3451 2297 nulli.
3543 2231 3677 2299 Sed
3733 2235 3967 2318 reliqui
4019 2236 4298 2301 forsitan
4342 2237 4464 2302 ali-

2504 2313 2664 2397 quid
2709 2313 3063 2394 vidissent‚
3116 2316 3288 2399 quod
3349 2318 3580 2385 fuisset
3638 2341 3675 2384 e
3730 2340 3804 2385 re
3848 2319 4117 2385 Christi.
4206 2323 4466 2389 Verum

2504 2421 2706 2482 quum
2763 2400 2934 2465 nihil
2987 2403 3076 2466 sit
3128 2410 3344 2468 actum
3400 2403 3482 2468 de
3535 2405 3879 2489 religione,
3954 2407 4310 2473 verisimile
4362 2415 4467 2474 est

2504 2485 2651 2550 illos
2693 2507 2905 2569 neque
2947 2487 3134 2552 illum
3194 2508 3407 2572 neque
3464 2490 3642 2555 aliud
3696 2491 4032 2574 quidpiam
4085 2493 4300 2558 simile
4357 2492 4468 2559 vel

2504 2571 2753 2636 vidisse
2795 2572 2903 2636 vel
2944 2574 3282 2657 cogitasse.
3370 2575 3712 2642 Habemus
3751 2577 4077 2660 principes
4121 2599 4254 2645 non
4297 2579 4468 2646 bene

2505 2657 2924 2723 christianos:
3008 2679 3210 2741 quare
3272 2657 3630 2726 videndum
3698 2673 3799 2727 est
3862 2664 4049 2729 nobis
4112 2685 4251 2728 una
4312 2686 4467 2731 cum

2503 2742 2692 2824 plebe
2735 2751 2813 2807 ut
2844 2744 3066 2808 Deum
3102 2753 3278 2811 recte
3313 2745 3757 2831 intelligentes
3801 2757 3868 2812 et
3902 2747 4467 2832 adprehendentes

2506 2828 2695 2894 nobis
2738 2829 2902 2912 ipsis
2943 2831 3116 2895 circa
3159 2831 3439 2896 salutem
3484 2854 3614 2897 non
3660 2832 3968 2899 desimus.

2676 2914 2783 2979 De
2835 2913 3039 2993 Gallo,
3099 2916 3156 2982 si
3200 2916 3357 2999 quid
3397 2918 3591 2992 nosti,
3637 2939 3881 3002 quaeso
3925 2942 4059 2985 uuo
4102 2922 4304 2986 verbo
4347 2942 4468 2987 ex-

2504 3019 2730 3082 ponas.
2818 3000 3179 3084 Postquam
3233 3003 3411 3067 euim
3462 3001 3764 3070 Caesaris
3818 3006 4147 3072 exercitus
4200 3009 4293 3071 ita
4333 3008 4466 3073 fer-

2505 3096 2636 3164 vet,
2682 3107 2815 3150 nou
2861 3085 3162 3154 audimus
3221 3087 3375 3170 quid
3431 3087 3543 3154 ille
3598 3100 3789 3172 paret
3842 3100 4086 3157 contra.
4174 3093 4268 3157 Et
4308 3092 4467 3158 inde

2505 3180 2682 3236 certe
2726 3181 2883 3236 sunt
2917 3172 3103 3238 varia
3145 3171 3488 3237 hominum
3532 3176 3824 3253 consilia,
3869 3196 4106 3260 nempe
4147 3184 4468 3260 tanquam

2502 3256 2681 3320 inter
2723 3258 3114 3322 monarchas
3155 3258 3244 3322 sit
3284 3258 3554 3324 collusio
3597 3259 3947 3327 adversum
3994 3282 4131 3328 nos.
4219 3262 4471 3330 Videat

2504 3341 2835 3407 Dominus
2880 3343 2990 3425 qui
3034 3344 3224 3408 novit
3266 3343 3462 3409 corda
3506 3345 3872 3425 hominum,
3917 3355 3985 3413 et
4030 3368 4153 3413 nos
4197 3348 4472 3416 adiuvet

2506 3434 2581 3490 ut
2623 3447 2743 3492 suo
2787 3428 3017 3511 spiritu
3064 3437 3480 3495 contemnere
3523 3430 3864 3498 valeamus
3899 3454 4126 3500 omnes
4168 3434 4471 3502 inimicos

2505 3521 2788 3578 nostros.

2680 3597 2933 3662 Contra
2951 3597 3350 3665 Waldenses
3392 3601 3589 3667 audio
3627 3623 3832 3668 novos
3867 3624 4009 3671 esse
4044 3605 4395 3673 tumultus.
4417 3607 4472 3692 ¹)

2506 3683 2749 3749 Frater
2794 3682 3041 3749 Fareui
3079 3705 3232 3750 cum
3286 3686 3494 3752 literis
3537 3707 3684 3752 eam
3727 3689 3810 3755 ob
3848 3711 3991 3755 rem
4036 3692 4473 3775 Argentinam

2504 3770 2954 3853 proficiscitur.
3043 3769 3225 3835 Hinc
3291 3780 3359 3836 et
3419 3792 3538 3838 nos
3601 3775 3912 3839 certiores
3976 3776 4328 3860 aliquando
4387 3778 4470 3844 de

2508 3855 2642 3919 illis
2685 3853 3054 3920 reddemur.
3144 3855 3472 3923 Dominus
3520 3865 3590 3922 et
3643 3858 3804 3941 ipsis
3855 3869 3922 3925 et
3977 3861 4168 3926 nobis
4211 3861 4471 3927 miseri-

2511 3939 2798 4005 corditer
2840 3938 3027 4006 adsit.
3092 3941 3296 4007 Hisce
3336 3945 3565 4024 paucis
3601 3954 3666 4009 te
3702 3944 3988 4010 salutare
4032 3945 4230 4012 volui.
4297 3946 4471 4013 Vale

2507 4046 2628 4109 per
2674 4025 3015 4092 Christum
3070 4047 3221 4093 cum
3277 4027 3593 4095 fratribus
3646 4039 3715 4095 et
3766 4037 3909 4095 tota
3951 4031 4243 4097 ecclesia.
4332 4032 4469 4097 Ba-

2510 4112 2708 4176 sileae
2751 4112 2992 4195 raptim
3046 4117 3139 4179 10.
3185 4113 3364 4178 Iunii
3407 4134 3581 4180 anno
3633 4119 3812 4178 1544.

3570 4248 3686 4318 Os.
3733 4252 4082 4337 Myconius
4124 4260 4294 4318 tuus.

2545 4519 2676 4581 558,
2715 4519 2772 4583 1)
2812 4519 3037 4575 Incolae
3070 4521 3398 4591 oppidorum
3436 4523 3719 4579 Cabrieres
3763 4531 3814 4578 et
3851 4522 4135 4580 Me'rindol
4168 4542 4220 4579 a.
4264 4523 4399 4580 1536
4433 4541 4475 4582 a

2513 4592 2674 4644 curia
2719 4588 3009 4659 Aquas-um
3061 4588 3376 4645 Semini-um
3411 4591 3689 4659 damnati,
3736 4610 3793 4650 a.
3836 4591 3972 4647 1540
4006 4610 4042 4647 a
4085 4593 4231 4663 Reqe
4280 4595 4473 4651 literas

2513 4659 2863 4713 obtinuerant
2908 4658 3311 4714 redhibitoria-s.
3403 4660 3600 4715 Verum
3654 4664 3963 4730 nepem-ime
4008 4665 4169 4717 novis
4211 4665 4376 4718 minis
4421 4669 4474 4720 et

2513 4727 2815 4781 terroribus
2850 4729 3117 4797 exequuti
3145 4728 3299 4790 fuere
3333 4732 3385 4781 et
3417 4729 3563 4798 quod
3586 4731 3880 4786 cervicibus
3913 4748 4092 4786 eorum
4130 4732 4477 4802 impendebat

2513 4796 2739 4849 exitium
2755 4836 2768 4861 ,
2814 4811 2905 4849 eos
2949 4796 3182 4850 subinde
3225 4798 3444 4850 auxilia
3489 4804 3543 4853 et
3584 4800 4015 4855 intercessionem
4061 4801 4221 4855 modo
4266 4802 4335 4856 ab
4384 4802 4475 4855 ἠὼ

2511 4864 2674 4919 modo
2707 4866 2779 4919 ab
2814 4866 2943 4919 aliie
2974 4880 3236 4935 camere
3267 4867 3505 4935 cogebat-

3291 5179 3336 5185 *
3375 5179 3444 5185 --
3479 5179 3692 5187 -—-—-—

3953 5451 4052 5505 46⁸
