5050 6167
420 394 537 456 ⁷49

1309 580 1459 653 578.

939 716 1411 788 CALVINUS
1453 716 1824 785 VIRETO.

584 886 2354 973 Quifactumsitutnupcreumiuitinereuoncou-

411 973 654 1038 emerit.
740 974 845 1039 De
892 973 1206 1059 Stephano
1263 978 1620 1041 accuratius
1675 975 2122 1058 inquirendum
2162 998 2355 1058 quum

409 1058 544 1124 cius
582 1058 763 1142 fama
803 1061 938 1126 iam
975 1061 1128 1127 olim
1159 1060 1355 1129 dubia
1390 1062 1728 1127 etiamnum
1768 1061 2227 1145 suspicionibus
2258 1064 2355 1129 ob-

407 1144 599 1211 noxia
638 1146 740 1211 sit.
832 1144 1072 1230 δμωαί
1112 1148 1390 1232 urgenda
1430 1148 1792 1215 convocatio,

405 1313 517 1382 (Ex
552 1316 889 1386 autographo
934 1317 1065 1372 God.
1101 1317 1307 1372 Genev.
1346 1316 1471 1379 106,
1523 1318 1614 1372 fol.
1652 1316 1768 1372 116.
1849 1317 2199 1389 Exemplaria
2245 1321 2356 1374 alia

407 1389 626 1437 exstant
658 1385 945 1440 lenvillaei
981 1385 1113 1440 Ood.
1151 1387 1294 1439 11122
1338 1386 1432 1440 fol.
1466 1385 1506 1440 4
1539 1402 1713 1454 verso,
1750 1386 2029 1441 Turretini
2064 1387 2195 1442 Ood.
2232 1387 2351 1456 111,

402 1450 491 1506 iol.
525 1451 613 1519 96,
648 1454 927 1509 Boi-nense
961 1455 1100 1524 Bpp.
1127 1455 1250 1510 VII.
1285 1472 1340 1524 p.
1360 1453 1479 1522 628,
1516 1456 1807 1509 Turicense
1842 1456 2059 1510 Simleri
2092 1456 2213 1512 Vol.
2234 1455 2352 1525 55.)

575 1640 646 1708 S.
714 1640 1013 1709 Farellus
1065 1665 1222 1710 vero
1277 1651 1344 1708 te
1386 1641 1659 1729 decepit.
1748 1643 1921 1709 Nam
1979 1645 2134 1729 quia
2175 1652 2352 1711 certo

401 1734 466 1791 te
508 1728 968 1812 exspectabam
1013 1729 1421 1796 substitimus
1457 1737 1573 1794 aut
1604 1728 1784 1794 lente
1818 1730 2274 1813 equitavimus,
2305 1732 2348 1811 ¹)

400 1813 603 1877 etiam
646 1812 982 1897 aliquanto
1024 1824 1370 1899 postquam
1394 1813 1700 1880 Sonevius
1716 1817 1773 1891 ²)
1807 1835 1929 1880 nos
1963 1825 2352 1899 assequutus

400 1906 545 1962 erat
560 1949 576 1974 ,
635 1897 841 1967 donec
894 1902 1211 1966 coniicere
1266 1900 1601 1985 potuimus
1666 1909 1731 1964 te
1784 1921 1917 1966 non
1972 1909 2348 1966 venturum.

397 1982 594 2051 Nunc
638 2004 719 2050 ea
759 2006 928 2069 quae
968 2007 1267 2052 sermone
1301 1993 1581 2051 tractare
1615 1983 1957 2051 debuimus
1989 1985 2199 2052 literis
2232 2007 2350 2052 ex-

395 2068 646 2152 plicare
688 2069 949 2137 difficile
992 2082 1109 2137 est.
1198 2072 1303 2137 De
1351 2069 1659 2152 Stephano
1702 2069 1947 2150 dicam,
2007 2093 2138 2138 non
2182 2072 2351 2137 sicut

393 2155 711 2238 postulas.
820 2155 1087 2224 Videris
1151 2158 1330 2222 enim
1386 2156 1835 2222 testimonium
1892 2165 2119 2243 petere
2175 2156 2351 2244 quod

395 2260 615 2306 coram
659 2241 977 2309 iratribus
1009 2243 1398 2326 proferatur.
1486 2243 1632 2327 Ego
1675 2249 1899 2308 autem
1942 2244 2159 2326 potius
2193 2263 2349 2309 con-

396 2325 560 2406 sulo,
606 2338 685 2392 ut
726 2328 1038 2395 fratribus
1081 2341 1390 2412 tanquam
1437 2327 1661 2394 audita
1702 2329 1963 2408 referas,
2009 2335 2079 2394 et
2120 2327 2203 2393 ad
2245 2330 2348 2394 in-

393 2412 793 2495 quirendum
833 2434 943 2479 eos
978 2414 1278 2481 horteris.
1365 2414 1694 2480 Existimo
1728 2423 1794 2479 te
1837 2415 2005 2481 scire
2049 2414 2209 2499 quid
2243 2436 2351 2481 me

393 2517 479 2563 ex
544 2496 814 2565 Goraldo
881 2497 1163 2566 audiisse
1214 2521 1473 2584 semper
1526 2508 1803 2567 testatus
1867 2501 2012 2566 sim.
2123 2497 2349 2582 Quum

391 2603 683 2668 purgare
726 2606 799 2650 se
841 2584 1016 2669 apud
1069 2606 1177 2652 me
1227 2585 1432 2653 vellet
1473 2584 2061 2669 impudentissimis
2102 2587 2349 2653 calum-

393 2669 527 2734 niis
580 2667 919 2738 Goraldum
961 2672 1284 2756 gravavit.
1373 2672 1651 2740 Constat
1684 2672 1885 2737 etiam
1927 2672 2142 2755 ipsum
2162 2673 2349 2773 Lug·

393 2754 564 2821 duni
605 2756 1185 2823 familiarissimum
1227 2756 1447 2824 Doleto
1488 2760 1685 2823 fuisse
1701 2807 1718 2835 ,
1781 2765 1851 2823 et
1892 2759 2087 2823 tertio
2130 2778 2350 2824 nesclo

393 2843 501 2909 cui
550 2840 846 2908 eiusdem
887 2842 1155 2908 farinae.
1247 2842 1480 2909 Petrus
1532 2842 1640 2909 hic
1683 2851 1911 2910 noster
1925 2846 1980 2924 ⁸)
2026 2843 2146 2909 tibi
2193 2864 2348 2908 nar-

392 2927 577 2993 rabit
617 2927 774 3011 quid
818 2949 903 2994 ex
946 2929 1086 2995 eius
1127 2928 1387 3013 hospita
1429 2928 1722 2994 audierit.
1792 2928 1901 2993 Ad
1932 2928 2096 2995 haec
2129 2931 2351 2996 omnia

391 3013 801 3098 respondent
848 3013 1148 3080 Sulzerus
1190 3023 1259 3081 et
1299 3014 1563 3093 BeaouS,
1581 3018 1611 3055 ⁴
1681 3015 1825 3081 fieri
1881 3035 2072 3099 posse
2125 3024 2204 3082 ut
2244 3036 2349 3081 re-

394 3099 693 3186 sipuerit.
781 3100 927 3185 Ego
970 3120 1175 3184 quum
1229 3100 1508 3183 ineptias
1552 3101 1568 3115 ’
1622 3120 1694 3165 as
1736 3101 2151 3181 refutassem,
2207 3099 2350 3166 dixi

392 3207 503 3252 me
563 3187 916 3270 pessimum
981 3186 1258 3252 exitium
1309 3185 1608 3252 omnibus
1661 3185 2173 3269 imprecaturum
2237 3186 2352 3271 qui

394 3293 552 3344 eum
594 3270 1117 3357 promovendum
1170 3270 1562 3339 curaverint.
1650 3267 1895 3337 Verum
1938 3273 1995 3337 si
2036 3272 2351 3357 privatim

391 3379 471 3426 ro
561 3367 671 3424 tur
737 3358 1078 3424 Auuom’us
1093 3409 1110 3438 ,
1128 3356 1187 3442 ὅ)
1253 3357 1446 3442 plura
1509 3377 1592 3421 ex
1656 3377 1734 3423 eo
1797 3356 2090 3424 audietis.
2199 3358 2351 3423 Non

393 3466 436 3510 v
518 3453 551 3509 t
591 3441 854 3529 quidem
872 3493 887 3522 ,
944 3451 1024 3509 ut
1076 3453 1176 3509 est
1229 3443 1377 3528 plus
1430 3461 1633 3526 aequo
1673 3440 1973 3521 timidus,
2025 3443 2351 3510 sustinere

393 3528 741 3597 invidiam.
829 3525 1169 3610 Quantum
1212 3537 1434 3594 tamen
1474 3528 1793 3613 intelligo,
1838 3527 1896 3593 si
1937 3529 2109 3593 serio
2141 3529 2349 3595 inter-

393 3613 783 3701 pellabitur,
836 3636 1009 3680 unus
1054 3635 1171 3681 vos
1213 3613 1519 3681 liberabit
1559 3615 1742 3679 omni
1784 3612 2096 3679 molestia.
2173 3616 2349 3679 Tan-

395 3713 544 3769 tum
589 3720 756 3785 opus
798 3700 926 3765 erit
959 3698 1325 3784 prudentia.
1413 3699 1491 3766 Si
1532 3700 1638 3766 cui
1681 3722 1766 3765 ex
1806 3699 2118 3765 fratribus
2151 3698 2350 3765 dede-

395 3787 552 3853 ritis
597 3786 724 3852 hoc
776 3785 1186 3865 mandatum,
1244 3787 1356 3869 qui
1410 3806 1631 3853 secum
1688 3785 1971 3868 aliquem
2027 3784 2350 3865 adhibeat,

397 3895 508 3939 res
553 3872 796 3956 absque
840 3871 1100 3955 negotio
1134 3872 1533 3937 conficietur.

574 3956 682 4022 De
725 3957 1142 4024 convocanda
1176 3954 1428 4042 synodo
1446 3955 1504 4042 ὅ)
1537 3956 1833 4033 instabis,
1878 3966 1952 4021 ut
1988 3956 2177 4023 vides
2209 3978 2353 4023 esse

396 4043 553 4128 plus
629 4064 828 4127 quam
902 4064 1179 4108 necesse.
1278 4042 1642 4124 Exemplar
1716 4042 2022 4125 epistolae
2098 4043 2352 4126 prioris,

397 4150 602 4216 quam
674 4128 993 4195 fratribus
1061 4127 1794 4214 Monsbelgardensibus
1870 4129 2279 4212 scripseram,
2296 4129 2350 4210 ι3)

434 4349 665 4430 ὅπῃ)
700 4351 865 4431 Hace⁸
912 4349 989 4405 ad
1034 4354 1357 4405 mmm
1401 4350 1639 4418 αῑᾶςισοηι
1685 4353 1936 4471 aecctare
1980 4348 2242 4404 viam·-
2281 4349 2358 4429 ‘de

404 4424 957 4569 &mm
991 4418 1684 4569 mom
1729 4419 1868 4540 αἴης.
1905 4418 2155 4554 w...
2093 4418 2358 4541 ...aa

371 4563 545 4638 'tm
586 4562 847 4626 temporis
891 4557 1071 4612 demo
1117 4558 1185 4613 de
1241 4557 1429 4613 Vei-cto
1475 4556 1752 4611 vaam
1803 4555 2129 4609 arcessendo
2173 4561 2358 4611 actum

588 4668 678 4754 '2³
718 4694 817 4762 qm·
851 4693 1077 4750 ema
1112 4695 1317 4765 paam
1361 4691 1971 4774 mma-equam
2017 4692 2358 4748 mouendo

408 4775 639 4831 opem
671 4770 997 4831 navasco-at,
1029 4771 1226 4833 postea
1260 4762 1454 4818 Ranae
1486 4762 1638 4817 verbo
1667 4767 2036 4816 meter-mm
2069 4767 2357 4831 susceptu-

409 4831 1276 5024 ffifflp'fflivmgoe,
1317 4901 1569 5025 ‚agnam
1622 4898 1975 4969 emma,
2028 4899 2113 4955 001
2170 4899 2240 4954 P.
2292 4898 2361 4954 αι

660 5007 677 5037 5
833 4968 1048 5038 ‘onata‘
1085 4985 1366 5039 Ωκιφιαυι

621 5039 682 5174 33
715 5037 982 5161 itm.
1014 5104 1116 5176 m.

418 5174 1627 5300 {Febeiffioemmmmm
1664 5175 1814 5230 1546.
1891 5173 2360 5243 VideViretiep.

629 5311 685 5370 τι
724 5313 804 5368 Ν.
841 5313 958 5369 506.

2077 397 2240 460 1544
2284 393 2739 464 samm.

4279 409 4414 473 750

2458 580 2704 648 habere
2755 588 2823 648 te
2865 590 3039 666 puto.
3129 581 3206 651 Si
3265 585 3360 652 ita
3415 593 3547 667 est,
3603 587 3800 655 velim
3857 588 3941 656 ad
3992 610 4102 656 me
4155 590 4401 673 mittas,

2458 688 2597 734 una
2637 689 2786 734 cum
2843 668 3123 735 formula
3173 691 3371 754 quam
3426 671 3775 757 aliquando
3828 672 3909 741 de
3962 678 4410 748 controversia

2460 755 2971 820 sacramentaria
3012 766 3249 840 rogatu
3293 765 3406 823 tuo
3449 779 3956 843 composueram.
4044 762 4240 828 Hanc
4270 763 4404 830 for-

2459 839 2706 904 mulam
2770 841 3072 924 inprimis
3136 842 3528 926 desidero.⁸)
3635 845 3820 911 Vale.
3920 846 4139 932 Cogor
4201 850 4405 916 finem

2457 924 2690 990 facere.
2798 926 3125 993 Dominus
3188 937 3254 993 te
3317 939 3660 996 conservet
3722 930 4147 1014 incolumem,
4213 935 4405 1000 uxori

2458 1012 2808 1076 sanitatem
2862 1011 3126 1095 plenam
3181 1015 3506 1081 restituat.
3596 1015 3868 1084 Fratres
3922 1040 4148 1086 omnes
4190 1018 4408 1087 saluta

2459 1095 2822 1181 diligenter.
2913 1095 3082 1163 Vale
3124 1098 3381 1165 iterum.
3450 1104 3551 1165 23.
3595 1099 3928 1186 Septemb.
3983 1108 4162 1170 1544.

3372 1235 3652 1302 Ioannes
3695 1237 4013 1306 Calvinus
4055 1249 4228 1307 tuus.

3357 1679 3506 1753 574.

2935 1815 3433 1886 FARELLUS
3478 1816 3913 1886 OALVINO.

2624 1974 2727 2037 De
2771 1969 3070 2037 Zebedaei
3109 1990 3253 2037 cum
3279 1971 3569 2048 Orbanis,
3615 1973 4049 2040 Turiceusium
4090 1993 4231 2040 cum
4271 1976 4400 2043 Iao-

2452 2052 2732 2122 aaronis
2771 2057 3154 2124 dissensione
3198 2058 3515 2138 pacanda,
3571 2058 3650 2124 de
3696 2057 4042 2142 Capunmdi
4083 2064 4138 2125 et
4179 2060 4400 2130 Liber-

2451 2140 2725 2207 tinorum
2765 2142 2969 2208 mis
2997 2161 3216 2224 pauca
3255 2145 3446 2226 quasi
3486 2144 3546 2207 ἐν
3586 2143 3884 2231 amoq?

2454 2310 2564 2378 (Ex
2610 2311 2948 2383 autographo
3004 2312 3367 2367 bibliothecae
3525 2319 3703 2369 torum
3755 2314 4204 2371 Neocomensinm
4254 2318 4395 2390 Epp.

3035 2381 3236 2436 Fan-elli
3269 2382 3449 2438 fascic.
3484 2381 3557 2437 11.
3590 2382 3658 2436 N.
3692 2382 3803 2449 21.)

2622 2551 3020 2619 Doctissimo
3076 2559 3143 2618 et
3185 2555 3426 2619 eximie
3481 2555 3589 2637 pio
3630 2553 3723 2620 Io.
3769 2551 4046 2622 Calvino
4099 2556 4286 2622 fratri
4328 2563 4397 2623 et

2451 2645 2855 2722 symmystae
2897 2659 3094 2723 quam
3130 2640 3465 2705 carissimo
3890 2724 4204 2793 Gemma

2625 2857 2695 2926 S.
2742 2859 2923 2941 Quid
2943 2858 3166 2926 Orbae
3205 2860 3454 2945 egerim
3487 2879 3529 2924 a
3561 2859 3748 2926 vobis
3782 2859 4049 2927 relictus
4077 2867 4129 2938 ¹)
4173 2863 4399 2946 (nemo

2452 2945 2633 3010 enim
2679 2946 2937 3030 putavit
2985 2946 3319 3031 negotium
3371 2945 3545 3011 tanti
3587 2966 3730 3012 esse
3770 2953 3849 3012 ut
3888 2947 4186 3030 pluribus
4227 2954 4401 3013 esset

2453 3031 2996 3097 committendum
3038 3051 3235 3114 quam
3277 3029 3471 3108 mihi)
3521 3029 3647 3097 hoc
3698 3031 3840 3096 fuit.
3926 3031 4056 3117 Egi
4099 3050 4252 3097 cum
4293 3052 4400 3098 sa-

2454 3116 2766 3184 nioribus.
2863 3118 3058 3183 Licet
3108 3117 3283 3181 inter
3333 3135 3446 3182 eos
3502 3126 3723 3182 essent
3772 3115 3976 3201 aliqui
4037 3138 4172 3183 non
4238 3117 4400 3184 satis

2455 3203 2619 3282 sani,
2665 3213 2885 3269 tamen
2925 3224 3058 3268 non
3112 3201 3461 3268 infeliciter
3509 3200 3894 3267 succedebat
3935 3203 4136 3283 acti0,
4197 3201 4402 3269 donec

2455 3297 2728 3357 vocatus
2770 3289 2895 3355 fuit
2936 3289 3175 3372 hospes
3219 3286 3537 3367 Zebedaei,
3595 3286 3706 3370 qui
3748 3289 3997 3371 tragice
4038 3290 4260 3354 omnia
4299 3297 4402 3355 to-

2455 3384 2584 3454 tus,
2620 3383 2697 3440 ut
2735 3374 2905 3439 nihil
2946 3395 3081 3438 non
3120 3373 3430 3457 probaret
3469 3372 3542 3437 in
3585 3372 3913 3439 Zebedaeo.
3979 3371 4117 3441 Sed
4160 3375 4218 3440 is
4250 3395 4404 3444 cum

2457 3481 2533 3527 eo
2587 3461 2699 3543 qui
2763 3457 3194 3527 contendebat
3255 3477 3559 3544 egressus
3622 3458 3846 3524 omnia
3896 3459 4083 3525 nobis
4136 3458 4408 3545 reliquit'

2453 3546 2805 3630 pacatiora.
2906 3543 3378 3612 Oommendavi
3431 3542 3873 3610 ministerium
3930 3552 4009 3612 ut
4064 3543 4275 3624 valui,
4334 3552 4410 3612 et

2454 3634 2619 3697 iussi
2662 3651 2776 3698 eos
2815 3650 3138 3696 memores
3191 3649 3335 3695 esse
3387 3628 3639 3713 gratiae
3694 3628 3843 3696 Dei.
3940 3630 4033 3694 Et
4079 3638 4404 3712 quantum

2453 3717 2664 3794 videO,
2709 3717 2768 3781 si
2812 3715 3161 3782 Zebedaeus
3208 3735 3352 3780 sese
3391 3724 3721 3797 pastorem
3778 3723 3846 3780 et
3896 3722 4151 3797 patrem
4195 3723 4408 3799 gerat,·

2454 3823 2611 3868 oves
2655 3810 2724 3868 et
2764 3801 2937 3867 filios
2993 3800 3275 3866 habebit.
3364 3796 3502 3866 Sed
3547 3799 3607 3864 is
3658 3819 3811 3866 suas
3854 3798 4054 3864 habet
4093 3801 4408 3878 rationes,r

2500 3887 2694 3953 uibus
2728 3886 2920 3952 modo
2954 3886 3098 3952 aliis
3132 3884 3507 3963 satisfaciat,
3542 3905 3682 3950 rem
3718 3885 3884 3951 bene
3918 3893 4108 3967 putat
4140 3885 4400 3951 habere.

2457 3908 2678 4054 Quam
2722 3972 2915 4057 pauci
2957 3980 3112 4038 sunt
3199 3979 3392 4035 atres.
3460 3968 3795 4035 Admonui
3834 3978 4059 4034 tamen
4097 3990 4251 4034 eum
4283 3970 4404 4034 ali-

2456 4078 2733 4141 quorum
2776 4063 2844 4122 et
2886 4057 3163 4123 nonnihi
3234 4056 3373 4139 spei
3415 4054 3641 4122 habeo.
3730 4053 3910 4120 Sane
3951 4075 4086 4119 non
4121 4062 4264 4120 erat
4297 4075 4404 4120 oc-

2457 4143 2631 4208 casio
2672 4141 3084 4226 negligenda.
3172 4139 3364 4223 Quod
3418 4161 3637 4206 coram
3695 4159 3888 4205 nemo
3929 4147 4225 4205 vestrum
4266 4159 4402 4205 non

2545 4230 2954 4396 't,d:1tlequu3
2999 4227 3174 4311 agito
3228 4246 3348 4309 per
3390 4227 3647 4304 literas,
3702 4233 3781 4291 ut
3820 4224 4007 4290 tollat
4051 4224 4404 4292 zebedaeus

2460 4335 2497 4380 o
2550 4336 2634 4380 en
2686 4315 2741 4377 'c
2812 4333 2869 4377 a.
2887 4315 2917 4354 ²

4397 4367 4414 4408 'l

4403 4443 4413 4464 ι

2496 4552 2626 4613 574.
2665 4482 2725 4614 18))
2759 4481 3014 4620 &demta
3041 4521 3452 4620 praecedentem
3495 4564 3711 4673 cxffua
3743 4547 3945 4616 efficies
3976 4547 4191 4630 paucis&
4211 4531 4415 4608 dicbusw

2461 4619 3524 4702 mucaCalvipumctSoneriumm
3613 4615 4401 4673 arelloOrbaeautmvici-

2459 4705 3037 4827 “oessiwra
3207 4750 4402 4837 ‘Zebedaeocum'puia-orbanquoehl.

2460 4827 2985 4906 melai-epam.
3101 4822 4404 4905 fflmaedtukoesdsscomuseum

2461 4894 3254 5020 '‘amcam-‘Qu
3403 4892 3665 4962 m...

2463 5030 3491 5103 manwen-Romanoa&

2462 5096 4405 5179 eumqueueenscMaiolbwinoiuctdaconiectumDein‘ryiuis

2464 5165 4404 5249 dmmmeWM-wwmct

2464 5241 2670 5367 d'Orbe
2792 5240 3062 5363 aoesn'
3615 5237 3692 5292 Π
3954 5235 4023 5290 de

2699 5328 2758 5379 p.
2990 5347 3003 5362 .
