5050 6167
689 434 809 496 751

860 617 1212 684 Caeterum
1256 616 1337 681 de
1369 636 1525 700 pace
1566 622 1633 680 et
1672 613 1842 681 bello
1887 614 2042 698 quid
2086 614 2297 681 dicam
2340 634 2477 679 non
2511 613 2631 678 ha-

684 703 822 771 beo.
914 702 1238 786 Cuperem
1282 709 1348 767 te
1406 702 1534 767 iter
1576 702 1901 784 suscipere
1945 698 2030 765 ad
2073 699 2437 785 Tigurinos‚
2459 700 2516 782 ⁸)
2563 705 2632 762 et

682 788 752 854 id
794 809 900 854 rcs
940 797 1236 871 posceret
1276 795 1342 852 te
1386 786 1602 870 digna,
1646 787 1779 851 imo
1823 785 2109 864 ecclesia,
2168 786 2301 851 imo
2347 784 2625 850 Christo.

685 873 881 957 Quod
924 874 1114 957 cupio
1148 882 1225 938 ut
1266 892 1462 957 quam
1499 871 1994 956 diligentissime
2029 871 2291 950 efficias,
2339 877 2407 935 et
2441 869 2628 954 quid-

683 960 839 1043 quid
881 958 1127 1044 poteris
1170 957 1511 1042 pervidere
1569 957 1735 1041 quod
1792 959 1966 1023 factu
2010 957 2098 1021 sit
2139 977 2332 1039 opus,
2391 975 2627 1038 quaeso

684 1055 751 1111 te
793 1066 1033 1130 proper
1077 1044 1420 1110 Christum
1464 1065 1545 1110 ne
1592 1044 1905 1127 negligas,
1966 1044 2098 1107 imo
2143 1063 2368 1107 omnes
2411 1041 2629 1106 horte-

682 1133 779 1196 ris
821 1129 904 1195 ad
945 1130 1323 1196 incendium
1375 1128 1497 1195 hoc
1550 1126 2107 1213 restinguendum.
2195 1128 2340 1211 Ego
2382 1134 2448 1192 te
2490 1126 2630 1191 ido·

683 1237 887 1282 neum
931 1217 1141 1299 magis
1184 1237 1319 1280 non
1360 1214 1582 1292 vide0,
1628 1235 1750 1280 nec
1793 1215 1905 1295 qui
1948 1215 2156 1298 magis
2199 1214 2374 1278 norit
2421 1234 2626 1295 quan-

683 1309 825 1367 tum
870 1302 968 1367 illi
1011 1301 1380 1368 'thrasones
1422 1321 1625 1383 quum
1667 1301 1737 1364 in
1784 1299 2005 1365 Gallia
2049 1308 2186 1364 tum
2230 1298 2303 1363 in
2347 1298 2628 1364 Germa·

682 1388 796 1453 nia
837 1396 906 1452 et
946 1389 1189 1470 passim
1233 1393 1527 1452 noceant.

853 1474 958 1538 De
1024 1472 1308 1555 spadone
1372 1481 1594 1537 nostro
1612 1469 1670 1546 ⁴)
1736 1491 1869 1535 non
1933 1477 2033 1536 est
2092 1468 2263 1552 quod
2325 1469 2624 1534 scribam.

682 1557 992 1625 Christus
1035 1558 1221 1623 Iesus
1277 1564 1585 1640 repurget
1640 1556 1957 1638 templum
2002 1575 2196 1620 suum
2239 1563 2307 1620 et
2350 1554 2512 1619 faxit
2553 1563 2630 1619 ut

682 1644 796 1726 qui
838 1645 1093 1708 intrant
1146 1643 1296 1725 puri
1349 1644 1482 1707 sint
1538 1649 1603 1706 et
1656 1641 1888 1706 mundi
1941 1649 2008 1705 et
2048 1661 2212 1723 pure
2253 1640 2448 1704 litent
2489 1639 2627 1705 Do-

681 1730 883 1795 mino.
971 1726 1417 1810 Quintinistae
1457 1727 1715 1805 factio,⁵
1788 1748 1954 1810 quae
1997 1747 2079 1791 ex
2117 1724 2407 1792 Simonis
2451 1726 2628 1809 magi

684 1814 1021 1898 discipulis
1056 1821 1270 1879 ortum
1292 1813 1590 1897 sumpsit,
1637 1813 1692 1877 si
1769 1812 2077 1895 piphanio
2113 1811 2452 1890 credimus,
2499 1812 2627 1875 uti-

681 1920 841 1965 nam
886 1919 1003 1982 per
1044 1906 1110 1964 te
1152 1900 1442 1964 funditus
1477 1899 1892 1980 exstirpetur.
1981 1898 2305 1962 Dominus
2339 1897 2526 1961 Iesus
2562 1903 2628 1961 te

682 1992 909 2052 servet
951 2006 1025 2051 ac
1068 1991 1255 2049 tuam
1297 2004 1596 2061 uxorem,
1652 1982 2142 2058 Rev-nardinum,
2194 1983 2626 2059 Genestonum,

680 2077 752 2135 et
815 2069 1130 2154 quidquid
1195 2082 1295 2136 est
1356 2070 1634 2153 piorum.
1744 2069 1930 2133 Vale.
2043 2066 2294 2134 Omnes
2373 2068 2628 2134 salvere

677 2156 848 2221 iube.
936 2155 1162 2220 Nostri
1205 2156 1324 2222 tibi
1380 2154 1661 2222 salutem
1707 2153 1949 2220 dicunt.
2035 2153 2102 2218 N
2103 2154 2348 2220 eocomi
2392 2158 2451 2219 2.
2496 2151 2628 2219 Oc-

679 2240 888 2307 tobris
938 2246 1117 2305 1544.
1141 2239 1198 2324 ⁶)

1717 2324 2021 2391 Farellus
2064 2332 2216 2392 tuus
2258 2332 2453 2391 totus.

1579 2732 1728 2803 575.

1085 2867 1556 2936 CALVINUS
1601 2866 2151 2936 SCHNEPFIO.
2180 2871 2229 2946 ¹)

848 3022 1541 3108 Monsbelyardensium
1610 3022 1951 3089 libertatem
2007 3023 2079 3088 in
2134 3021 2361 3088 ritibus
2420 3024 2626 3089 sacris

678 3109 974 3178 tuendam
1015 3110 1075 3174 ei
1115 3109 1511 3188 commendat,
1571 3107 1972 3192 Anyelcmdri
2014 3108 2478 3174 intolerantiam
2518 3130 2624 3175 no-

671 3199 764 3261 tat
805 3199 862 3260 et
900 3194 1265 3260 sententiam
1308 3213 1493 3260 suam
1535 3194 1610 3258 de
1650 3194 2020 3275 quaestione,
2064 3213 2216 3258 nwm
2258 3193 2446 3277 impii
2486 3215 2624 3262 cor-

664 3300 800 3366 pus
846 3278 1084 3345 Christi
1124 3280 1196 3345 in
1238 3300 1424 3345 coena
1464 3278 1788 3360 recipiant,
1831 3279 2101 3362 exponit.

672 3448 787 3573 Px
831 3449 1142 3519 apographo
1187 3464 1386 3502 coaevo
1430 3448 1793 3503 bibliothecae
1840 3453 2118 3517 pastorum
2154 3449 2618 3505 Neocomensium.

726 3517 842 3571 liud
876 3523 1056 3571 exstat
1088 3517 1147 3570 in
1170 3517 1311 3570 Bibl.
1350 3517 1645 3571 Basileensi
1681 3516 1743 3571 G.
1780 3517 1828 3570 1.
1863 3515 1949 3586 22,
1982 3517 2072 3571 fol.
2107 3515 2193 3572 39.
2242 3519 2411 3574 Edita
2445 3527 2530 3575 est
2562 3523 2620 3574 in

671 3587 937 3656 supplem.
955 3586 1131 3639 Bezae
1153 3585 1293 3640 Gen.
1316 3582 1468 3642 1576.
1502 3602 1556 3655 p.
1574 3583 1695 3651 425,
1732 3584 1940 3639 Chouet
1961 3602 2014 3654 p.
2034 3584 2155 3655 592,
2193 3590 2364 3643 Amst.
2385 3606 2437 3658 p.
2476 3589 2619 3657 266.)

670 3737 1110 3806 ornatissimo
1142 3739 1285 3804 viro
1328 3746 1395 3804 et
1427 3739 1671 3804 eximio
1696 3737 1947 3806 Christi
1980 3740 2278 3807 ministro
2299 3744 2383 3808 D.
2409 3743 2617 3810 Eber-

669 3824 880 3891 hardo
923 3823 1291 3908 Scenephio
1343 3826 1549 3889 amico
1606 3835 1675 3888 et
1715 3825 1905 3889 fratri
1957 3826 2362 3894 observando
2405 3836 2473 3894 ct
2510 3851 2616 3896 oa-

1253 3909 1512 3975 rissimo
1555 3908 1957 3976 Stucardiae.
1975 3913 2035 3988 ²)

842 4042 913 4110 S.
961 4040 1185 4124 Quum
1217 4043 1349 4109 iam
1385 4053 1537 4110 ante
1559 4053 1841 4129 quatuor
1861 4068 2119 4115 menses
2138 4048 2612 4116 intellexissem

664 4129 904 4196 fratres
982 4136 1241 4195 nostros
1309 4131 1964 4216 Monsbelgardenscs
2026 4134 2107 4199 ob
2171 4135 2386 4201 nescio
2451 4157 2613 4220 quos

873 4299 931 4360 3)
969 4300 1033 4353 in
1065 4316 1125 4353 re
1159 4301 1599 4355 sacramentaria
1629 4302 1796 4356 nimis
1830 4308 2027 4356 contra
2050 4303 2357 4358 Merum
2390 4306 2614 4375 eiusque

665 4366 964 4436 formulam
997 4368 1291 4435 animosos,
1325 4373 1390 4422 ut
1406 4369 1666 4423 nimirum
1686 4371 2001 4426 conciliaret
2016 4372 2367 4441 aliquatenus
2398 4380 2611 4429 utram-

663 4451 773 4561 Ξιο
846 4443 1019 4490 artem
1114 4438 1252 4492 Vide
1536 4437 1756 4493 Caluini
1789 4455 1874 4507 ep.
1907 4441 2163 4508 proxime
2198 4449 2523 4512 sequentem,
2562 4450 2614 4499 et

723 4452 889 4627 ικῆιιῃι
929 4505 996 4559 V.
1031 4505 1149 4559 205.
1295 4521 1402 4577 ees,
1434 4507 1773 4574 Bullinyer’s
1806 4508 1992 4563 Labeon
2024 4510 2079 4564 Ι.
2114 4510 2234 4564 432.
2304 4511 2616 4568 Pestalozzi

871 4640 932 4704 4)
970 4640 1018 4694 G
1264 4658 1358 4696 um
1391 4642 1532 4696 emtis
1563 4642 1771 4698 insideo
1804 4645 1885 4698 sic
1918 4647 2180 4715 appellat.

871 4708 932 4772 5)
969 4709 1027 4763 P
1216 4711 1439 4780 eiusque
1471 4712 1726 4780 asseclae,
1763 4729 1815 4767 v.
1845 4714 1924 4769 N.
1947 4716 2066 4769 534.
2103 4716 2207 4770 538
2240 4722 2292 4770 et
2317 4717 2470 4773 Galo.
2507 4725 2608 4775 atr.

660 4778 1503 4929 ἦ,ῗῖ’1ηεῃεαφεεωιαε
1546 4849 2211 4918 mmmmm
2244 4853 2445 4922 kaim
2480 4855 2607 4911 caz-

663 4933 785 5012 ”4⁶⁸
815 4931 990 4970 mamb
1023 4930 1134 4971 em
1174 4920 1319 4970 tum:
1368 4919 1607 4971 Remitte
1644 4937 1742 4988 per
1776 4920 2005 4999 primum
2045 4923 2294 5003 nuncium
2333 4931 2604 5004 utrasque.

660 4983 1875 5177 ffi1‘fssamffmffam..
1853 5004 2127 5128 Hm.-
2140 4990 2493 5131 ‘3²²2ss
2509 5009 2605 5117 ’1231

727 5128 1010 5218 armum,
1048 5123 1190 5178 Erh.
1228 5123 1276 5179 S
1323 5193 1334 5204 ²
1445 5124 1485 5190 f.
1529 5125 1663 5179 Τιῖὸ.
1702 5125 1855 5179 1870.
1999 5195 2009 5208 ι
2294 5199 2305 5210 .

744 5328 754 5339 .
807 5193 930 5315 hof.)
964 5208 1165 5343 W
1203 5193 1827 5387 πϋξᾶθαογάῐιηὲαέα
1871 5194 2153 5275 adamum,
2206 5213 2304 5321 981ιῖ
2334 5198 2437 5323 Ιόοσ
2468 5215 2604 5280 apo-

663 5328 946 5398 epistolam
978 5335 1226 5386 meet.
1475 5346 1583 5402 seq.
1716 5375 1726 5385 .
1799 5372 1814 5387 .

2212 424 2738 493 EPIS'DOLAE
2784 428 3078 489 574-57
3084 427 3120 489 6

4546 429 4657 492 752

2733 613 2904 678 ritus
2946 612 3271 678 immerito
3314 612 3570 692 vexari,
3637 612 3788 694 quia
3830 631 3963 676 non
4003 609 4284 675 libenter
4326 609 4659 695 quidquam

2734 700 2805 763 in
2849 698 2987 764 suis
3031 698 3318 764 ecclesiis
3377 718 3525 763 cum
3582 698 3771 780 gravi
3811 696 4018 780 plebis
4058 695 4447 763 offendiculo
4487 698 4658 763 inno-

2734 784 2876 849 vari
2899 784 3330 867 patiebantur,
3374 784 3685 866 petieram
3709 781 3822 848 abs
3866 791 3934 848 te
3976 804 4093 866 per
4135 782 4357 848 literas
4373 784 4429 866 ⁸)
4472 791 4545 848 ut
4583 783 4660 850 ad

2733 869 2879 935 illos
2922 869 3220 935 molestia
3276 867 3712 934 sublevandos
3770 868 4188 934 autoritatem
4245 877 4430 933 tuam
4470 868 4659 934 inter-

2733 976 3026 1038 poneres.
3136 955 3377 1019 Postea
3440 953 3662 1019 audivi
3725 954 3998 1020 missum
4062 953 4219 1018 illuc
4284 975 4324 1018 a
4389 955 4660 1037 principe

2732 1042 2936 1106 fuisse
2979 1039 3240 1106 doctum
3285 1039 3613 1124 quendam
3667 1050 3733 1105 et
3785 1041 3969 1124 pium
4023 1039 4242 1104 virum
4301 1041 4411 1122 qui
4454 1041 4662 1106 omnia

2733 1127 2957 1192 statim
3010 1146 3131 1209 pro
3188 1147 3307 1190 sua
3368 1124 3713 1209 prudentia
3771 1133 3838 1189 et
3903 1125 4229 1208 aequitate
4294 1126 4659 1208 composuit.

2733 1214 2827 1276 At
2859 1233 3060 1295 quum
3094 1212 3331 1276 fratres
3364 1210 3717 1294 tranquillo
3749 1211 3822 1276 in
3857 1217 4030 1276 statu
4054 1230 4197 1276 esse
4231 1211 4663 1276 existimarem

2732 1305 2800 1362 et
2835 1298 2956 1362 hoc
2989 1298 3120 1362 illis
3155 1297 3419 1362 nomine
3447 1296 3830 1380 gratularer,
3868 1318 4014 1363 ecce
4048 1297 4288 1361 iterum
4324 1296 4476 1361 dere
4523 1306 4664 1362 ente

2734 1384 3009 1448 affertur
3061 1383 3273 1448 tristis
3327 1383 3635 1448 nuncius:
3702 1402 3944 1448 novum
4011 1391 4339 1447 certamen
4404 1381 4532 1446 ilhs
4587 1381 4661 1447 ab

2732 1468 3134 1552 Anyelandro
3152 1471 3210 1550 ⁴)
3277 1470 3632 1534 excitatum
3698 1488 3857 1533 esse.
3958 1464 4353 1550 Quanquam
4410 1467 4667 1550 ignotus

2732 1562 2831 1620 est
2873 1554 3039 1618 mihi
3082 1553 3483 1637 Anyelander
3523 1554 3654 1632 ille,
3709 1553 3915 1619 fretus
3957 1561 4183 1617 tamen
4226 1553 4465 1618 amoris
4519 1573 4667 1636 erga

2731 1647 2801 1704 te
2842 1640 2972 1705 mei
3015 1640 3412 1706 conscientia
3455 1646 3522 1703 et
3563 1639 3849 1706 vicissim
3892 1638 4130 1704 fiducia
4173 1647 4329 1703 tuae
4371 1658 4529 1721 erga
4568 1659 4668 1703 me

2732 1726 3241 1804 benevolentiae,
3298 1725 3433 1790 iam
3478 1731 3631 1791 ante
3675 1724 3999 1808 prioribus
4041 1723 4248 1789 literis
4293 1723 4670 1808 simpliciter

2730 1812 2853 1877 tibi
2896 1812 3165 1894 exposui
3209 1809 3362 1894 quid
3406 1809 3486 1876 de
3529 1832 3605 1876 eo
3648 1811 3977 1876 sentirem.
4064 1810 4258 1875 Certe
4300 1831 4503 1892 quum
4545 1810 4669 1873 fra-

2732 1895 2973 1974 tribus,
3030 1917 3189 1979 quos
3233 1916 3353 1980 ego
3398 1896 3719 1962 modestos
3774 1916 3915 1962 esse
3970 1904 4036 1959 et
4076 1896 4329 1978 quietos
4371 1895 4671 1978 pacisque

2732 1989 3027 2048 amantes
3070 1983 3220 2059 scic,
3267 2003 3348 2048 ne
3433 1982 3600 2046 tium
3644 1981 3954 2046 exhibere
3993 2002 4126 2045 non
4170 1979 4446 2059 desinat,
4535 1979 4672 2045 uasi
4722 2029 4732 2039 .

2730 2075 3121 2152 perpetuum
3173 2067 3305 2133 illis
3405 2067 3610 2133 ellum
3664 2065 4009 2144 indixerit,
4066 2087 4266 2148 quum
4324 2064 4480 2131 dein
4524 2087 4559 2131 e
4611 2073 4674 2130 et

2731 2153 2997 2219 rixandi
3040 2152 3348 2238 cupidum
3393 2162 3462 2217 et
3502 2153 3575 2216 in
3607 2150 4008 2218 sustinendis
4042 2151 4235 2217 malis
4268 2151 4486 2218 causis
4526 2171 4670 2235 per-

2731 2240 3015 2306 tinacem
3059 2260 3202 2305 esse
3245 2238 3532 2316 videam,
3591 2259 3724 2303 non
3776 2258 4043 2320 possum
4098 2237 4287 2302 aliter
4329 2236 4413 2301 de
4455 2258 4531 2302 eo
4572 2238 4670 2301 iu-

2730 2324 2947 2390 dicare
2981 2346 3177 2407 quam
3220 2323 3553 2389 hominem
3597 2344 3739 2389 esse
3781 2322 4138 2406 importuni
4171 2323 4418 2406 ingenii
4452 2331 4521 2387 et
4562 2322 4672 2405 qui

2731 2409 2814 2475 ad
2857 2408 3343 2492 impediendum
3386 2410 3658 2475 Domini
3712 2429 3878 2492 opus
3921 2429 4115 2492 quam
4159 2405 4242 2473 ad
4284 2428 4673 2491 promoven-

2730 2495 2886 2560 dum
2943 2495 3032 2560 sit
3084 2496 3311 2577 aptior.
3400 2494 3698 2561 Antehac
3716 2497 3775 2572 ⁶)
3844 2492 3924 2559 de
3975 2501 4381 2559 sacramento
4438 2512 4674 2559 coenae

2726 2580 3031 2665 litigavit.
3121 2580 3394 2646 Fratres
3410 2630 3426 2658 ‚
3486 2589 3563 2645 ut
3604 2601 3675 2646 se
3715 2591 4076 2663 purgarent
4118 2579 4199 2644 ab
4244 2579 4387 2644 eius
4432 2577 4674 2644 calum-

2726 2665 2856 2731 niis
2873 2717 2890 2744 ,
2950 2667 3420 2732 confessionem
3475 2664 3838 2743 ediderunt,
3861 2669 3917 2748 ⁶)
3975 2663 4243 2729 brevem
4298 2663 4571 2746 quidem
4611 2670 4676 2727 et

2727 2750 3119 2834 simplicem,
3186 2751 3301 2816 sed
3364 2772 3510 2817 meo
3565 2751 3802 2817 iudicio
3867 2751 4040 2833 piam
4100 2755 4169 2814 et
4220 2749 4673 2828 orthodoxam,

2727 2845 2796 2901 et
2840 2857 3034 2919 quam
3100 2837 3219 2902 tibi
3275 2857 3527 2920 quoque
3581 2835 3929 2919 probatum
3984 2835 4067 2899 iri
4120 2834 4393 2900 confido.
4483 2834 4550 2899 N
4553 2854 4675 2900 unc

2725 2924 3173 3006 quaestionem
3215 2923 3385 2989 hanc
3429 2923 3739 3007 exagitat,
3799 2942 3957 2986 num
4003 2921 4186 3004 impii
4230 2919 4487 2986 Christi
4533 2940 4672 2987 cor-

2724 3029 2848 3159 gus
2911 3007 2984 3072 in
3048 3028 3251 3074 coena
3311 3008 3648 3092 recipiant.
3669 3009 3723 3084 ⁷)
3830 3004 3983 3072 Scio
4056 3013 4149 3086 te,
4230 3005 4674 3072 eruditissime

2781 3093 3101 3177 cnephi,⁸)
3125 3114 3164 3158 a
3184 3093 3606 3177 supervacuis
3622 3090 4161 3170 contentionibuS,
4181 3092 4378 3157 sicuti
4402 3109 4675 3177 gravem

2725 3185 2793 3244 et
2834 3179 3241 3246 moderatum
3286 3180 3501 3244 virum
3536 3179 3738 3258 decet,
3781 3198 4050 3263 prorsus
4084 3177 4461 3243 abhorrere.
4530 3173 4675 3257 Quo

2724 3264 3017 3343 liberius,
3060 3264 3216 3347 quid
3261 3264 3342 3330 de
3386 3264 3508 3330 hac
3553 3263 3996 3330 controversia
4036 3264 4335 3341 sentiam,
4387 3261 4567 3346 apud
4607 3270 4673 3327 te

2722 3349 3090 3433 profitebor.
3190 3350 3334 3434 Ego
3399 3348 3662 3433 quidem
3728 3349 3992 3414 axioma
4055 3348 4222 3414 illud
4288 3356 4673 3415 constanter

2724 3435 3082 3500 tenendum
3137 3456 3395 3502 censeo:
3456 3436 3923 3518 qualiscunque
3975 3433 4063 3499 sit
4118 3434 4223 3500 vel
4274 3431 4672 3500 sacramenti

2723 3521 3024 3587 minister
3067 3519 3176 3585 vel
3218 3521 3276 3584 is
3319 3521 3428 3602 qui
3471 3521 3730 3604 accipit,
3785 3520 3952 3585 nihil
3995 3529 4215 3585 tamen
4258 3539 4496 3585 eorum
4551 3518 4671 3583 im-

2720 3608 2963 3689 pietate
3006 3603 3305 3690 derogari
3360 3607 3752 3671 sacramenti
3808 3605 3916 3670 vel
3969 3613 4239 3670 naturae
4297 3606 4412 3671 vel
4457 3605 4670 3671 effica-

2721 3693 2876 3758 ciae.
2943 3691 3170 3774 Itaque
3206 3691 3630 3757 constitutum
3666 3691 3788 3757 hoc
3824 3691 4048 3771 haboO,
4094 3692 4312 3756 offerri
4359 3693 4435 3756 in
4471 3708 4670 3755 coena

2721 3777 2972 3842 Christi
3013 3796 3246 3860 corpus
3288 3776 3505 3862 dignis
3548 3777 3744 3842 simul
3778 3785 3845 3842 et
3886 3775 4191 3860 indignis
4280 3776 4546 3841 Verum
4589 3771 4668 3839 ab

2718 3860 3090 3927 infidelibus
3133 3863 3226 3926 ita
3267 3863 3467 3945 recipi
3525 3871 3599 3927 ut
3652 3863 3793 3927 eius
3836 3863 4289 3928 communione
4333 3863 4666 3938 fruantur,

2719 3946 3098 4031 persuaderi
3153 3968 3417 4031 nequeo.
3507 3949 3645 4013 Nec
3698 3958 3857 4032 puto
3911 3967 4124 4013 meam
4183 3950 4587 4014 sententiam
4630 3967 4669 4010 a

2720 4044 2834 4098 tua
2877 4032 3263 4115 discrepare.
3352 4033 3497 4098 Nisi
3550 4035 3725 4099 enim
3770 4033 4105 4100 Christum
4166 4054 4206 4097 a
4259 4054 4383 4098 suo
4429 4033 4666 4118 spiritu

2716 4118 2999 4183 velimus
3043 4140 3365 4200 separare,
3411 4140 3543 4184 non
3585 4119 3901 4185 faciemus
3944 4139 4052 4185 eos
4098 4117 4347 4184 Christi
4447 4118 4666 4186 artici-

2717 4223 2831 4287 pes
2876 4205 2988 4287 qui
3027 4203 3202 4268 illius
3254 4205 3490 4288 spiritu
3543 4205 3802 4288 penitus
3854 4212 4008 4271 sunt
4060 4206 4265 4272 vacui.
4430 4207 4454 4271 i
4513 4225 4665 4288 ergo

2717 4311 2927 4373 capax
2970 4288 3222 4355 Christi
3264 4311 3398 4355 non
3440 4299 3540 4356 est
3579 4290 3711 4355 nisi
3751 4291 3864 4374 qui
3907 4291 4048 4357 eius
4081 4291 4388 4373 spiritum
4427 4291 4665 4357 admit-

2716 4376 2817 4453 tit,
2863 4373 3022 4457 quid
3066 4374 3145 4439 de
3186 4375 3556 4442 infidelibus
3598 4376 4012 4442 sentiendum
4053 4377 4196 4455 erit,
4242 4379 4356 4460 qui
4400 4376 4663 4461 spiritui

2917 4649 2976 4706 3)
3015 4648 3083 4703 de
3114 4649 3315 4729 quibus
3346 4648 3472 4702 vide
3505 4650 3582 4705 N.
3619 4648 3741 4718 547,
3777 4657 3890 4705 not.
3924 4649 3976 4704 4.

2916 4716 2977 4785 4)
3010 4718 3080 4771 ab
3124 4734 3148 4770 ι
3185 4733 3262 4798 eo·
3303 4717 3524 4785 quidem
3569 4719 3860 4788 Selmepfio
3910 4720 4422 4790 Monebelyoerdiam
4473 4720 4656 4785 muso,

2710 4791 2940 4867 rogante
2973 4785 3110 4840 duee
3128 4735 3518 4868 ὥιῃείορῇονο
3553 4789 3652 4856 qm·
3672 4788 3793 4843 eius
3827 4789 4073 4844 coneaiis
4094 4790 4159 4842 im
4190 4805 4251 4844 re
4286 4789 4657 4844 ecclesiastiea

2916 4924 2975 4988 5)
3014 4856 3531 4981 Awlffltggrat.
3614 4856 3821 4927 (Heyd,
3858 4857 4078 4926 Herzog
4118 4857 4309 4914 Uln'oh
4341 4858 4475 4914 ΙΙΙ.
4515 4855 4659 4922 149.)

2916 4993 2973 5056 6)
3011 5009 3082 5047 m.
3116 4993 3394 5048 Ianuario
3433 4994 3565 5048 1544
3603 4993 3857 5064 (Genua,
3893 4994 4136 5062 Reform.
4173 4995 4241 5050 de
4274 4990 4657 5050 Mentha-‘ard

2700 5079 2764 5131 p.
2799 5061 2915 5130 44),
2950 5061 3187 5128 fortasse
3229 5063 3298 5116 ab
3331 5063 3457 5131 ipso
3494 5062 3724 5119 Calvino
3768 5065 4164 5133 conscriptam,
4212 5081 4264 5120 υ.
4310 5065 4384 5133 eJ‘.
4426 5064 4546 5134 Ep.
4580 5059 4655 5116 ad

2714 5130 2963 5186 Vir-etum
2998 5131 3077 5185 N.
3113 5131 3234 5198 573,
3270 5137 3379 5185 not.
3417 5131 3469 5185 8.

2914 5200 2972 5262 7)
3011 5200 3100 5255 De
3155 5199 3341 5254 eadem
3394 5200 3619 5266 eor-'pm
3666 5201 3936 5257 Breuem
3985 5201 4064 5257 ad
4104 5200 4532 5272 malundrum
4581 5197 4651 5265 cf.

2705 5268 3039 5406 Hartmgffi
3063 5268 3437 5390 mfifiJaeyer,
3473 5270 3676 5326 Brenn.
3712 5271 3801 5325 II.
3838 5270 3954 5324 134.

3043 5357 3146 5409 nep
3257 5337 3433 5393 Amet.
3841 5359 3844 5361 ·
