5050 6167
634 406 721 472 ‘15

632 592 770 660 cias
813 596 1022 658 totam
1059 608 1351 668 cansam,
1406 594 1483 655 ιιι
1535 587 1659 654 has
1713 588 1915 655 etiam
1969 587 2197 655 literas
2250 608 2383 653 non
2440 585 2576 652 alia

633 678 918 752 trutina,
975 695 1171 759 quam
1234 674 1459 740 iudicii
1515 673 1599 739 ab
1650 674 1990 741 iracundia
2040 675 2305 758 penitus
2357 672 2574 750 vacui,

632 762 988 830 examines.
1077 762 1418 845 Agnosces
1459 767 1637 826 certe
1679 760 1850 825 nihil
1893 781 2038 826 esse
2079 760 2331 836 melius,
2377 778 2578 842 quam

632 868 902 916 cursum
957 846 1132 913 male
1196 845 1573 912 inchoatum
1636 846 1989 912 reflectere.
2089 843 2168 912 Si
2220 845 2401 911 voles
2451 864 2578 909 nos

632 932 938 1018 experiri,
991 931 1245 998 nullum
1290 932 1617 998 amicitiae
1659 932 1951 998 officium
1993 931 2114 996 tibi
2158 952 2199 996 a
2239 951 2347 996 me
2391 929 2579 995 defu·

631 1027 859 1086 turum
900 1019 1033 1083 reci
1079 1019 1174 1082 io:
1220 1017 1344 1084 hoc
1385 1019 1586 1084 etiam
1606 1015 1907 1084 Fareaus
1939 1017 2107 1083 serio
2147 1038 2266 1100 pro
2310 1037 2382 1082 se
2423 1034 2578 1099 pro·

629 1105 854 1172 mittit.
943 1101 1034 1169 Se
1133 1103 1513 1169 memineris
1566 1104 1710 1168 eius
1767 1104 2086 1182 caritatis,
2140 1122 2339 1186 qnam
2394 1107 2580 1166 tanta

631 1192 984 1257 severitate
1026 1189 1109 1255 ab
1153 1188 1299 1254 aliis
1340 1188 1569 1274 exigis,
1612 1195 1868 1272 partem
1903 1188 2189 1272 aliquam
2224 1208 2384 1273 erga
2416 1186 2580 1253 alios

630 1276 961 1343 exhibere.
1060 1272 1141 1340 si
1190 1274 1311 1339 tibi
1364 1274 1565 1359 paulo
1621 1276 1911 1359 asperior
1961 1274 2145 1342 visus
2186 1294 2370 1354 sum,
2419 1270 2580 1355 quid

631 1362 863 1429 literae
896 1371 1051 1426 tuae
1084 1369 1460 1426 mereantur
1492 1359 1737 1445 cogita:
1781 1381 2161 1444 quanquam
2200 1359 2268 1424 id
2312 1358 2581 1442 quidem

630 1469 762 1532 neq
893 1467 1046 1511 uam
1088 1446 1366 1529 respexi,
1422 1445 1539 1511 sed
1581 1452 1843 1511 tantum
1883 1454 1963 1511 ut
2003 1446 2127 1512 tibi
2167 1445 2574 1529 prodessemp

631 1532 807 1618 quod
949 1540 1140 1597 turus
1181 1530 1345 1597 mihi
1387 1551 1522 1597 non
1557 1531 1845 1609 videbar,
1891 1531 2023 1597 nisi
2064 1530 2148 1597 ad
2185 1531 2434 1615 peccati
2477 1530 2578 1594 tui

630 1618 1141 1703 recognitionem
1196 1627 1262 1682 ts
1315 1616 1724 1684 adducerem.
1814 1616 2002 1697 Vale,
2056 1617 2259 1683 frater
2301 1615 2464 1682 mihi
2504 1616 2580 1680 in

629 1704 920 1770 Domino
963 1703 1327 1770 carissime:
1372 1703 1431 1769 si
1473 1702 1666 1769 modo
1708 1702 1896 1787 diligi
1935 1712 2024 1783 te,
2069 1711 2138 1768 et
2178 1703 2400 1768 fratris
2431 1700 2577 1770 loco

630 1789 864 1856 haberi
914 1789 1175 1872 pateris.
1264 1789 1592 1855 Dominus
1638 1787 1948 1856 Christus
2002 1798 2069 1854 te
2124 1788 2364 1873 spiritu
2419 1809 2578 1854 con-

630 1875 768 1940 silii
810 1882 878 1940 et
918 1872 1304 1958 prudentiae
1346 1873 1693 1974 gubernet,
1751 1883 1828 1939 ut
1878 1896 1965 1940 ex
2006 1874 2154 1940 istis
2195 1874 2578 1958 periculosis

629 1959 949 2044 scopulis,
1009 1958 1093 2025 ad
1144 1981 1306 2043 quos
1357 1961 1686 2045 impegisti
1704 2011 1721 2039 ,
1773 1968 1841 2025 et
1895 1968 2337 2045 tempestuosa
2372 1960 2577 2027 iaeta-

629 2047 832 2125 tione,
877 2046 949 2110 in
970 2052 1235 2130 portum
1255 2053 1320 2111 te
1363 2046 1490 2110 cito
1523 2044 1816 2130 recipias.
1880 2045 2182 2113 Farezzus
2219 2045 2474 2112 salvere
2507 2051 2577 2110 te

629 2131 830 2210 iubet,
847 2129 905 2217 ²)
947 2138 1256 2215 optatque
1299 2137 1376 2198 ut
1417 2132 1586 2197 serio
1629 2129 1713 2196 ad
1746 2131 2114 2198 Dominum
2154 2131 2574 2210 convertaris,

629 2227 701 2283 et
740 2227 879 2283 tam
921 2216 1013 2284 sis
1051 2224 1320 2301 paratus
1376 2218 1449 2282 in
1505 2217 1863 2284 amicitiam
1907 2225 1975 2282 et
2016 2217 2382 2283 fraternam
2424 2237 2576 2283 con-

630 2302 1034 2370 iunctionem
1075 2303 1415 2370 nobiscum
1464 2303 1699 2380 redire,
1744 2322 1943 2386 quam
1983 2303 2126 2387 ipse
2161 2313 2226 2368 te
2270 2302 2578 2386 amplecti

630 2397 900 2474 paratus
941 2396 1060 2455 est.
1149 2390 1597 2473 Argentorati,
1652 2393 1747 2453 10.
1795 2390 1969 2473 Aug.
2023 2393 2201 2453 1540.

1248 2524 1303 2590 Ι.
1350 2523 1672 2592 Calvinus
1713 2546 1799 2591 ex
1841 2526 2061 2592 animo
2104 2523 2226 2590 tibi
2270 2526 2540 2592 amicus.

1524 2984 1676 3057 284.

1100 3139 1685 3209 LIBERTETUS
1727 3140 2100 3209 OAVINO.

804 3312 984 3377 Inter
1036 3311 1252 3378 studia
1305 3333 1496 3380 saera
1553 3317 1613 3377 et
1664 3312 1904 3378 medica
2346 3313 2575 3394 haeret,

625 3417 763 3549 xxa
790 3398 1899 3549 zamram-mmm·
1935 3399 2446 3554 §.mm

623 3568 727 3635 εει.
817 3503 1198 3634 ὠαιάὲιαὲ
1240 3487 1938 3654 σαιηῖηῗαῗωωῖἵᾶἑῖο
1978 3590 2112 3636 m.
2400 3491 2578 3553 “mm

920 3755 1032 3818 (Ex
1067 3754 1405 3825 autographo
1441 3754 1577 3811 0011.
1611 3753 1847 3811 Gothani
1879 3754 1999 3824 4⁰5,
2034 3757 2128 3814 fol.
2160 3757 2268 3826 39.)

796 3961 938 4027 Suo
972 3960 1207 4025 Ioanni
1244 3959 1527 4027 Oalvino
1563 3962 1754 4029 fratri
1789 3969 1858 4028 et
1893 3964 2102 4030 amico
2146 3964 2574 4049 integerrimo

1973 4082 2397 4168 Argentinae.

796 4216 867 4284 S.
934 4218 1123 4284 Inter
1165 4218 1361 4285 hasce
1416 4219 1812 4285 novissimas
1853 4219 2256 4304 tragoedias,
2316 4218 2573 4287 Calvinae

621 4303 1034 4384 amicissime,
1080 4324 1210 4369 non
1252 4302 1445 4370 modo
1501 4313 1568 4369 te
1632 4323 1708 4369 ac
1759 4304 1957 4389 longe
2014 4303 2275 4372 dissitos
2330 4307 2570 4373 fratres

620 4409 856 4456 verum
899 4399 967 4455 et
1004 4390 1252 4457 vicinos
1300 4409 1558 4475 quoque
1612 4390 1874 4475 ingrato
1919 4391 2232 4474 praeterii
2288 4391 2567 4472 silentiO,

620 4474 753 4540 mei
794 4495 1001 4559 paene
1044 4474 1284 4542 oblitus
1326 4485 1395 4542 et
1437 4496 1617 4541 more
1658 4497 1834 4555 mee,
1890 4497 2088 4560 quem
2129 4478 2329 4561 probe
2371 4478 2567 4557 nosti,

618 4559 703 4625 ad
747 4579 859 4626 eas
900 4559 1230 4627 mordicus
1272 4558 1756 4645 persequendas
1812 4563 2081 4628 omnino
2136 4569 2391 4646 raptus,
2449 4572 2566 4628 tuo

618 4666 780 4747 sane
822 4667 919 4795 aql
938 4647 1195 4796 piorgm
1250 4647 1529 4747 fratrum
1575 4646 1847 4712 consilio
1888 4649 2055 4748 mire
2094 4648 2403 4749 adintus3
2465 4650 2566 4748 ᾼο

615 4739 875 4883 zm
914 4733 1708 4901 33³...333ffmf0333u22
1726 4733 2052 4886 {tw
2075 4740 2567 4904 qffidssfflss

614 4903 905 4969 minibus
947 4903 1043 4967 ita
1084 4900 1420 4969 dissolutis
1469 4912 1546 4969 ut
1600 4904 1724 4970 hac
1781 4914 1968 4989 parte
2019 4904 2291 4989 posthac
2340 4905 2565 4973 minus

614 5007 852 5055 nocere
894 4987 1131 5066 valeat,
1167 4989 1325 5072 quin
1368 4988 1601 5056 fortius
1636 4991 2204 5077 propugnaculum
2237 4991 2320 5057 ab
2360 4991 2443 5059 iis
2476 4991 2565 5060 sit

618 5145 797 5154 ———-.—.

611 5245 1359 5384 menapi-*um
1332 5243 2315 5383 mmmmmm'
2359 5248 2563 5319 m

2166 397 2694 467 EPIS'POLAE
2740 399 3079 466 233—236

4553 401 4644 465 76

2675 592 3070 671 experturus
3092 607 3256 671 quos
3291 587 3494 654 semel
3528 593 3716 654 tanta
3757 587 4076 656 cribravit
4117 587 4452 668 violentia,
4507 610 4640 672 qua

2677 672 2943 740 demum
2981 694 3098 757 per
3141 674 3577 757 potentiorem
3619 675 3764 757 ipso
3798 675 4100 741 fortiores
4142 684 4340 758 atque
4384 675 4640 741 cautio·

2678 780 2785 825 res
2827 774 3198 825 evaserunt.
3289 759 3476 826 Haec
3531 771 3753 826 autem
3811 762 3905 827 sic
3962 760 4270 845 expedita
4320 782 4636 844 superva-

2679 865 2877 910 cuum
2920 854 3094 912 esset
3135 845 3436 911 scribere.
3503 845 3723 910 Multa
3757 855 3918 911 sunt
3958 846 4092 912 alia
4133 846 4326 931 longe
4367 846 4637 912 maioris

2680 930 2987 1013 ponderis
3023 953 3098 998 ac
3133 930 3666 1013 periculosiorem
3699 931 4161 1014 portendentia
4198 931 4469 1011 exitum,
4506 933 4637 999 nisi

2679 1016 3011 1082 Dominus
3053 1017 3282 1102 populi
3324 1016 3430 1083 sui
3485 1017 3796 1083 misertus
3839 1039 3921 1083 ea
3963 1018 4283 1084 averterit
4322 1038 4488 1101 quae
4529 1018 4635 1084 in·

2679 1102 3144 1185 tempestivum
3187 1123 3347 1168 sane
3390 1103 3672 1169 scribere
3707 1103 3988 1169 videtur.
4051 1103 4422 1169 Peculiaria
4457 1125 4635 1182 vero,

2683 1196 2750 1254 et
2790 1208 2958 1271 quae
3002 1189 3121 1254 tibi
3157 1187 3640 1255 communicata
3674 1210 3817 1255 esse
3852 1191 4133 1273 cupiam,
4182 1188 4438 1256 Far-ello
4481 1211 4635 1256 nos-

2682 1281 2786 1338 tro
2841 1273 3053 1339 literis
3122 1283 3241 1340 aut
3311 1274 3452 1357 ipse
3514 1294 3736 1340 coram
3791 1274 4098 1341 lubenter
4150 1274 4632 1352 indicavissem,

2680 1361 2739 1427 si
2780 1360 2949 1425 istuc
2998 1360 3446 1444 profecturum
3499 1360 4015 1442 praescivissem.
4117 1362 4336 1444 Atque
4378 1360 4636 1428 utinam

2680 1443 2751 1510 id
2793 1444 3030 1511 saltem
3073 1446 3474 1511 remissionis
3516 1445 3870 1529 aliquando
3911 1446 4103 1513 nobis
4146 1447 4459 1513 concedat
4493 1445 4634 1512 Do-

2680 1532 2929 1612 minus,
2983 1540 3058 1596 ut
3112 1538 3177 1596 te
3238 1542 3304 1596 et
3357 1540 3661 1597 strenuos
3713 1532 3905 1599 verbi
3946 1532 4075 1598 Dei
4127 1533 4467 1600 ministros
4518 1533 4637 1617 qui

2679 1617 2832 1683 istic
2875 1625 3034 1682 sunt
3086 1617 3371 1683 invisere
3423 1616 3644 1695 liceat,
3701 1638 3854 1684 cum
3910 1617 4148 1703 quibus
4200 1640 4410 1684 unum
4461 1617 4637 1702 quod

2681 1703 2767 1769 D.
2825 1700 3118 1784 Capitoni
3169 1702 3371 1768 semel
3438 1703 3700 1768 exserui
3755 1724 3989 1771 rursus
4055 1704 4438 1771 conferrem.
4526 1705 4634 1771 De

2726 1788 2875 1853 raxi
2917 1787 3172 1853 medica
3215 1788 3446 1873 loquor
3489 1808 3656 1872 quae
3701 1810 3742 1854 a
3797 1809 4136 1856 sacrorum
4179 1789 4394 1855 studio
4413 1841 4428 1868 ,
4488 1791 4632 1874 qui-

2724 1894 2805 1938 us
2846 1874 3302 1941 lubentissime
3345 1882 3520 1940 totus
3563 1874 4031 1953 incumberem,
4077 1877 4245 1941 mire
4287 1898 4394 1942 me
4440 1896 4630 1942 aver-

2680 1960 2782 2039 tit,
2826 1960 3123 2025 animum
3164 1959 3352 2044 angit
3393 1968 3462 2026 et
3517 1968 3811 2027 mentem
3858 1971 4058 2045 atque
4112 1962 4498 2028 memoriam
4540 1962 4635 2028 ita

2681 2044 2976 2112 retundit
3026 2053 3101 2110 ut
3154 2044 3557 2111 hebet-iorem
3612 2045 3859 2112 reddat.
3948 2045 4283 2113 Nimirum
4325 2049 4633 2115 omnibus

2680 2138 2993 2215 perpetuo
3034 2130 3387 2214 expositus,
3439 2153 3769 2216 quumque
3811 2133 4213 2218 imperitiam
4257 2154 4473 2199 meam
4599 2155 4635 2198 r

2681 2225 2824 2282 tam
2866 2217 3081 2282 varias
3126 2215 3583 2283 distractiones
3617 2219 3933 2285 resarcire
3967 2239 4100 2284 non
4136 2218 4308 2298 licet,
4351 2154 4633 2287 assidpuis

2682 2323 2907 2370 rerum
2949 2302 3351 2368 medicatum
3409 2303 3935 2370 revolutionibus
3992 2326 4069 2370 eo
4125 2305 4373 2371 maiore
4429 2305 4635 2371 animi

2681 2389 3017 2454 anxietate
3050 2387 3235 2454 velut
3262 2388 3338 2453 in
3364 2388 3721 2471 pistrinum
3756 2388 3977 2468 dedor‚
4014 2392 4400 2474 empiricam
4435 2411 4631 2477 agere

2681 2481 2942 2541 coactus
2985 2475 3196 2558 magis
3238 2495 3438 2557 quam
3478 2474 3871 2541 rationalem
3914 2474 4257 2543 medicum.
4332 2477 4424 2542 Et
4459 2477 4633 2561 quia,

2681 2560 2899 2627 nescio
2920 2581 3047 2644 quo
3070 2559 3202 2626 nisi
3223 2559 3493 2625 Domini
3516 2561 3804 2641 consiliu,
3840 2562 3999 2628 satis
4028 2561 4303 2628 feliciter
4323 2562 4633 2643 succedit,

2680 2667 2758 2712 eo
2798 2645 3024 2731 plures
3064 2645 3408 2711 confluunt
3439 2646 3747 2728 quotidie.
3836 2646 4146 2732 Corporis
4187 2647 4451 2731 quidem
4495 2669 4636 2715 mo·

2680 2731 2903 2798 lestias
2947 2738 3015 2797 et
3056 2729 3313 2797 labores
3349 2731 3596 2815 alioqui
3630 2731 3949 2798 devorare
3983 2754 4118 2799 non
4161 2754 4384 2814 renue,
4429 2755 4635 2818 quum

2681 2817 2766 2884 ad
2828 2815 3140 2882 tuendam
3207 2816 3656 2883 valetudinem
3718 2818 3884 2884 mihi
3949 2820 4319 2886 necessaria
4381 2820 4470 2885 sit
4526 2820 4634 2887 vel

2636 2976 2642 2984 ‚
2680 2903 2971 2970 violenta
3012 2903 3410 2982 exercitatio,
3454 2924 3688 2970 verum
3732 2904 3990 2989 potiora
4030 2907 4265 2972 sectari
4309 2905 4484 2971 dona
4517 2926 4633 2972 cu-

2726 2989 2807 3068 io,
2852 2996 3189 3072 totumque
3232 2988 3416 3054 verbi
3450 2990 3818 3057 ministerio
3851 3010 3960 3057 me
3991 2992 4403 3058 committere
4445 2990 4632 3059 dere-

2713 3075 2856 3141 ‘ctis
2897 3075 3163 3141 mensis.
3248 3074 3534 3158 Utrique
3580 3097 3734 3142 vero
3774 3077 4165 3156 satisfacere,
4211 3085 4471 3144 tantum
4515 3079 4631 3145 ab·

2679 3169 2784 3226 est
2823 3167 2904 3225 ut
2939 3160 3011 3225 in
3045 3181 3153 3224 me
3196 3161 3398 3225 situm
3432 3182 3802 3246 agnoscam,
3847 3171 3924 3227 ut
3965 3184 4172 3228 unum
4215 3162 4409 3229 alteri
4450 3185 4629 3230 nun-

2679 3267 2877 3330 quam
2918 3266 3052 3311 non
3107 3245 3411 3312 detrahat
3467 3255 3534 3312 et
3584 3269 3793 3331 paene
3848 3248 4145 3315 obsistat.
4233 3249 4340 3315 De
4385 3269 4490 3314 me
4532 3249 4632 3315 lo-

2679 3353 2862 3416 quor,
2903 3331 3010 3397 eni
3052 3352 3251 3414 quam
3293 3341 3485 3399 curta
3532 3334 3620 3399 sit
3676 3333 4019 3418 suppellex
4076 3341 4145 3400 et
4199 3338 4270 3400 in
4313 3335 4519 3402 sacris
4564 3345 4632 3401 et

2677 3418 2749 3483 in
2793 3438 2867 3483 re
2908 3416 3166 3483 medica
3206 3438 3344 3482 non
3376 3418 3589 3484 solnm
3630 3439 3827 3485 nosco
3861 3419 3978 3486 sed
4012 3428 4081 3486 et
4113 3422 4441 3501 erubesce,
4486 3442 4630 3487 ma-

2675 3503 2821 3569 lens
2862 3502 2978 3568 uni
3020 3500 3403 3587 diligentius
3435 3506 3813 3573 incumbere
3846 3526 4046 3588 quam
4080 3507 4173 3572 sic
4214 3506 4504 3573 invitum
4538 3507 4625 3573 ad

2679 3591 2808 3654 duo
2851 3588 3018 3653 mihi
3058 3589 3485 3672 impossibilia
3537 3591 3731 3675 adigi.
3820 3591 4044 3657 Nolim
4087 3599 4232 3657 tum
4273 3591 4629 3678 quidquam

2680 3696 2828 3740 meo
2871 3680 3084 3739 marte
3130 3674 3431 3759 aggredi,
3490 3675 3608 3743 sed
3660 3675 3733 3741 id
3788 3698 4111 3762 exsequor
4163 3676 4336 3762 quod
4389 3686 4504 3744 tuo
4548 3698 4625 3746 ac

2722 3760 2935 3825 iorum
2986 3759 3268 3826 fratrum
3334 3761 3604 3829 consilio
3655 3763 4003 3847 probatum
4054 3763 4256 3829 fuerit
4269 3815 4286 3843 ,
4351 3764 4507 3830 licet
4549 3766 4625 3830 in

2728 3865 2804 3911 ac
2884 3866 3159 3911 manens
3233 3846 3505 3914 ecclesia
3580 3844 3649 3911 id
3704 3855 4041 3933 praestare
4104 3857 4277 3916 esset
4340 3849 4622 3931 difficile,

2675 3933 2963 4016 migrare
3006 3941 3229 3996 autem
3268 3932 3398 3999 alio
3442 3954 3781 4018 nunquam
3821 3934 4017 4000 velim
4052 3936 4220 4002 citra
4256 3935 4625 4021 legitimam

2675 4018 3104 4096 vocationem,
3149 4020 3448 4101 quamvis
3492 4016 3559 4083 id
3602 4019 3889 4085 multum
3932 4022 4211 4105 cupiam.

2846 4103 2952 4168 De
2995 4109 3222 4168 mutuo
3274 4113 3504 4171 nostro
3557 4105 3820 4190 negotio
3877 4106 4046 4171 nihil
4102 4105 4284 4172 aliud
4339 4107 4621 4174 seribere

2675 4188 2863 4255 valeo
2905 4207 3103 4271 quam
3144 4187 3320 4272 quod
3375 4211 3589 4275 nuper
3630 4193 3876 4277 scripsi.
3967 4191 4119 4257 Non
4162 4192 4377 4258 solum
4419 4214 4620 4259 vena-

2673 4274 2839 4340 lium
2858 4273 3177 4340 librorum
3196 4274 3507 4360 reliquias
3528 4276 3897 4343 distrahere
3939 4298 4073 4343 non
4093 4297 4458 4361 possumus,
4504 4277 4620 4346 sed

2673 4368 2742 4427 et
2782 4361 3018 4426 fratres
3060 4361 3305 4445 aliquot
3343 4363 3588 4429 multos
3631 4360 4059 4429 reddiderunt
4111 4383 4272 4447 quos
4324 4385 4458 4429 non
4514 4366 4619 4431 in-

2672 4445 2885 4513 dicato
2918 4446 3130 4531 pretio
3164 4447 3287 4514 sibi
3321 4449 3709 4534 selegerant,
3756 4469 3969 4532 neque
4002 4450 4217 4532 pretio
4252 4470 4293 4514 a
4312 4448 4622 4518 Mathoae

2671 4532 3073 4617 praescripto
3137 4534 3247 4599 vel
3311 4534 3510 4618 paulo
3573 4534 3775 4600 vilius
3839 4556 4055 4602 emere
4118 4535 4368 4602 volunt.
4471 4537 4617 4623 Ego

2668 4638 2830 4685 vero
2850 4640 3000 4684 mea
3020 4620 3297 4701 pecunia
3336 4621 3526 4685 iuxta
3566 4618 3891 4686 indictum
3925 4622 4005 4687 ab
4042 4643 4119 4687 eo
4154 4622 4441 4704 pretium
4482 4623 4618 4689 iam

2668 4705 2876 4770 ferme
2913 4704 3243 4772 exsolutos
3299 4708 3582 4771 retinere
3633 4704 3868 4784 malui,
3926 4728 4124 4789 quam
4178 4706 4272 4773 sic
4317 4729 4616 4776 necessa-

2667 4791 2802 4854 rios
2843 4810 2918 4856 ao
2961 4790 3159 4856 utiles
3201 4791 3402 4856 libros
3442 4793 3580 4856 fere
3622 4811 3742 4873 pro
3785 4792 3993 4857 nihilo
4033 4793 4310 4858 tradere.
4389 4792 4615 4875 Quum

2669 4883 2891 4940 autem
2936 4874 3192 4942 dederit
3229 4875 3589 4955 Dominus,
3643 4876 3815 4959 quod
3866 4877 4111 4944 iustum
4156 4879 4355 4944 fuerit
4397 4879 4613 4947 adhuc

2666 4962 2945 5026 mittam.
3015 4962 3473 5044 Antapocham
3517 4967 3595 5026 10
3619 4965 3715 5049 V
3758 4983 3924 5046 quos
3967 4965 4256 5048 primum
4302 4965 4612 5032 miseram

2667 5045 2939 5126 detrivi,
2995 5069 3076 5113 ea
3129 5057 3480 5113 contentus
3537 5068 3734 5132 quam
3791 5050 4238 5117 universalem
4279 5060 4611 5136 postremo

2664 5133 2954 5198 misistis.
3043 5131 3182 5199 Nec
3224 5133 3597 5199 existimate
3652 5153 3799 5198 eam
3851 5134 3982 5200 alia
4031 5137 4287 5202 ratione
4342 5157 4381 5201 a
4422 5138 4610 5204 vobis

2665 5219 2958 5303 petitam,
3002 5218 3129 5282 nisi
3172 5227 3247 5283 ut
3301 5220 3501 5284 totins
3544 5219 3740 5285 huius
3782 5221 4214 5305 expeditionis
4257 5223 4612 5290 absolutio—

2667 5325 2824 5369 nem
2866 5314 2934 5369 et
2976 5304 3440 5371 testimoniales
3485 5305 3705 5372 literas
3765 5307 3872 5374 vel
3912 5309 3980 5374 in
4023 5308 4258 5375 inditio
4300 5309 4467 5375 mihi
4510 5317 4613 5375 at-
