5050 6167
517 447 640 509 285

510 634 651 700 bus.
716 633 927 699 Porro
959 635 1016 698 si
1050 653 1187 709 vos,
1232 639 1348 698 aut
1390 631 1664 699 eeclesia
1702 631 2030 709 universa,
2071 628 2214 696 eius
2260 648 2459 713 egue-

509 720 655 785 ritis
715 738 943 803 opera,
999 738 1139 784 non
1200 719 1426 783 minus
1489 724 1789 784 vestrum
1852 736 2008 781 eum
2062 736 2205 781 esse
2260 735 2460 798 quam

507 813 804 871 nostrum
825 804 1142 890 cogitetis,
1176 804 1293 887 qui
1327 823 1464 868 non
1484 803 1702 869 solum
1737 823 1810 867 se
1830 802 2071 868 vestris
2105 800 2460 866 commodis

508 891 580 956 in
621 898 931 972 tempore,
975 889 1091 955 sed
1133 911 1253 955 nos
1294 909 1540 967 omnes,
1585 888 1644 953 si
1681 909 1811 970 qua
1844 888 1916 952 in
1949 908 2023 953 re
2066 908 2231 969 opus
2265 893 2456 964 esset,

510 983 581 1041 et
619 983 847 1042 nostra
888 975 1111 1040 omnia
1150 976 1223 1040 in
1266 975 1549 1059 gratiam
1586 983 1874 1039 vestram
1917 972 2001 1038 ad
2045 970 2305 1056 quidvis
2338 991 2456 1054 pa-

509 1068 689 1127 ratos
729 1061 1083 1127 offerimus.
1170 1061 1311 1126 Vos
1368 1079 1526 1143 ergo
1582 1080 1702 1143 per
1744 1059 2087 1126 Christum
2131 1077 2456 1141 rogamus,

508 1154 589 1212 ut
628 1147 724 1212 ita
762 1146 835 1213 in
878 1147 1171 1212 animum
1215 1154 1511 1213 vestrum
1549 1145 1897 1223 inducatis,
1936 1143 2062 1210 hae
2104 1143 2179 1208 in
2221 1165 2294 1208 re
2337 1163 2458 1208 nos

510 1254 642 1298 nen
683 1232 815 1298 nisi
857 1231 1137 1317 gloriam
1181 1232 1308 1297 Dei
1351 1231 1751 1314 quaesivisse
1794 1239 1862 1295 et
1901 1231 2104 1295 totius
2146 1228 2458 1294 ecclesiae

508 1317 807 1395 salutem,
851 1317 1191 1384 commoda
1230 1318 1496 1401 privata
1526 1316 1815 1382 noluisse
1854 1315 2104 1381 Christi
2148 1313 2459 1379 ecelesiae

552 1405 854 1482 raesens,
900 1414 969 1468 et
1007 1412 1088 1469 ut
1127 1403 1279 1468 boni
1321 1401 1677 1468 consulatis
1728 1401 1850 1467 hoe
1901 1411 2201 1467 nostrum
2244 1401 2457 1465 censi-

539 1491 691 1568 ‘um,
735 1489 909 1574 quod
954 1498 1022 1555 et
1063 1510 1181 1554 vos
1225 1487 1412 1553 nobis
1455 1487 1632 1553 ultro
1675 1486 1893 1552 daturi
1936 1487 2225 1565 fueratis,
2285 1487 2343 1550 si
2385 1487 2459 1550 in

506 1597 581 1643 re
620 1578 955 1660 praesenti
998 1575 1287 1642 licuisset
1320 1571 1749 1652 considerare,
1794 1580 2040 1658 quanto
2072 1571 2223 1657 plus
2264 1592 2456 1637 orna-

509 1662 718 1728 menti
760 1673 829 1727 et
870 1660 1173 1727 utilitatis
1229 1659 1312 1725 ad
1360 1660 1734 1725 universam
1789 1658 2128 1725 eeclesiam
2186 1679 2270 1723 ex
2314 1657 2457 1722 eius

508 1746 837 1814 laboribus
880 1747 1036 1813 hinc
1097 1765 1294 1830 quam
1334 1744 1576 1812 isthinc
1633 1744 1848 1810 redire
1889 1744 2110 1829 possit.
2199 1741 2454 1821 Valete,

509 1834 738 1899 eximii
778 1834 938 1912 viri,
993 1843 1061 1899 et
1112 1853 1232 1898 nos
1273 1838 1351 1896 ut
1393 1831 1615 1896 soletis
1668 1829 2156 1896 commendatos
2198 1849 2459 1912 semper

508 1920 830 1986 habetote.
919 1917 1232 1985 Genevae
1284 1921 1377 1982 17.
1425 1915 1753 2001 Septemb.
1809 1920 1987 1980 1541.

1269 2052 1543 2139 Syndici
1588 2061 1657 2119 et
1696 2052 1985 2119 Senatus
2027 2051 2455 2119 Genevensis.

1403 2548 1557 2621 358.

541 2703 1204 2773 'PHOMASSINUS
1247 2703 1732 2772 MINIS'PRIS
1774 2701 2417 2771 BIELENSIBUS.

684 2877 853 2960 Quid
881 2879 1172 2945 Neocomi
1214 2879 1286 2943 in
1310 2876 1553 2942 Furens·
1595 2895 1790 2944 causa
1819 2875 2056 2958 factum
2089 2878 2175 2945 sit
2213 2880 2270 2942 et
2300 2875 2456 2959 quid

503 2964 862 3046 faciendum
900 2965 1195 3031 videatur
1235 2962 1537 3046 pluribus
1576 2965 1866 3045 declarat,
1911 2984 2129 3048 eosque
2169 2967 2346 3048 νομαί
2384 2966 2457 3027 ut

506 3050 577 3115 in
619 3048 728 3114 hoc
766 3050 1134 3117 discrimine
1170 3050 1430 3134 colleyae
1472 3069 1548 3115 ne
1590 3050 1808 3117 desint.

618 3236 688 3275 ue
720 3220 1042 3291 simpliciter
1061 3222 1416 3303 describimus
1445 3238 1514 3274 ex
1538 3220 1851 3304 apographo
1870 3220 2193 3276 Simleriauo
2224 3221 2348 3275 Vel.
2365 3220 2454 3277 50.

620 3290 764 3344 lerna
797 3306 859 3344 se
893 3307 961 3345 ex
995 3291 1331 3360 autographo
1374 3308 1432 3343 m
1467 3290 1636 3344 Temo
1673 3292 1847 3372 lslpnst.
1879 3306 1934 3359 p.
1972 3288 2038 3343 81
2076 3290 2220 3359 apud
2255 3291 2454 3345 Schen-

506 3376 690 3413 rerum
746 3359 1057 3430 theologum
1108 3361 1458 3483 8011111ωὲῃῦοᾷ
1457 3376 1825 3495 ιιι-ἓξὲξ.)
1842 3366 2106 3422 test-tun
2161 3360 2306 3428 quod
2359 3362 2455 3415 ubi

504 3635 841 3701 Antonius
882 3634 1353 3702 Thomassinus
1403 3645 1627 3719 pastor
1667 3636 1978 3703 ecelesiae
2019 3633 2375 3701 Cernensis
2400 3638 2451 3721 ¹)

503 3718 739 3787 Iacobo
774 3741 850 3788 ac
872 3721 1236 3804 Reliquano
1252 3724 1311 3805 ²)
1345 3721 1699 3788 Biellensis
1743 3721 2051 3788 ecclesiae
2085 3722 2452 3804 pastoribus

503 3807 640 3872 suis
685 3826 885 3891 quam
919 3807 1275 3874 carissimis
1298 3807 1548 3874 Christi
1591 3808 1925 3875 conservis
1959 3807 2240 3873 salutem
2283 3805 2344 3874 d.
2384 3829 2447 3892 p.

674 3943 970 4010 caeteris
1032 3945 1098 4010 N
1098 3947 1497 4012 eoeemensis
1572 3945 1800 4012 elassis
1876 3945 2190 4013 fratribus
2266 3945 2452 4013 verbi

502 4029 825 4096 ministris
867 4031 938 4095 in
983 4030 1192 4096 multo
1234 4033 1640 4114 gravissimis
1684 4029 2212 4115 difficillimisque
2256 4033 2453 4099 rebus

503 4116 835 4199 occupatis
879 4116 1003 4182 hoc
1037 4126 1352 4200 tempere,
1407 4119 1740 4201 negotium
1780 4118 1863 4183 ad
1912 4138 2028 4184 ves
2072 4128 2148 4185 ut
2188 4119 2453 4185 nomine

504 4201 799 4267 omnium
844 4203 1196 4269 scriberem
1250 4202 1417 4267 mihi
1474 4204 1703 4268 datum
1746 4213 1865 4269 est.
1954 4203 2138 4285 Quas
2180 4204 2452 4270 tandem

504 4285 874 4370 tragoedias
929 4286 1225 4354 diabolus
1281 4299 1689 4372 quantasque
1741 4296 2164 4371 tempestates
2218 4292 2287 4356 in
2347 4311 2453 4357 ee·

503 4373 704 4441 elesia
765 4372 829 4437 N
832 4375 1197 4441 eocomensi
1265 4375 1522 4458 peperit
1583 4374 1744 4457 (iam
1798 4372 2048 4440 dudum
2103 4376 2286 4442 enim
2341 4398 2453 4443 eas

502 4457 940 4544 parturiebat)
983 4482 1117 4527 non
1161 4481 1283 4526 vos
1323 4459 1536 4524 solum
1570 4460 1948 4537 rescivistis,
1992 4481 2155 4543 ques
2194 4483 2454 4529 summa

502 4546 699 4612 etiam
743 4543 1082 4628 diligentia
1136 4547 1445 4612 certiores
1500 4545 1644 4611 fieri
1686 4546 2055 4628 oportebat,
2110 4556 2332 4614 vestro
2377 4556 2453 4613 ut

502 4631 770 4699 consilio
836 4651 956 4697 nos
1021 4631 1552 4711 consolaremini3
1625 4631 1738 4695 sed
1803 4653 1937 4697 non
2003 4632 2228 4698 dubito
2290 4634 2451 4715 quin

502 4720 703 4784 etiam
751 4716 833 4781 ad
878 4729 1207 4783 extremas
1250 4725 1512 4802 gentes,
1569 4718 1625 4782 si
1680 4716 1837 4798 quid
1882 4715 2090 4782 Satan
2131 4718 2286 4785 inde
2329 4719 2450 4785 ali-

501 4803 715 4869 cunde
769 4803 894 4869 sibi
948 4812 1233 4882 metuat,
1288 4804 1466 4868 fama
1518 4802 1717 4867 fuerit
1768 4802 2115 4886 perlatum.
2203 4805 2451 4870 Audito

524 4980 701 4987 —Lae-——oo-

506 5076 1109 5159 -858.,1)com·uoe
1140 5077 2108 5134 minutianus-Neocomensem
2140 5083 2194 5133 et
2225 5078 2447 5133 Biden-

502 5160 616 5297 ..θ’
644 5153 921 5298 muzal&-
970 5215 1233 5298 17¹2?st
1276 5221 1328 5270 et
1360 5216 1447 5270 Ιο.
1486 5214 1874 5297 Miconas,
1920 5233 1966 5271 e.
2002 5216 2210 5301 Mamer
2243 5232 2285 5270 a
2317 5214 2446 5269 Rel-

501 5285 2189 5423 wvmfflffiwwffifflm
2234 5300 2447 5354 ψ

2182 444 2339 506 1541
2392 437 2846 508 ΒΕΡΤΕΜΒ.

4386 445 4512 509 286

2560 627 2782 710 itaque
2821 633 3006 693 tanto
3045 635 3231 694 motu
3285 626 3485 713 legati
3527 650 3570 695 a
3619 636 3851 696 senatu
3893 630 4221 697 Beruensi
4263 631 4515 699 Neoco-

2561 733 2744 776 mum
2785 712 2971 778 missi
3013 722 3186 794 sunt,
3207 714 3264 796 ⁸)
3324 714 3436 798 qui
3494 715 3984 782 sciscitarentur
4052 716 4209 799 quid
4279 738 4513 785 causae

2561 806 2737 863 esset
2776 799 3200 881 quamobrem
3254 797 3338 865 de
3391 820 3512 865 suo
3567 810 3831 885 pastore
3881 810 4221 886 tantopere
4263 803 4513 869 tumul·

2560 892 2944 963 tuerentur,
3002 895 3196 968 atque
3249 883 3674 951 ostenderent
3690 938 3706 965 ,
3764 887 4086 954 Bernates
4128 910 4247 971 pro
4289 904 4513 957 vetere

2561 969 2850 1035 amicitia
2892 990 2967 1035 ae
3021 970 3307 1035 civitatis
3346 970 3492 1036 iure
3534 970 3841 1052 libenter,
3896 974 3953 1039 si
4010 973 4163 1056 quid
4221 986 4511 1058 possent,

2560 1054 3024 1137 componendis
3080 1076 3305 1121 eorum
3369 1056 3566 1123 rebus
3612 1079 3878 1141 operam
3936 1059 4219 1125 daturos.
4329 1058 4513 1141 Quid

2559 1139 2810 1204 multa?
2912 1139 3133 1222 Quum
3191 1163 3346 1225 pars
3401 1140 3727 1208 Farellum
3788 1144 3861 1208 in
3924 1165 4118 1209 suum
4180 1154 4515 1228 pastorem

2695 1245 2916 1291 escere
2959 1248 3030 1292 se
3072 1237 3376 1311 negaret,
3431 1247 3585 1312 pars
3642 1248 3724 1293 ne
3767 1229 3967 1294 alium
4009 1230 4272 1313 quidem
4316 1252 4512 1314 quam

2626 1311 2892 1376 arellam
2935 1311 3178 1377 habere
3220 1323 3336 1377 aut
3391 1313 3563 1378 velle
3605 1314 3995 1393 ostenderet,
4041 1317 4512 1401 contrariisque

2561 1395 3086 1479 digladiarentur
3127 1398 3379 1477 studiis,
3426 1399 3662 1483 legatis
3711 1401 4192 1483 postulantibus
4235 1423 4512 1468 consen-

2561 1501 2767 1565 suque
2808 1484 3108 1547 omnium
3150 1504 3258 1548 res
3303 1483 3464 1549 haec
3495 1484 3735 1551 iudicio
3757 1486 4128 1553 Bernatum
4161 1497 4300 1553 tota
4336 1509 4513 1554 com·

2560 1569 2762 1631 missa
2802 1576 2920 1633 est.
2987 1567 3121 1634 Sed
3168 1569 3572 1653 negligentia
3617 1592 3692 1636 ac
3726 1570 4021 1639 socordia
4062 1582 4434 1638 nostrorum
4452 1576 4511 1654 ⁴)

2561 1672 2822 1718 summa
2861 1653 2936 1718 in
2978 1653 3103 1721 hoe
3144 1655 3433 1739 profecte
3487 1657 3744 1723 exstitit
3783 1655 3959 1740 quod
4000 1678 4204 1740 quum
4250 1658 4360 1724 alii
4403 1679 4512 1725 co·

2561 1759 2705 1803 ram
2747 1738 2984 1822 legatis
3025 1740 3122 1804 ita
3162 1739 3368 1805 verba
3400 1741 3692 1807 facerent
3723 1745 3910 1825 quasi
3946 1752 4141 1810 antea
4172 1746 4306 1809 iam
4340 1745 4512 1809 mul·

2561 1823 2844 1889 titudine
2885 1836 3238 1891 convocata
3279 1836 3612 1892 certamen
3640 1828 3872 1894 fuisset
3911 1829 4153 1894 initum
4195 1830 4332 1895 utri
4364 1829 4514 1913 plu·

2560 1928 2666 1973 res
2709 1909 2926 1974 utrius
2968 1921 3190 1976 essent
3221 1913 3600 1987 sententiae,
3645 1915 3960 1998 quasique
3994 1934 4147 1997 pars
4175 1935 4254 1980 ea
4286 1915 4511 1999 plures

2560 1993 2896 2060 habuisset
2935 2015 3102 2078 quae
3148 1995 3468 2062 Far-ellum
3519 1997 3591 2061 in
3634 2009 3966 2081 pastorem
4006 2000 4131 2066 sibi
4173 2001 4511 2068 eeclesias-

2554 2079 2760 2145 ticum
2795 2081 3157 2159 recusabat,
3192 2089 3566 2148 nostrorum
3594 2104 3791 2149 nemo
3824 2085 4147 2168 quispiam
4180 2094 4326 2152 tum
4361 2108 4508 2152 sur-

2562 2165 2735 2230 rexit
2775 2166 2888 2248 qui
2929 2167 3177 2233 factum
3222 2167 3344 2233 hoc
3389 2180 3690 2251 negaret:
3735 2171 3877 2234 sive
3918 2191 4049 2235 non
4086 2171 4249 2237 satis
4292 2182 4510 2237 atten-

2560 2250 2796 2317 derent
2835 2251 2992 2334 quid
3033 2251 3132 2317 illi
3175 2252 3482 2331 dicerent,
3528 2254 3668 2319 sive
3702 2262 3843 2318 tum
3887 2255 4053 2320 forte
4088 2256 4359 2322 aberant
4395 2257 4510 2340 qui

2560 2335 2871 2403 audacter
2903 2338 3315 2404 restitissent.
3382 2337 3607 2420 Quare
3639 2339 3838 2423 legati
3883 2361 3923 2405 a
3956 2342 4187 2406 maiori
4230 2362 4508 2407 numero

2561 2423 2801 2487 civium
2843 2423 3133 2489 recusari
3187 2424 3458 2505 fratrem
3513 2424 3681 2489 false
3732 2425 4032 2509 persuasi
4069 2426 4357 2492 Bernam
4402 2448 4507 2493 re-

2562 2508 2737 2574 versi
2775 2516 2937 2574 sunt
2976 2518 3405 2593 senatumque
3457 2509 3551 2573 ita
3593 2509 3971 2575 docuerunt.
4060 2510 4266 2595 quue
4314 2512 4510 2580 biduo

2559 2604 2711 2677 pest
2763 2593 2981 2683 allatis
3021 2594 3247 2660 Berua
3304 2593 3388 2659 ad
3447 2593 3775 2660 Farellum
3829 2597 4037 2662 literis
4051 2596 4110 2682 ὅ)
4175 2618 4215 2662 a
4274 2606 4509 2665 senatu

2558 2680 2897 2762 perspicue
2917 2679 3382 2745 intelleximus.
3442 2678 3746 2761 Quarum
3780 2702 4038 2747 summa
4071 2691 4269 2748 estut
4301 2704 4510 2768 quum

2557 2764 2727 2830 bena
2768 2765 3104 2848 maiorque
3143 2785 3301 2848 pars
3354 2786 3508 2830 eum
3551 2766 3737 2845 nolit,
3790 2768 3996 2832 satius
4039 2767 4128 2832 sit
4166 2769 4348 2834 illinc
4401 2790 4509 2835 ee·

2558 2849 2731 2927 dere,
2775 2851 2889 2916 ubi
2932 2851 3245 2916 maiorem
3303 2851 3565 2915 ruinam
3608 2872 3805 2934 quam
3861 2851 4376 2919 aedificationem
4420 2855 4510 2919 sit

2559 2936 2862 3012 facturus,
2907 2955 2984 3002 ae
3026 2938 3208 3020 sequi
3261 2956 3390 3018 quo
3448 2957 3600 3001 eum
3642 2935 3829 3003 Deus
3876 2936 4165 3004 advocet.
4256 2937 4509 3006 Scitote

2557 3024 2751 3097 enim,
2793 3023 3049 3100 fratres,
3091 3020 3268 3105 quod
3313 3042 3434 3087 nee
3466 3021 3793 3088 Bernates
3833 3024 4159 3107 ignorant,
4204 3041 4510 3092 senatum

2558 3106 3018 3173 Genevensem
3086 3128 3128 3173 a
3190 3106 3777 3189 Neocomensibus,
3851 3118 3930 3173 ut
3995 3108 4171 3175 hune
4232 3110 4508 3177 fratrem

2557 3206 2858 3258 nostrum
2900 3192 2984 3258 ad
3026 3192 3289 3275 aliquod
3332 3201 3592 3276 tempus
3634 3194 3760 3260 sibi
3802 3194 4251 3274 concederent,
4295 3216 4509 3280 nuper

2556 3277 2939 3363 postulasse.
3028 3280 3091 3343 A
3164 3299 3243 3343 ue
3298 3278 3461 3344 haec
3518 3286 3620 3345 est
3674 3279 4015 3345 literarum
4056 3301 4286 3346 earum
4329 3281 4508 3347 clau·

2558 3364 2720 3442 sula,
2765 3372 2843 3429 ut
2881 3363 3038 3447 quid
3081 3364 3138 3429 si
3182 3363 3559 3430 iDominus
3603 3364 4005 3431 consuluerit
4047 3364 4282 3432 videat.
4373 3366 4508 3448 Qui

2557 3448 2641 3515 ad
2695 3449 3203 3534 gubernatorem
3222 3448 3279 3535 ⁸)
3336 3469 3592 3532 quoque
3646 3451 3848 3516 totius
3906 3450 4102 3516 huius
4157 3453 4508 3518 comitatus

2558 3543 2754 3619 atque
2798 3533 2881 3601 ad
2923 3535 3311 3601 universum
3366 3533 3687 3618 populum
3729 3535 4247 3603 Neocomensem
4300 3539 4507 3623 scrip·-

2556 3630 2801 3699 serunt,
2845 3641 2929 3685 ne
2971 3620 3128 3718 quid
3162 3628 3277 3685 aut
3309 3620 3817 3704 praecipitanter
3857 3622 3929 3686 in
3963 3621 4088 3688 hac
4121 3641 4318 3688 eausa
4352 3643 4508 3708 age-

2555 3714 2740 3784 rent,
2805 3714 2920 3771 aut
2983 3726 3053 3770 in
3117 3706 3252 3770 iam
3379 3715 3758 3772 nascentem
3808 3713 4234 3791 teneramque
4289 3706 4507 3775 adhuc

2556 3790 2882 3876 evangelii
2931 3789 3185 3856 Ohristi
3235 3810 3282 3874 g
3305 3790 3511 3855 oriam
3565 3798 3813 3856 temere
3867 3794 4384 3872 committerent,
4440 3802 4508 3859 et

2554 3898 2722 3961 quae
2763 3885 2924 3943 sunt
2974 3878 3114 3942 eius
3167 3877 3443 3960 generis.
3533 3876 3769 3941 Visum
3826 3885 3929 3943 est
3979 3898 4136 3961 ergo
4191 3878 4506 3946 fratribus

2556 3965 2892 4041 ministris,
2940 3972 3016 4026 ut
3056 3960 3356 4027 Far-ellus
3397 3982 3659 4036 causas,
3720 3963 3956 4045 quibus
3997 3963 4139 4045 ipse
4182 3963 4508 4030 iudicaret

2555 4048 2735 4116 illam
2778 4047 3137 4126 ecelesiam,
3180 4047 3263 4111 ad
3297 4067 3496 4130 quam
3539 4047 3744 4113 aDeo
3780 4058 3916 4113 tam
3950 4050 4289 4132 perspicue
4334 4058 4512 4116 esset

2556 4144 2845 4213 vocatus,
2890 4135 2960 4198 in
3003 4141 3192 4197 tanta
3224 4132 3543 4199 seditione
3577 4131 3876 4199 deserere
3918 4154 4079 4199 sana
4113 4135 4512 4200 conscientia

2557 4241 2630 4287 se
2671 4219 2855 4285 nullo
2890 4218 3082 4284 mode
3115 4237 3326 4302 posse,
3369 4218 3662 4284 Bernam
3707 4219 4111 4285 rescriberet.
4180 4218 4317 4301 Qui
4353 4240 4510 4286 vero

2556 4308 2796 4372 statres
2837 4327 2923 4370 ex
2966 4304 3153 4388 plebe
3187 4314 3363 4383 sunt,
3408 4314 3665 4368 certum
3705 4305 3976 4370 fratrem
4016 4305 4192 4370 inter
4233 4326 4305 4371 se
4346 4304 4509 4370 deli·

2558 4401 2730 4476 gunt
2781 4392 2890 4474 qui
2946 4412 3023 4456 eo
3078 4392 3402 4474 profectus
3455 4398 3758 4455 senatum
3813 4401 3878 4455 et
3942 4410 4100 4456 voce
4165 4400 4236 4457 et
4299 4391 4509 4458 literis

2557 4478 2788 4543 doceat
2827 4498 2976 4542 eum
3022 4497 3141 4559 pro
3183 4477 3360 4541 voris
3403 4475 3568 4540 falsa
3610 4472 3993 4555 credidisse,
4051 4494 4173 4543 nee
4216 4496 4509 4559 unquam

2555 4562 3044 4629 multitudinem
3088 4563 3159 4627 in
3216 4561 3340 4626 hoe
3383 4572 3844 4644 congregatam
3883 4562 4086 4627 fuisse
4129 4573 4207 4627 nt
4248 4563 4507 4630 videre-

2759 4802 2820 4869 3)
2855 4800 2978 4855 Iac.
3014 4818 3054 4855 a
3114 4798 3397 4870 Wattewyl
3440 4805 3492 4855 et
3534 4800 3711 4854 Μίοὴ.
3754 4799 4131 4869 Aaqeburqer.
4215 4799 4505 4855 Caeterum

2555 4870 2830 4924 Ber-nates
2879 4868 2947 4923 de
2990 4874 3100 4923 toto
3144 4868 3247 4923 hoc
3290 4884 3360 4922 ne
3395 4870 3504 4923 otio
3549 4869 3765 4923 demwm
3856 4885 3918 4924 er
3965 4868 4155 4937 ipsum
4209 4867 4506 4923 Calvinum

2555 4940 2811 4994 certiores
2825 4938 3005 5005 factos
3021 4952 3154 5005 esee,
3192 4953 3334 5007 quae
3349 4884 3816 5009 &memmio
3849 4939 4124 4993 sententia
4156 4942 4237 4990 est
4273 4937 4354 5006 (p.
4377 4935 4503 5003 148)

2553 5009 2715 5064 nobis
2746 5008 2970 5062 miotinae
2995 5007 3418 5076 persuademus.

2760 5079 2819 5146 4)
2854 5077 3253 5131 etBematium
3286 5075 3505 5129 alienus
3520 5074 3762 5143 emimus,
3783 5077 3948 5144 quiet
3980 5074 4309 5129 asera-iore
4330 5072 4502 5128 diecz-

2596 5146 2717 5201 lina
2747 5146 2859 5213 leae
3004 5145 3116 5199 lica
3159 5143 3462 5198 sancienda
3506 5144 3874 5199 abhorrebant
3915 5150 3966 5199 et
4009 5158 4133 5197 cum
4174 5141 4503 5212 proceribus

3045 5228 3115 5268 em
3141 5219 3310 5281 pane
3340 5214 3574 5268 conneoee‘
3603 5219 3782 5269 aaut.

2760 5286 2818 5343 5)
2854 5282 2909 5336 d.
2947 5281 3030 5336 14.
3068 5282 3222 5351 Sept.
3259 5280 3621 5349 (Korok-botev-
3647 5297 3712 5351 p.
3747 5283 3860 5363 253.)

2758 5352 2816 5420 6)
2851 5350 3049 5420 Geory.
3083 5352 3152 5406 de
3185 5350 3341 5407 Rieu
3374 5351 3461 5408 Sr-
3487 5351 3557 5406 de
3591 5350 3893 5420 Preme.
