<?xml version="1.0" encoding="UTF-8"?>
<!DOCTYPE html PUBLIC "-//W3C//DTD XHTML 1.0 Transitional//EN"
    "http://www.w3.org/TR/xhtml1/DTD/xhtml1-transitional.dtd">
<html xmlns="http://www.w3.org/1999/xhtml" xml:lang="en" lang="en">
 <head>
  <title>
</title>
<meta http-equiv="Content-Type" content="text/html;charset=utf-8" />
  <meta name='ocr-system' content='tesseract 3.04.00' />
  <meta name='ocr-capabilities' content='ocr_page ocr_carea ocr_par ocr_line ocrx_word'/>
</head>
<body>
  <div class='ocr_page' id='page_1' title='image "./ioanniscalvinio13unkngoog/ioanniscalvinio13unkngoog_0253.png"; bbox 0 0 5050 6167; ppageno 0'>
   <div class='ocr_carea' id='block_1_1' title="bbox 349 406 466 467">
    <p class='ocr_par' dir='ltr' id='par_1_1' title="bbox 349 406 466 467">
     <span class='ocr_line' id='line_1_1' title="bbox 349 406 466 467; baseline -0.026 0"><span class='ocrx_word' id='word_1_1' title='bbox 349 406 466 467; x_wconf 79' lang='lat'><strong>47⁷</strong></span> 
     </span>
    </p>
   </div>
   <div class='ocr_carea' id='block_1_2' title="bbox 343 591 2305 3591">
    <p class='ocr_par' dir='ltr' id='par_1_2' title="bbox 343 591 2305 2802">
     <span class='ocr_line' id='line_1_2' title="bbox 347 591 2302 675; baseline 0.001 -18"><span class='ocrx_word' id='word_1_2' title='bbox 347 592 466 658; x_wconf 89' lang='lat' dir='ltr'><strong>fici.</strong></span> <span class='ocrx_word' id='word_1_3' title='bbox 578 592 834 675; x_wconf 80' lang='lat' dir='ltr'>Nempe</span> <span class='ocrx_word' id='word_1_4' title='bbox 898 593 1068 658; x_wconf 85' lang='lat' dir='ltr'><strong>istuc</strong></span> <span class='ocrx_word' id='word_1_5' title='bbox 1139 593 1526 674; x_wconf 89' lang='lat' dir='ltr'><strong>irruperunt</strong></span> <span class='ocrx_word' id='word_1_6' title='bbox 1588 591 1993 659; x_wconf 87' lang='lat' dir='ltr'><strong>confidenter</strong></span> <span class='ocrx_word' id='word_1_7' title='bbox 2068 592 2302 658; x_wconf 88' lang='lat' dir='ltr'><strong>beluae</strong></span> 
     </span>
     <span class='ocr_line' id='line_1_3' title="bbox 348 676 2298 761; baseline 0.001 -19"><span class='ocrx_word' id='word_1_8' title='bbox 348 677 745 756; x_wconf 78' lang='lat' dir='ltr'><strong>horrendae,</strong></span> <span class='ocrx_word' id='word_1_9' title='bbox 787 688 866 742; x_wconf 90' lang='lat' dir='ltr'><strong>ut</strong></span> <span class='ocrx_word' id='word_1_10' title='bbox 910 678 1132 742; x_wconf 86' lang='lat' dir='ltr'><strong>omnia</strong></span> <span class='ocrx_word' id='word_1_11' title='bbox 1198 676 1705 761; x_wconf 82' lang='lat' dir='ltr'><strong>depopulentur,</strong></span> <span class='ocrx_word' id='word_1_12' title='bbox 1753 680 1974 743; x_wconf 91' lang='lat' dir='ltr'><strong>omnia</strong></span> <span class='ocrx_word' id='word_1_13' title='bbox 2016 687 2298 756; x_wconf 78' lang='lat' dir='ltr'><strong>vastent,</strong></span> 
     </span>
     <span class='ocr_line' id='line_1_4' title="bbox 347 761 2302 845; baseline 0 -16"><span class='ocrx_word' id='word_1_14' title='bbox 347 764 472 829; x_wconf 88' lang='lat' dir='ltr'><strong>nisi</strong></span> <span class='ocrx_word' id='word_1_15' title='bbox 516 773 776 830; x_wconf 87' lang='lat' dir='ltr'><strong>avertat</strong></span> <span class='ocrx_word' id='word_1_16' title='bbox 817 761 1035 828; x_wconf 89' lang='lat' dir='ltr'><strong>Deus:</strong></span> <span class='ocrx_word' id='word_1_17' title='bbox 1095 764 1208 845; x_wconf 91' lang='lat' dir='ltr'><strong>qui</strong></span> <span class='ocrx_word' id='word_1_18' title='bbox 1264 762 1514 829; x_wconf 87' lang='lat' dir='ltr'><strong>abiecta</strong></span> <span class='ocrx_word' id='word_1_19' title='bbox 1555 763 1811 830; x_wconf 90' lang='lat' dir='ltr'><strong>cuculla</strong></span> <span class='ocrx_word' id='word_1_20' title='bbox 1851 765 2117 829; x_wconf 85' lang='lat' dir='ltr'><strong>funesta</strong></span> <span class='ocrx_word' id='word_1_21' title='bbox 2159 764 2302 829; x_wconf 91' lang='lat' dir='ltr'><strong>ani-</strong></span> 
     </span>
     <span class='ocr_line' id='line_1_5' title="bbox 345 848 2297 933; baseline -0.001 -19"><span class='ocrx_word' id='word_1_22' title='bbox 345 870 528 914; x_wconf 89' lang='lat' dir='ltr'><strong>mum</strong></span> <span class='ocrx_word' id='word_1_23' title='bbox 592 850 955 933; x_wconf 92' lang='lat' dir='ltr'><strong>impurum,</strong></span> <span class='ocrx_word' id='word_1_24' title='bbox 1023 849 1248 913; x_wconf 89' lang='lat' dir='ltr'><strong>sordes</strong></span> <span class='ocrx_word' id='word_1_25' title='bbox 1308 848 1573 931; x_wconf 89' lang='lat' dir='ltr'><strong>putidas</strong></span> <span class='ocrx_word' id='word_1_26' title='bbox 1637 868 1714 915; x_wconf 87' lang='lat' dir='ltr'><strong>ac</strong></span> <span class='ocrx_word' id='word_1_27' title='bbox 1776 851 2162 933; x_wconf 89' lang='lat' dir='ltr'><strong>purulentas</strong></span> <span class='ocrx_word' id='word_1_28' title='bbox 2226 850 2297 913; x_wconf 91' lang='lat' dir='ltr'><strong>in</strong></span> 
     </span>
     <span class='ocr_line' id='line_1_6' title="bbox 346 935 2300 1021; baseline -0.001 -19"><span class='ocrx_word' id='word_1_29' title='bbox 346 936 592 1002; x_wconf 86' lang='lat' dir='ltr'><strong>cuculla</strong></span> <span class='ocrx_word' id='word_1_30' title='bbox 639 941 1005 1000; x_wconf 81' lang='lat' dir='ltr'><strong>contractas</strong></span> <span class='ocrx_word' id='word_1_31' title='bbox 1047 943 1363 1017; x_wconf 84' lang='lat' dir='ltr'><strong>perpetuo</strong></span> <span class='ocrx_word' id='word_1_32' title='bbox 1406 943 1688 1018; x_wconf 88' lang='lat' dir='ltr'><strong>gestant,</strong></span> <span class='ocrx_word' id='word_1_33' title='bbox 1744 935 2129 1021; x_wconf 82' lang='lat' dir='ltr'><strong>hypocrisin</strong></span> <span class='ocrx_word' id='word_1_34' title='bbox 2174 937 2300 1001; x_wconf 87' lang='lat' dir='ltr'><strong>sci-</strong></span> 
     </span>
     <span class='ocr_line' id='line_1_7' title="bbox 345 1019 2298 1105; baseline 0 -20"><span class='ocrx_word' id='word_1_35' title='bbox 345 1020 497 1087; x_wconf 92' lang='lat' dir='ltr'><strong>licet</strong></span> <span class='ocrx_word' id='word_1_36' title='bbox 539 1028 609 1085; x_wconf 88' lang='lat' dir='ltr'><strong>et</strong></span> <span class='ocrx_word' id='word_1_37' title='bbox 650 1041 911 1085; x_wconf 90' lang='lat' dir='ltr'><strong>omnem</strong></span> <span class='ocrx_word' id='word_1_38' title='bbox 949 1019 1288 1097; x_wconf 87' lang='lat' dir='ltr'><strong>malitiam,</strong></span> <span class='ocrx_word' id='word_1_39' title='bbox 1334 1022 1446 1101; x_wconf 90' lang='lat' dir='ltr'><strong>qui</strong></span> <span class='ocrx_word' id='word_1_40' title='bbox 1491 1043 1684 1086; x_wconf 91' lang='lat' dir='ltr'><strong>suum</strong></span> <span class='ocrx_word' id='word_1_41' title='bbox 1729 1023 1911 1087; x_wconf 88' lang='lat' dir='ltr'><strong>virus</strong></span> <span class='ocrx_word' id='word_1_42' title='bbox 1953 1024 2100 1087; x_wconf 82' lang='lat' dir='ltr'><strong>istic</strong></span> <span class='ocrx_word' id='word_1_43' title='bbox 2142 1043 2298 1105; x_wconf 89' lang='lat' dir='ltr'><strong>quo-</strong></span> 
     </span>
     <span class='ocr_line' id='line_1_8' title="bbox 350 1106 2300 1191; baseline 0 -20"><span class='ocrx_word' id='word_1_44' title='bbox 350 1106 503 1172; x_wconf 80' lang='lat' dir='ltr'><strong>tidie</strong></span> <span class='ocrx_word' id='word_1_45' title='bbox 545 1116 863 1173; x_wconf 88' lang='lat' dir='ltr'><strong>evomunt</strong></span> <span class='ocrx_word' id='word_1_46' title='bbox 906 1106 1128 1170; x_wconf 91' lang='lat' dir='ltr'><strong>omnia</strong></span> <span class='ocrx_word' id='word_1_47' title='bbox 1184 1106 1571 1185; x_wconf 89' lang='lat' dir='ltr'><strong>inficientes,</strong></span> <span class='ocrx_word' id='word_1_48' title='bbox 1629 1115 1696 1172; x_wconf 93' lang='lat' dir='ltr'><strong>et</strong></span> <span class='ocrx_word' id='word_1_49' title='bbox 1750 1128 1918 1190; x_wconf 88' lang='lat' dir='ltr'><strong>quae</strong></span> <span class='ocrx_word' id='word_1_50' title='bbox 1960 1110 2143 1191; x_wconf 91' lang='lat' dir='ltr'><strong>prius</strong></span> <span class='ocrx_word' id='word_1_51' title='bbox 2188 1129 2300 1172; x_wconf 88' lang='lat' dir='ltr'><strong>cu-</strong></span> 
     </span>
     <span class='ocr_line' id='line_1_9' title="bbox 347 1189 2299 1276; baseline -0.001 -18"><span class='ocrx_word' id='word_1_52' title='bbox 347 1191 515 1258; x_wconf 89' lang='lat' dir='ltr'><strong>culla</strong></span> <span class='ocrx_word' id='word_1_53' title='bbox 555 1193 797 1258; x_wconf 88' lang='lat' dir='ltr'><strong>obtecti</strong></span> <span class='ocrx_word' id='word_1_54' title='bbox 837 1192 1384 1257; x_wconf 73' lang='lat' dir='ltr'><strong>machinabantur</strong></span> <span class='ocrx_word' id='word_1_55' title='bbox 1426 1189 1653 1256; x_wconf 88' lang='lat' dir='ltr'><strong>eadem</strong></span> <span class='ocrx_word' id='word_1_56' title='bbox 1697 1214 1878 1258; x_wconf 90' lang='lat' dir='ltr'><strong>nunc</strong></span> <span class='ocrx_word' id='word_1_57' title='bbox 1921 1202 2299 1276; x_wconf 88' lang='lat' dir='ltr'><strong>perpetran-</strong></span> 
     </span>
     <span class='ocr_line' id='line_1_10' title="bbox 349 1277 2301 1360; baseline -0.001 -17"><span class='ocrx_word' id='word_1_58' title='bbox 349 1285 465 1356; x_wconf 84' lang='lat' dir='ltr'><strong>tes,</strong></span> <span class='ocrx_word' id='word_1_59' title='bbox 526 1279 766 1360; x_wconf 89' lang='lat' dir='ltr'><strong>ingrati</strong></span> <span class='ocrx_word' id='word_1_60' title='bbox 824 1277 1058 1360; x_wconf 87' lang='lat' dir='ltr'><strong>perfidi</strong></span> <span class='ocrx_word' id='word_1_61' title='bbox 1116 1277 1400 1360; x_wconf 82' lang='lat' dir='ltr'><strong>superbi,</strong></span> <span class='ocrx_word' id='word_1_62' title='bbox 1457 1278 1775 1343; x_wconf 90' lang='lat' dir='ltr'><strong>bonorum</strong></span> <span class='ocrx_word' id='word_1_63' title='bbox 1832 1279 2122 1343; x_wconf 90' lang='lat' dir='ltr'><strong>virorum</strong></span> <span class='ocrx_word' id='word_1_64' title='bbox 2167 1286 2301 1342; x_wconf 90' lang='lat' dir='ltr'><strong>tor-</strong></span> 
     </span>
     <span class='ocr_line' id='line_1_11' title="bbox 346 1361 2302 1449; baseline -0.001 -21"><span class='ocrx_word' id='word_1_65' title='bbox 346 1373 535 1429; x_wconf 85' lang='lat' dir='ltr'><strong>tores.</strong></span> <span class='ocrx_word' id='word_1_66' title='bbox 598 1361 793 1429; x_wconf 83' lang='lat' dir='ltr'><strong>Unde</strong></span> <span class='ocrx_word' id='word_1_67' title='bbox 835 1364 1015 1428; x_wconf 91' lang='lat' dir='ltr'><strong>enim</strong></span> <span class='ocrx_word' id='word_1_68' title='bbox 1057 1371 1158 1428; x_wconf 90' lang='lat' dir='ltr'><strong>tot</strong></span> <span class='ocrx_word' id='word_1_69' title='bbox 1198 1362 1529 1445; x_wconf 75' lang='lat' dir='ltr'><strong>suspiria?</strong></span> <span class='ocrx_word' id='word_1_70' title='bbox 1595 1363 1791 1429; x_wconf 91' lang='lat' dir='ltr'><strong>Unde</strong></span> <span class='ocrx_word' id='word_1_71' title='bbox 1836 1372 1934 1429; x_wconf 88' lang='lat' dir='ltr'><strong>tot</strong></span> <span class='ocrx_word' id='word_1_72' title='bbox 1974 1363 2302 1449; x_wconf 78' lang='lat' dir='ltr'><strong>lacrymae</strong></span> 
     </span>
     <span class='ocr_line' id='line_1_12' title="bbox 345 1448 2301 1532; baseline 0 -18"><span class='ocrx_word' id='word_1_73' title='bbox 345 1450 413 1514; x_wconf 90' lang='lat' dir='ltr'><strong>in</strong></span> <span class='ocrx_word' id='word_1_74' title='bbox 457 1448 688 1515; x_wconf 80' lang='lat' dir='ltr'><strong>vobis?</strong></span> <span class='ocrx_word' id='word_1_75' title='bbox 776 1449 1116 1515; x_wconf 77' lang='lat' dir='ltr'><strong>Avaritiae</strong></span> <span class='ocrx_word' id='word_1_76' title='bbox 1159 1459 1225 1514; x_wconf 91' lang='lat' dir='ltr'><strong>et</strong></span> <span class='ocrx_word' id='word_1_77' title='bbox 1269 1450 1523 1515; x_wconf 90' lang='lat' dir='ltr'><strong>ventris</strong></span> <span class='ocrx_word' id='word_1_78' title='bbox 1564 1450 1910 1532; x_wconf 88' lang='lat' dir='ltr'><strong>mancipia,</strong></span> <span class='ocrx_word' id='word_1_79' title='bbox 1967 1448 2301 1527; x_wconf 92' lang='lat' dir='ltr'><strong>indociles,</strong></span> 
     </span>
     <span class='ocr_line' id='line_1_13' title="bbox 345 1534 2300 1620; baseline 0 -20"><span class='ocrx_word' id='word_1_80' title='bbox 345 1535 551 1611; x_wconf 90' lang='lat' dir='ltr'><strong>otiosi,</strong></span> <span class='ocrx_word' id='word_1_81' title='bbox 618 1534 818 1612; x_wconf 89' lang='lat' dir='ltr'><strong>leves,</strong></span> <span class='ocrx_word' id='word_1_82' title='bbox 884 1535 1246 1614; x_wconf 81' lang='lat' dir='ltr'><strong>temulenti,</strong></span> <span class='ocrx_word' id='word_1_83' title='bbox 1313 1536 1494 1612; x_wconf 87' lang='lat' dir='ltr'><strong>vani,</strong></span> <span class='ocrx_word' id='word_1_84' title='bbox 1562 1535 1829 1620; x_wconf 86' lang='lat' dir='ltr'><strong>garruli,</strong></span> <span class='ocrx_word' id='word_1_85' title='bbox 1896 1556 2300 1614; x_wconf 88' lang='lat' dir='ltr'><strong>susurrones,</strong></span> 
     </span>
     <span class='ocr_line' id='line_1_14' title="bbox 345 1620 2302 1707; baseline -0.002 -20"><span class='ocrx_word' id='word_1_86' title='bbox 345 1620 807 1707; x_wconf 83' lang='lat' dir='ltr'><strong>sycophantae,</strong></span> <span class='ocrx_word' id='word_1_87' title='bbox 865 1621 1095 1699; x_wconf 90' lang='lat' dir='ltr'><strong>invidi,</strong></span> <span class='ocrx_word' id='word_1_88' title='bbox 1154 1620 1343 1687; x_wconf 85' lang='lat' dir='ltr'><strong>facile</strong></span> <span class='ocrx_word' id='word_1_89' title='bbox 1399 1620 1784 1699; x_wconf 88' lang='lat' dir='ltr'><strong>iudicantes,</strong></span> <span class='ocrx_word' id='word_1_90' title='bbox 1842 1620 2302 1686; x_wconf 89' lang='lat' dir='ltr'><strong>immisericor-</strong></span> 
     </span>
     <span class='ocr_line' id='line_1_15' title="bbox 346 1705 2302 1789; baseline -0.001 -17"><span class='ocrx_word' id='word_1_91' title='bbox 346 1706 476 1786; x_wconf 87' lang='lat' dir='ltr'><strong>des,</strong></span> <span class='ocrx_word' id='word_1_92' title='bbox 523 1705 836 1784; x_wconf 87' lang='lat' dir='ltr'><strong>crudeles,</strong></span> <span class='ocrx_word' id='word_1_93' title='bbox 882 1708 1378 1789; x_wconf 87' lang='lat' dir='ltr'><strong>conspiratores,</strong></span> <span class='ocrx_word' id='word_1_94' title='bbox 1437 1705 1665 1772; x_wconf 87' lang='lat' dir='ltr'><strong>stellae</strong></span> <span class='ocrx_word' id='word_1_95' title='bbox 1709 1707 2044 1784; x_wconf 73' lang='lat' dir='ltr'><strong>erraticae,</strong></span> <span class='ocrx_word' id='word_1_96' title='bbox 2089 1706 2302 1771; x_wconf 87' lang='lat' dir='ltr'><strong>fontes</strong></span> 
     </span>
     <span class='ocr_line' id='line_1_16' title="bbox 345 1791 2304 1876; baseline 0 -19"><span class='ocrx_word' id='word_1_97' title='bbox 345 1803 815 1858; x_wconf 84' lang='lat' dir='ltr'><strong>exarescentes.</strong></span> <span class='ocrx_word' id='word_1_98' title='bbox 891 1792 1097 1857; x_wconf 81' lang='lat' dir='ltr'><strong>Faxit</strong></span> <span class='ocrx_word' id='word_1_99' title='bbox 1139 1793 1469 1857; x_wconf 79' lang='lat' dir='ltr'><strong>Dominus</strong></span> <span class='ocrx_word' id='word_1_100' title='bbox 1513 1801 1586 1858; x_wconf 91' lang='lat' dir='ltr'><strong>ut</strong></span> <span class='ocrx_word' id='word_1_101' title='bbox 1631 1791 1711 1857; x_wconf 93' lang='lat' dir='ltr'><strong>ab</strong></span> <span class='ocrx_word' id='word_1_102' title='bbox 1753 1792 1860 1857; x_wconf 84' lang='lat' dir='ltr'><strong>his</strong></span> <span class='ocrx_word' id='word_1_103' title='bbox 1903 1792 2304 1876; x_wconf 84' lang='lat' dir='ltr'><strong>caeterisque</strong></span> 
     </span>
     <span class='ocr_line' id='line_1_17' title="bbox 343 1878 2305 1962; baseline -0.001 -18"><span class='ocrx_word' id='word_1_104' title='bbox 343 1878 626 1945; x_wconf 88' lang='lat' dir='ltr'><strong>inimicis</strong></span> <span class='ocrx_word' id='word_1_105' title='bbox 668 1879 874 1962; x_wconf 87' lang='lat' dir='ltr'><strong>ipsius</strong></span> <span class='ocrx_word' id='word_1_106' title='bbox 897 1886 964 1942; x_wconf 89' lang='lat' dir='ltr'><strong>et</strong></span> <span class='ocrx_word' id='word_1_107' title='bbox 998 1879 1258 1956; x_wconf 88' lang='lat' dir='ltr'><strong>nostris,</strong></span> <span class='ocrx_word' id='word_1_108' title='bbox 1296 1879 1595 1943; x_wconf 90' lang='lat' dir='ltr'><strong>obturato</strong></span> <span class='ocrx_word' id='word_1_109' title='bbox 1619 1899 1731 1943; x_wconf 90' lang='lat' dir='ltr'><strong>ore</strong></span> <span class='ocrx_word' id='word_1_110' title='bbox 1765 1880 2055 1961; x_wconf 88' lang='lat' dir='ltr'><strong>ipsorum</strong></span> <span class='ocrx_word' id='word_1_111' title='bbox 2089 1878 2305 1960; x_wconf 91' lang='lat' dir='ltr'><strong>impu-</strong></span> 
     </span>
     <span class='ocr_line' id='line_1_18' title="bbox 345 1963 2304 2047; baseline -0.001 -17"><span class='ocrx_word' id='word_1_112' title='bbox 345 1964 545 2043; x_wconf 84' lang='lat' dir='ltr'><strong>denti,</strong></span> <span class='ocrx_word' id='word_1_113' title='bbox 601 1966 961 2030; x_wconf 88' lang='lat' dir='ltr'><strong>referamus</strong></span> <span class='ocrx_word' id='word_1_114' title='bbox 1003 1963 1311 2047; x_wconf 88' lang='lat' dir='ltr'><strong>palmam.</strong></span> <span class='ocrx_word' id='word_1_115' title='bbox 1403 1963 1605 2028; x_wconf 84' lang='lat' dir='ltr'><strong>Faxit</strong></span> <span class='ocrx_word' id='word_1_116' title='bbox 1647 1965 1973 2029; x_wconf 88' lang='lat' dir='ltr'><strong>Dominus</strong></span> <span class='ocrx_word' id='word_1_117' title='bbox 2016 1972 2094 2029; x_wconf 87' lang='lat' dir='ltr'><strong>ut</strong></span> <span class='ocrx_word' id='word_1_118' title='bbox 2134 1965 2304 2028; x_wconf 86' lang='lat' dir='ltr'><strong>istae</strong></span> 
     </span>
     <span class='ocr_line' id='line_1_19' title="bbox 343 2049 2301 2134; baseline -0.003 -17"><span class='ocrx_word' id='word_1_119' title='bbox 343 2059 559 2134; x_wconf 87' lang='lat' dir='ltr'><strong>pestes</strong></span> <span class='ocrx_word' id='word_1_120' title='bbox 623 2051 1098 2128; x_wconf 81' lang='lat' dir='ltr'><strong>infestissimae,</strong></span> <span class='ocrx_word' id='word_1_121' title='bbox 1164 2049 1629 2128; x_wconf 77' lang='lat' dir='ltr'><strong>atrocissimae,</strong></span> <span class='ocrx_word' id='word_1_122' title='bbox 1694 2049 2301 2133; x_wconf 81' lang='lat' dir='ltr'><strong>perniciosissimae,</strong></span> 
     </span>
     <span class='ocr_line' id='line_1_20' title="bbox 345 2133 2303 2218; baseline -0.002 -16"><span class='ocrx_word' id='word_1_123' title='bbox 345 2158 415 2203; x_wconf 89' lang='lat' dir='ltr'><strong>se</strong></span> <span class='ocrx_word' id='word_1_124' title='bbox 457 2134 726 2202; x_wconf 83' lang='lat' dir='ltr'><strong>tandem</strong></span> <span class='ocrx_word' id='word_1_125' title='bbox 769 2145 1025 2202; x_wconf 90' lang='lat' dir='ltr'><strong>suomet</strong></span> <span class='ocrx_word' id='word_1_126' title='bbox 1079 2137 1374 2218; x_wconf 83' lang='lat' dir='ltr'><strong>ipsorum</strong></span> <span class='ocrx_word' id='word_1_127' title='bbox 1417 2133 1660 2201; x_wconf 90' lang='lat' dir='ltr'><strong>indicio</strong></span> <span class='ocrx_word' id='word_1_128' title='bbox 1704 2135 2004 2218; x_wconf 85' lang='lat' dir='ltr'><strong>prodant,</strong></span> <span class='ocrx_word' id='word_1_129' title='bbox 2064 2156 2139 2201; x_wconf 91' lang='lat' dir='ltr'><strong>ac</strong></span> <span class='ocrx_word' id='word_1_130' title='bbox 2183 2155 2303 2199; x_wconf 89' lang='lat' dir='ltr'><strong>suo</strong></span> 
     </span>
     <span class='ocr_line' id='line_1_21' title="bbox 344 2220 2304 2307; baseline -0.002 -19"><span class='ocrx_word' id='word_1_131' title='bbox 344 2245 414 2288; x_wconf 87' lang='lat' dir='ltr'><strong>se</strong></span> <span class='ocrx_word' id='word_1_132' title='bbox 479 2222 784 2307; x_wconf 87' lang='lat' dir='ltr'><strong>iugulent</strong></span> <span class='ocrx_word' id='word_1_133' title='bbox 854 2220 1355 2303; x_wconf 86' lang='lat' dir='ltr'><strong>confodiantque</strong></span> <span class='ocrx_word' id='word_1_134' title='bbox 1434 2220 1670 2304; x_wconf 88' lang='lat' dir='ltr'><strong>gladio.</strong></span> <span class='ocrx_word' id='word_1_135' title='bbox 1781 2220 2110 2287; x_wconf 87' lang='lat' dir='ltr'><strong>Dominus</strong></span> <span class='ocrx_word' id='word_1_136' title='bbox 2174 2221 2304 2287; x_wconf 88' lang='lat' dir='ltr'><strong>ista</strong></span> 
     </span>
     <span class='ocr_line' id='line_1_22' title="bbox 344 2305 2305 2390; baseline -0.002 -15"><span class='ocrx_word' id='word_1_137' title='bbox 344 2308 654 2375; x_wconf 84' lang='lat' dir='ltr'><strong>scandala</strong></span> <span class='ocrx_word' id='word_1_138' title='bbox 693 2308 994 2390; x_wconf 91' lang='lat' dir='ltr'><strong>protinus</strong></span> <span class='ocrx_word' id='word_1_139' title='bbox 1038 2306 1338 2372; x_wconf 89' lang='lat' dir='ltr'><strong>eradicet.</strong></span> <span class='ocrx_word' id='word_1_140' title='bbox 1414 2305 1550 2372; x_wconf 82' lang='lat' dir='ltr'><strong>Sed</strong></span> <span class='ocrx_word' id='word_1_141' title='bbox 1586 2309 1840 2372; x_wconf 88' lang='lat' dir='ltr'><strong>utinam</strong></span> <span class='ocrx_word' id='word_1_142' title='bbox 1885 2307 2116 2373; x_wconf 88' lang='lat' dir='ltr'><strong>liceret</strong></span> <span class='ocrx_word' id='word_1_143' title='bbox 2157 2307 2305 2390; x_wconf 88' lang='lat' dir='ltr'><strong>qui-</strong></span> 
     </span>
     <span class='ocr_line' id='line_1_23' title="bbox 344 2391 2304 2477; baseline -0.002 -17"><span class='ocrx_word' id='word_1_144' title='bbox 344 2394 620 2460; x_wconf 84' lang='lat' dir='ltr'><strong>busdam</strong></span> <span class='ocrx_word' id='word_1_145' title='bbox 665 2394 957 2477; x_wconf 88' lang='lat' dir='ltr'><strong>ipsorum</strong></span> <span class='ocrx_word' id='word_1_146' title='bbox 1000 2391 1514 2459; x_wconf 87' lang='lat' dir='ltr'><strong>misericordiam</strong></span> <span class='ocrx_word' id='word_1_147' title='bbox 1555 2393 1843 2476; x_wconf 89' lang='lat' dir='ltr'><strong>adipisci.</strong></span> <span class='ocrx_word' id='word_1_148' title='bbox 1921 2393 2130 2459; x_wconf 89' lang='lat' dir='ltr'><strong>Porro</strong></span> <span class='ocrx_word' id='word_1_149' title='bbox 2169 2411 2304 2458; x_wconf 93' lang='lat' dir='ltr'><strong>non</strong></span> 
     </span>
     <span class='ocr_line' id='line_1_24' title="bbox 343 2478 2302 2563; baseline -0.002 -18"><span class='ocrx_word' id='word_1_150' title='bbox 343 2500 490 2545; x_wconf 88' lang='lat' dir='ltr'><strong>mea</strong></span> <span class='ocrx_word' id='word_1_151' title='bbox 547 2479 662 2544; x_wconf 88' lang='lat' dir='ltr'><strong>sed</strong></span> <span class='ocrx_word' id='word_1_152' title='bbox 716 2478 1043 2563; x_wconf 90' lang='lat' dir='ltr'><strong>evangelii</strong></span> <span class='ocrx_word' id='word_1_153' title='bbox 1097 2500 1297 2545; x_wconf 89' lang='lat' dir='ltr'><strong>causa</strong></span> <span class='ocrx_word' id='word_1_154' title='bbox 1353 2478 1516 2544; x_wconf 88' lang='lat' dir='ltr'><strong>haec</strong></span> <span class='ocrx_word' id='word_1_155' title='bbox 1572 2478 1733 2558; x_wconf 88' lang='lat' dir='ltr'><strong>dico,</strong></span> <span class='ocrx_word' id='word_1_156' title='bbox 1794 2491 1861 2544; x_wconf 91' lang='lat' dir='ltr'><strong>et</strong></span> <span class='ocrx_word' id='word_1_157' title='bbox 1904 2478 2052 2544; x_wconf 89' lang='lat' dir='ltr'><strong>odio</strong></span> <span class='ocrx_word' id='word_1_158' title='bbox 2096 2479 2302 2543; x_wconf 88' lang='lat' dir='ltr'><strong>offen-</strong></span> 
     </span>
     <span class='ocr_line' id='line_1_25' title="bbox 346 2564 2301 2650; baseline -0.001 -20"><span class='ocrx_word' id='word_1_159' title='bbox 346 2565 560 2631; x_wconf 87' lang='lat' dir='ltr'><strong>diculi.</strong></span> <span class='ocrx_word' id='word_1_160' title='bbox 650 2564 878 2648; x_wconf 89' lang='lat' dir='ltr'><strong>Neque</strong></span> <span class='ocrx_word' id='word_1_161' title='bbox 917 2564 1202 2630; x_wconf 87' lang='lat' dir='ltr'><strong>arbitror</strong></span> <span class='ocrx_word' id='word_1_162' title='bbox 1241 2585 1350 2629; x_wconf 89' lang='lat' dir='ltr'><strong>me</strong></span> <span class='ocrx_word' id='word_1_163' title='bbox 1405 2565 1529 2630; x_wconf 81' lang='lat' dir='ltr'><strong>tibi</strong></span> <span class='ocrx_word' id='word_1_164' title='bbox 1581 2565 1743 2631; x_wconf 88' lang='lat' dir='ltr'><strong>adeo</strong></span> <span class='ocrx_word' id='word_1_165' title='bbox 1795 2566 2095 2650; x_wconf 89' lang='lat' dir='ltr'><strong>ignotum</strong></span> <span class='ocrx_word' id='word_1_166' title='bbox 2140 2584 2301 2641; x_wconf 88' lang='lat' dir='ltr'><strong>esse,</strong></span> 
     </span>
     <span class='ocr_line' id='line_1_26' title="bbox 347 2648 2303 2734; baseline -0.001 -17"><span class='ocrx_word' id='word_1_167' title='bbox 347 2659 463 2717; x_wconf 89' lang='lat' dir='ltr'><strong>aut</strong></span> <span class='ocrx_word' id='word_1_168' title='bbox 527 2650 672 2715; x_wconf 89' lang='lat' dir='ltr'><strong>illos</strong></span> <span class='ocrx_word' id='word_1_169' title='bbox 735 2659 961 2716; x_wconf 84' lang='lat' dir='ltr'><strong>tantae</strong></span> <span class='ocrx_word' id='word_1_170' title='bbox 1027 2672 1168 2717; x_wconf 88' lang='lat' dir='ltr'><strong>esse</strong></span> <span class='ocrx_word' id='word_1_171' title='bbox 1221 2648 1399 2734; x_wconf 90' lang='lat' dir='ltr'><strong>apud</strong></span> <span class='ocrx_word' id='word_1_172' title='bbox 1454 2659 1520 2715; x_wconf 91' lang='lat' dir='ltr'><strong>te</strong></span> <span class='ocrx_word' id='word_1_173' title='bbox 1564 2651 1960 2726; x_wconf 82' lang='lat' dir='ltr'><strong>autoritatis,</strong></span> <span class='ocrx_word' id='word_1_174' title='bbox 2019 2660 2095 2715; x_wconf 91' lang='grc' dir='ltr'><strong>ιιι</strong></span> <span class='ocrx_word' id='word_1_175' title='bbox 2142 2649 2303 2733; x_wconf 87' lang='lat' dir='ltr'><strong>ipsis</strong></span> 
     </span>
     <span class='ocr_line' id='line_1_27' title="bbox 345 2735 1071 2802; baseline 0 -1"><span class='ocrx_word' id='word_1_176' title='bbox 345 2736 531 2802; x_wconf 86' lang='lat' dir='ltr'><strong>facile</strong></span> <span class='ocrx_word' id='word_1_177' title='bbox 573 2735 770 2802; x_wconf 91' lang='lat' dir='ltr'><strong>fidem</strong></span> <span class='ocrx_word' id='word_1_178' title='bbox 813 2736 1071 2802; x_wconf 85' lang='lat' dir='ltr'><strong>habeas.</strong></span> 
     </span>
    </p>

    <p class='ocr_par' dir='ltr' id='par_1_3' title="bbox 347 2819 2305 3164">
     <span class='ocr_line' id='line_1_28' title="bbox 515 2819 2305 2900; baseline 0.001 -15"><span class='ocrx_word' id='word_1_179' title='bbox 515 2822 770 2887; x_wconf 88' lang='lat' dir='ltr'><strong>Verum</strong></span> <span class='ocrx_word' id='word_1_180' title='bbox 810 2821 918 2887; x_wconf 87' lang='lat' dir='ltr'><strong>his</strong></span> <span class='ocrx_word' id='word_1_181' title='bbox 959 2822 1220 2887; x_wconf 89' lang='lat' dir='ltr'><strong>omissis</strong></span> <span class='ocrx_word' id='word_1_182' title='bbox 1262 2830 1327 2887; x_wconf 92' lang='lat' dir='ltr'><strong>te</strong></span> <span class='ocrx_word' id='word_1_183' title='bbox 1363 2829 1622 2888; x_wconf 90' lang='lat' dir='ltr'><strong>oratum</strong></span> <span class='ocrx_word' id='word_1_184' title='bbox 1654 2821 1875 2900; x_wconf 88' lang='lat' dir='ltr'><strong>velim,</strong></span> <span class='ocrx_word' id='word_1_185' title='bbox 1920 2841 2073 2886; x_wconf 90' lang='lat' dir='ltr'><strong>eum</strong></span> <span class='ocrx_word' id='word_1_186' title='bbox 2115 2819 2305 2886; x_wconf 86' lang='lat' dir='ltr'><strong>libel-</strong></span> 
     </span>
     <span class='ocr_line' id='line_1_29' title="bbox 348 2906 2304 2991; baseline -0.001 -19"><span class='ocrx_word' id='word_1_187' title='bbox 348 2908 481 2974; x_wconf 87' lang='lat' dir='ltr'><strong>lum</strong></span> <span class='ocrx_word' id='word_1_188' title='bbox 524 2907 991 2974; x_wconf 87' lang='lat' dir='ltr'><strong>excutiendum</strong></span> <span class='ocrx_word' id='word_1_189' title='bbox 1049 2908 1369 2991; x_wconf 86' lang='lat' dir='ltr'><strong>suscipias</strong></span> <span class='ocrx_word' id='word_1_190' title='bbox 1414 2929 1531 2990; x_wconf 89' lang='lat' dir='ltr'><strong>per</strong></span> <span class='ocrx_word' id='word_1_191' title='bbox 1586 2906 1811 2986; x_wconf 90' lang='lat' dir='ltr'><strong>otium,</strong></span> <span class='ocrx_word' id='word_1_192' title='bbox 1873 2927 2066 2989; x_wconf 90' lang='lat' dir='ltr'><strong>quem</strong></span> <span class='ocrx_word' id='word_1_193' title='bbox 2110 2906 2190 2970; x_wconf 85' lang='lat' dir='ltr'><strong>ad</strong></span> <span class='ocrx_word' id='word_1_194' title='bbox 2236 2914 2304 2971; x_wconf 89' lang='lat' dir='ltr'><strong>te</strong></span> 
     </span>
     <span class='ocr_line' id='line_1_30' title="bbox 347 2991 2303 3078; baseline -0.003 -19"><span class='ocrx_word' id='word_1_195' title='bbox 347 2995 562 3073; x_wconf 88' lang='lat' dir='ltr'><strong>mitto,</strong></span> <span class='ocrx_word' id='word_1_196' title='bbox 629 3015 671 3060; x_wconf 89' lang='lat' dir='ltr'><strong>a</strong></span> <span class='ocrx_word' id='word_1_197' title='bbox 725 2996 873 3061; x_wconf 87' lang='lat' dir='ltr'><strong>viro</strong></span> <span class='ocrx_word' id='word_1_198' title='bbox 934 2993 1196 3078; x_wconf 91' lang='lat' dir='ltr'><strong>quidem</strong></span> <span class='ocrx_word' id='word_1_199' title='bbox 1253 2993 1440 3059; x_wconf 92' lang='lat' dir='ltr'><strong>docto</strong></span> <span class='ocrx_word' id='word_1_200' title='bbox 1497 2995 1686 3058; x_wconf 85' lang='lat' dir='ltr'><strong>iuxta</strong></span> <span class='ocrx_word' id='word_1_201' title='bbox 1745 3013 1820 3058; x_wconf 88' lang='lat' dir='ltr'><strong>ac</strong></span> <span class='ocrx_word' id='word_1_202' title='bbox 1881 2993 2020 3075; x_wconf 86' lang='lat' dir='ltr'><strong>pio,</strong></span> <span class='ocrx_word' id='word_1_203' title='bbox 2085 2991 2303 3075; x_wconf 87' lang='lat' dir='ltr'><strong>Eligio</strong></span> 
     </span>
     <span class='ocr_line' id='line_1_31' title="bbox 363 3077 2303 3164; baseline -0.002 -20"><span class='ocrx_word' id='word_1_204' title='bbox 363 3079 651 3164; x_wconf 71' lang='lat' dir='ltr'><strong>Veryerio</strong></span> <span class='ocrx_word' id='word_1_205' title='bbox 677 3078 732 3163; x_wconf 81' lang='lat'><strong>⁸)</strong></span> <span class='ocrx_word' id='word_1_206' title='bbox 777 3079 1167 3145; x_wconf 78' lang='lat' dir='ltr'><strong>Matisconio</strong></span> <span class='ocrx_word' id='word_1_207' title='bbox 1210 3077 1682 3162; x_wconf 85' lang='lat' dir='ltr'><strong>ludimagistro,</strong></span> <span class='ocrx_word' id='word_1_208' title='bbox 1743 3077 2073 3161; x_wconf 90' lang='lat' dir='ltr'><strong>quondam</strong></span> <span class='ocrx_word' id='word_1_209' title='bbox 2117 3098 2303 3160; x_wconf 81' lang='lat' dir='ltr'><strong>prae-</strong></span> 
     </span>
    </p>

    <p class='ocr_par' dir='ltr' id='par_1_4' title="bbox 350 3163 2305 3591">
     <span class='ocr_line' id='line_1_32' title="bbox 463 3163 2302 3247; baseline -0.002 -16"><span class='ocrx_word' id='word_1_210' title='bbox 463 3174 610 3231; x_wconf 90' lang='lat' dir='ltr'><strong>tore</strong></span> <span class='ocrx_word' id='word_1_211' title='bbox 631 3174 856 3231; x_wconf 84' lang='lat' dir='ltr'><strong>nostro</strong></span> <span class='ocrx_word' id='word_1_212' title='bbox 887 3173 1233 3230; x_wconf 87' lang='lat' dir='ltr'><strong>consutum</strong></span> <span class='ocrx_word' id='word_1_213' title='bbox 1269 3185 1353 3228; x_wconf 84' lang='lat' dir='ltr'><strong>ex</strong></span> <span class='ocrx_word' id='word_1_214' title='bbox 1389 3164 1555 3242; x_wconf 87' lang='lat' dir='ltr'><strong>aliis,</strong></span> <span class='ocrx_word' id='word_1_215' title='bbox 1592 3164 1981 3247; x_wconf 86' lang='lat' dir='ltr'><strong>praesertim</strong></span> <span class='ocrx_word' id='word_1_216' title='bbox 2002 3163 2302 3241; x_wconf 85' lang='lat' dir='ltr'><strong>Erasmo,</strong></span> 
     </span>
     <span class='ocr_line' id='line_1_33' title="bbox 350 3187 2305 3333; baseline -0.003 -15"><span class='ocrx_word' id='word_1_217' title='bbox 350 3187 462 3318; x_wconf 55' lang='grc' dir='ltr'><strong>ΞΕ</strong></span> <span class='ocrx_word' id='word_1_218' title='bbox 519 3251 840 3317; x_wconf 89' lang='lat' dir='ltr'><strong>nonnulla</strong></span> <span class='ocrx_word' id='word_1_219' title='bbox 895 3251 1339 3316; x_wconf 89' lang='lat' dir='ltr'><strong>continentem</strong></span> <span class='ocrx_word' id='word_1_220' title='bbox 1396 3270 1562 3333; x_wconf 89' lang='lat' dir='ltr'><strong>quae</strong></span> <span class='ocrx_word' id='word_1_221' title='bbox 1617 3249 1786 3315; x_wconf 88' lang='lat' dir='ltr'><strong>mibi</strong></span> <span class='ocrx_word' id='word_1_222' title='bbox 1830 3271 1869 3314; x_wconf 91' lang='lat' dir='ltr'><strong>a</strong></span> <span class='ocrx_word' id='word_1_223' title='bbox 1911 3270 2071 3314; x_wconf 91' lang='lat' dir='ltr'><strong>vero</strong></span> <span class='ocrx_word' id='word_1_224' title='bbox 2114 3248 2305 3314; x_wconf 89' lang='lat' dir='ltr'><strong>dissi-</strong></span> 
     </span>
     <span class='ocr_line' id='line_1_34' title="bbox 352 3335 2305 3424; baseline -0.001 -22"><span class='ocrx_word' id='word_1_225' title='bbox 352 3336 524 3416; x_wconf 89' lang='lat' dir='ltr'><strong>dent,</strong></span> <span class='ocrx_word' id='word_1_226' title='bbox 561 3357 728 3422; x_wconf 87' lang='lat' dir='ltr'><strong>quae</strong></span> <span class='ocrx_word' id='word_1_227' title='bbox 764 3340 1133 3424; x_wconf 81' lang='lat' dir='ltr'><strong>aegyptiam</strong></span> <span class='ocrx_word' id='word_1_228' title='bbox 1169 3338 1696 3419; x_wconf 85' lang='lat' dir='ltr'><strong>superstitionem</strong></span> <span class='ocrx_word' id='word_1_229' title='bbox 1731 3336 2075 3418; x_wconf 80' lang='lat' dir='ltr'><strong>resipiant.</strong></span> <span class='ocrx_word' id='word_1_230' title='bbox 2139 3335 2305 3400; x_wconf 90' lang='lat' dir='ltr'><strong>Pro·</strong></span> 
     </span>
     <span class='ocr_line' id='line_1_35' title="bbox 351 3421 2304 3507; baseline -0.002 -19"><span class='ocrx_word' id='word_1_231' title='bbox 351 3423 501 3489; x_wconf 87' lang='lat' dir='ltr'><strong>inde</strong></span> <span class='ocrx_word' id='word_1_232' title='bbox 545 3443 624 3489; x_wconf 89' lang='lat' dir='ltr'><strong>eo</strong></span> <span class='ocrx_word' id='word_1_233' title='bbox 670 3424 980 3507; x_wconf 89' lang='lat' dir='ltr'><strong>opusculo</strong></span> <span class='ocrx_word' id='word_1_234' title='bbox 1035 3422 1264 3489; x_wconf 91' lang='lat' dir='ltr'><strong>sedulo</strong></span> <span class='ocrx_word' id='word_1_235' title='bbox 1308 3421 1670 3488; x_wconf 88' lang='lat' dir='ltr'><strong>evolvendo</strong></span> <span class='ocrx_word' id='word_1_236' title='bbox 1714 3422 1985 3488; x_wconf 89' lang='lat' dir='ltr'><strong>seorsim</strong></span> <span class='ocrx_word' id='word_1_237' title='bbox 2029 3428 2304 3485; x_wconf 87' lang='lat' dir='ltr'><strong>annota-</strong></span> 
     </span>
     <span class='ocr_line' id='line_1_36' title="bbox 351 3505 2305 3591; baseline -0.003 -15"><span class='ocrx_word' id='word_1_238' title='bbox 351 3510 450 3576; x_wconf 87' lang='lat' dir='ltr'><strong>bis</strong></span> <span class='ocrx_word' id='word_1_239' title='bbox 505 3510 576 3575; x_wconf 92' lang='lat' dir='ltr'><strong>in</strong></span> <span class='ocrx_word' id='word_1_240' title='bbox 630 3511 863 3576; x_wconf 88' lang='lat' dir='ltr'><strong>charta</strong></span> <span class='ocrx_word' id='word_1_241' title='bbox 917 3517 1137 3574; x_wconf 86' lang='lat' dir='ltr'><strong>errata</strong></span> <span class='ocrx_word' id='word_1_242' title='bbox 1188 3508 1282 3574; x_wconf 91' lang='lat' dir='ltr'><strong>ibi</strong></span> <span class='ocrx_word' id='word_1_243' title='bbox 1339 3505 1799 3573; x_wconf 88' lang='lat' dir='ltr'><strong>animadversa</strong></span> <span class='ocrx_word' id='word_1_244' title='bbox 1853 3527 2020 3589; x_wconf 87' lang='lat' dir='ltr'><strong>quae</strong></span> <span class='ocrx_word' id='word_1_245' title='bbox 2076 3515 2305 3591; x_wconf 88' lang='lat' dir='ltr'><strong>postea</strong></span> 
     </span>
    </p>
   </div>
   <div class='ocr_carea' id='block_1_3' title="bbox 352 3592 2426 3678">
    <p class='ocr_par' dir='ltr' id='par_1_5' title="bbox 352 3592 2426 3678">
     <span class='ocr_line' id='line_1_37' title="bbox 352 3592 2426 3678; baseline -0.002 -16"><span class='ocrx_word' id='word_1_246' title='bbox 352 3597 606 3663; x_wconf 89' lang='lat' dir='ltr'><strong>curabis</strong></span> <span class='ocrx_word' id='word_1_247' title='bbox 650 3595 838 3661; x_wconf 90' lang='lat' dir='ltr'><strong>nobis</strong></span> <span class='ocrx_word' id='word_1_248' title='bbox 880 3594 1282 3678; x_wconf 87' lang='lat' dir='ltr'><strong>perferenda.</strong></span> <span class='ocrx_word' id='word_1_249' title='bbox 1357 3594 1709 3659; x_wconf 83' lang='lat' dir='ltr'><strong>Caeterum</strong></span> <span class='ocrx_word' id='word_1_250' title='bbox 1753 3592 2089 3657; x_wconf 89' lang='lat' dir='ltr'><strong>hominem</strong></span> <span class='ocrx_word' id='word_1_251' title='bbox 2133 3601 2305 3657; x_wconf 90' lang='lat' dir='ltr'><strong>trac-</strong></span> <span class='ocrx_word' id='word_1_252' title='bbox 2421 3628 2426 3632; x_wconf 91' lang='lat'>·</span> 
     </span>
    </p>
   </div>
   <div class='ocr_carea' id='block_1_4' title="bbox 352 3675 2311 4964">
    <p class='ocr_par' dir='ltr' id='par_1_6' title="bbox 352 3675 2307 4276">
     <span class='ocr_line' id='line_1_38' title="bbox 353 3675 2305 3762; baseline -0.003 -15"><span class='ocrx_word' id='word_1_253' title='bbox 353 3681 519 3748; x_wconf 89' lang='lat' dir='ltr'><strong>tabis</strong></span> <span class='ocrx_word' id='word_1_254' title='bbox 587 3694 697 3747; x_wconf 92' lang='lat' dir='ltr'><strong>tuo</strong></span> <span class='ocrx_word' id='word_1_255' title='bbox 760 3702 971 3759; x_wconf 92' lang='lat' dir='ltr'><strong>more,</strong></span> <span class='ocrx_word' id='word_1_256' title='bbox 1037 3680 1162 3745; x_wconf 89' lang='lat' dir='ltr'><strong>hoc</strong></span> <span class='ocrx_word' id='word_1_257' title='bbox 1221 3689 1338 3758; x_wconf 90' lang='lat' dir='ltr'><strong>est,</strong></span> <span class='ocrx_word' id='word_1_258' title='bbox 1405 3699 1524 3762; x_wconf 92' lang='lat' dir='ltr'><strong>per</strong></span> <span class='ocrx_word' id='word_1_259' title='bbox 1588 3679 1962 3756; x_wconf 88' lang='lat' dir='ltr'><strong>caritatem,</strong></span> <span class='ocrx_word' id='word_1_260' title='bbox 2028 3675 2305 3744; x_wconf 81' lang='lat' dir='ltr'><strong>candide</strong></span> 
     </span>
     <span class='ocr_line' id='line_1_39' title="bbox 352 3762 2303 3849; baseline -0.001 -18"><span class='ocrx_word' id='word_1_261' title='bbox 352 3767 589 3833; x_wconf 84' lang='lat' dir='ltr'><strong>leniter</strong></span> <span class='ocrx_word' id='word_1_262' title='bbox 644 3788 719 3833; x_wconf 92' lang='lat' dir='ltr'><strong>ac</strong></span> <span class='ocrx_word' id='word_1_263' title='bbox 762 3777 1132 3842; x_wconf 90' lang='lat' dir='ltr'><strong>mansuete,</strong></span> <span class='ocrx_word' id='word_1_264' title='bbox 1191 3765 1503 3849; x_wconf 90' lang='lat' dir='ltr'><strong>omnique</strong></span> <span class='ocrx_word' id='word_1_265' title='bbox 1560 3765 1855 3830; x_wconf 89' lang='lat' dir='ltr'><strong>convicio</strong></span> <span class='ocrx_word' id='word_1_266' title='bbox 1914 3762 2139 3845; x_wconf 89' lang='lat' dir='ltr'><strong>procul</strong></span> <span class='ocrx_word' id='word_1_267' title='bbox 2199 3784 2303 3829; x_wconf 90' lang='lat' dir='ltr'><strong>re-</strong></span> 
     </span>
     <span class='ocr_line' id='line_1_40' title="bbox 352 3849 2306 3931; baseline -0.002 -14"><span class='ocrx_word' id='word_1_268' title='bbox 352 3861 544 3919; x_wconf 85' lang='lat' dir='ltr'><strong>moto.</strong></span> <span class='ocrx_word' id='word_1_269' title='bbox 632 3854 917 3931; x_wconf 84' lang='lat' dir='ltr'><strong>Etenim,</strong></span> <span class='ocrx_word' id='word_1_270' title='bbox 974 3860 1054 3918; x_wconf 92' lang='grc' dir='ltr'><strong>ιιι</strong></span> <span class='ocrx_word' id='word_1_271' title='bbox 1108 3852 1375 3916; x_wconf 88' lang='lat' dir='ltr'><strong>interim</strong></span> <span class='ocrx_word' id='word_1_272' title='bbox 1431 3859 1684 3916; x_wconf 87' lang='lat' dir='ltr'><strong>taceam</strong></span> <span class='ocrx_word' id='word_1_273' title='bbox 1738 3871 1872 3914; x_wconf 91' lang='lat' dir='ltr'><strong>non</strong></span> <span class='ocrx_word' id='word_1_274' title='bbox 1916 3849 2118 3914; x_wconf 90' lang='lat' dir='ltr'><strong>alium</strong></span> <span class='ocrx_word' id='word_1_275' title='bbox 2162 3869 2306 3914; x_wconf 88' lang='lat' dir='ltr'><strong>esse</strong></span> 
     </span>
     <span class='ocr_line' id='line_1_41' title="bbox 357 3932 2304 4022; baseline -0.003 -18"><span class='ocrx_word' id='word_1_276' title='bbox 357 3940 464 4022; x_wconf 86' lang='lat' dir='ltr'><strong>qui</strong></span> <span class='ocrx_word' id='word_1_277' title='bbox 527 3939 780 4004; x_wconf 88' lang='lat' dir='ltr'><strong>felicius</strong></span> <span class='ocrx_word' id='word_1_278' title='bbox 841 3951 908 4004; x_wconf 91' lang='lat' dir='ltr'><strong>te</strong></span> <span class='ocrx_word' id='word_1_279' title='bbox 973 3959 1108 4003; x_wconf 90' lang='lat' dir='ltr'><strong>uno</strong></span> <span class='ocrx_word' id='word_1_280' title='bbox 1171 3957 1315 4002; x_wconf 90' lang='lat' dir='ltr'><strong>rem</strong></span> <span class='ocrx_word' id='word_1_281' title='bbox 1374 3935 1584 4015; x_wconf 89' lang='lat' dir='ltr'><strong>obeat,</strong></span> <span class='ocrx_word' id='word_1_282' title='bbox 1652 3943 1974 4020; x_wconf 83' lang='lat' dir='ltr'><strong>quantum</strong></span> <span class='ocrx_word' id='word_1_283' title='bbox 2030 3932 2304 4011; x_wconf 89' lang='lat' dir='ltr'><strong>confido,</strong></span> 
     </span>
     <span class='ocr_line' id='line_1_42' title="bbox 358 4020 2304 4108; baseline -0.005 -17"><span class='ocrx_word' id='word_1_284' title='bbox 358 4025 647 4108; x_wconf 85' lang='lat' dir='ltr'><strong>aequiori</strong></span> <span class='ocrx_word' id='word_1_285' title='bbox 704 4025 923 4090; x_wconf 87' lang='lat' dir='ltr'><strong>animo</strong></span> <span class='ocrx_word' id='word_1_286' title='bbox 976 4025 1143 4089; x_wconf 88' lang='lat' dir='ltr'><strong>feret</strong></span> <span class='ocrx_word' id='word_1_287' title='bbox 1202 4023 1317 4089; x_wconf 89' lang='lat' dir='ltr'><strong>abs</strong></span> <span class='ocrx_word' id='word_1_288' title='bbox 1376 4032 1440 4088; x_wconf 91' lang='lat' dir='ltr'><strong>te</strong></span> <span class='ocrx_word' id='word_1_289' title='bbox 1495 4044 1567 4088; x_wconf 91' lang='lat' dir='ltr'><strong>se</strong></span> <span class='ocrx_word' id='word_1_290' title='bbox 1612 4021 1951 4087; x_wconf 88' lang='lat' dir='ltr'><strong>admoneri</strong></span> <span class='ocrx_word' id='word_1_291' title='bbox 1993 4029 2060 4085; x_wconf 91' lang='lat' dir='ltr'><strong>et</strong></span> <span class='ocrx_word' id='word_1_292' title='bbox 2098 4020 2304 4104; x_wconf 89' lang='lat' dir='ltr'><strong>argui,</strong></span> 
     </span>
     <span class='ocr_line' id='line_1_43' title="bbox 361 4108 2307 4193; baseline -0.004 -17"><span class='ocrx_word' id='word_1_293' title='bbox 361 4131 556 4193; x_wconf 87' lang='lat' dir='ltr'><strong>quum</strong></span> <span class='ocrx_word' id='word_1_294' title='bbox 598 4119 664 4176; x_wconf 88' lang='lat' dir='ltr'><strong>te</strong></span> <span class='ocrx_word' id='word_1_295' title='bbox 707 4111 920 4193; x_wconf 88' lang='lat' dir='ltr'><strong>magis</strong></span> <span class='ocrx_word' id='word_1_296' title='bbox 959 4110 1291 4192; x_wconf 89' lang='lat' dir='ltr'><strong>suspiciat,</strong></span> <span class='ocrx_word' id='word_1_297' title='bbox 1336 4108 1534 4191; x_wconf 90' lang='lat' dir='ltr'><strong>idque</strong></span> <span class='ocrx_word' id='word_1_298' title='bbox 1567 4108 1822 4187; x_wconf 87' lang='lat' dir='ltr'><strong>meritc,</strong></span> <span class='ocrx_word' id='word_1_299' title='bbox 1866 4127 2065 4190; x_wconf 92' lang='lat' dir='ltr'><strong>quam</strong></span> <span class='ocrx_word' id='word_1_300' title='bbox 2109 4125 2150 4171; x_wconf 90' lang='lat' dir='ltr'><strong>a</strong></span> <span class='ocrx_word' id='word_1_301' title='bbox 2190 4125 2307 4169; x_wconf 92' lang='lat' dir='ltr'><strong>no-</strong></span> 
     </span>
     <span class='ocr_line' id='line_1_44' title="bbox 356 4194 1809 4276; baseline -0.003 -14"><span class='ocrx_word' id='word_1_302' title='bbox 356 4196 472 4276; x_wconf 86' lang='lat' dir='ltr'><strong>bis,</strong></span> <span class='ocrx_word' id='word_1_303' title='bbox 517 4198 705 4263; x_wconf 87' lang='lat' dir='ltr'><strong>cuius</strong></span> <span class='ocrx_word' id='word_1_304' title='bbox 749 4195 997 4262; x_wconf 89' lang='lat' dir='ltr'><strong>ferulae</strong></span> <span class='ocrx_word' id='word_1_305' title='bbox 1039 4215 1313 4264; x_wconf 86' lang='lat' dir='ltr'><strong>manum</strong></span> <span class='ocrx_word' id='word_1_306' title='bbox 1355 4194 1809 4260; x_wconf 83' lang='lat' dir='ltr'><strong>subduximus.</strong></span> 
     </span>
    </p>

    <p class='ocr_par' dir='ltr' id='par_1_7' title="bbox 359 4277 2311 4964">
     <span class='ocr_line' id='line_1_45' title="bbox 525 4277 2310 4362; baseline -0.003 -16"><span class='ocrx_word' id='word_1_307' title='bbox 525 4283 630 4347; x_wconf 92' lang='lat' dir='ltr'><strong>De</strong></span> <span class='ocrx_word' id='word_1_308' title='bbox 694 4281 892 4347; x_wconf 89' lang='lat' dir='ltr'><strong>rebus</strong></span> <span class='ocrx_word' id='word_1_309' title='bbox 956 4281 1220 4359; x_wconf 88' lang='lat' dir='ltr'><strong>nostris,</strong></span> <span class='ocrx_word' id='word_1_310' title='bbox 1285 4288 1354 4345; x_wconf 90' lang='lat' dir='ltr'><strong>et</strong></span> <span class='ocrx_word' id='word_1_311' title='bbox 1410 4282 1466 4346; x_wconf 92' lang='lat' dir='ltr'><strong>si</strong></span> <span class='ocrx_word' id='word_1_312' title='bbox 1524 4279 1682 4362; x_wconf 88' lang='lat' dir='ltr'><strong>quid</strong></span> <span class='ocrx_word' id='word_1_313' title='bbox 1735 4279 1844 4344; x_wconf 88' lang='lat' dir='ltr'><strong>hic</strong></span> <span class='ocrx_word' id='word_1_314' title='bbox 1902 4279 2044 4355; x_wconf 89' lang='lat' dir='ltr'><strong>siet,</strong></span> <span class='ocrx_word' id='word_1_315' title='bbox 2111 4277 2310 4341; x_wconf 88' lang='lat' dir='ltr'><strong>latius</strong></span> 
     </span>
     <span class='ocr_line' id='line_1_46' title="bbox 360 4366 2309 4442; baseline -0.003 -10"><span class='ocrx_word' id='word_1_316' title='bbox 360 4366 561 4435; x_wconf 84' lang='lat' dir='ltr'><strong>disces</strong></span> <span class='ocrx_word' id='word_1_317' title='bbox 602 4389 643 4433; x_wconf 90' lang='lat' dir='ltr'><strong>a</strong></span> <span class='ocrx_word' id='word_1_318' title='bbox 680 4377 904 4433; x_wconf 87' lang='lat' dir='ltr'><strong>nostro</strong></span> <span class='ocrx_word' id='word_1_319' title='bbox 946 4367 1072 4432; x_wconf 93' lang='lat' dir='ltr'><strong>hoc</strong></span> <span class='ocrx_word' id='word_1_320' title='bbox 1115 4366 1471 4432; x_wconf 88' lang='lat' dir='ltr'><strong>tabellario.</strong></span> <span class='ocrx_word' id='word_1_321' title='bbox 1539 4366 1729 4432; x_wconf 82' lang='lat' dir='ltr'><strong>Uxor</strong></span> <span class='ocrx_word' id='word_1_322' title='bbox 1770 4384 1938 4442; x_wconf 91' lang='lat' dir='ltr'><strong>mea,</strong></span> <span class='ocrx_word' id='word_1_323' title='bbox 1984 4384 2118 4428; x_wconf 88' lang='lat' dir='ltr'><strong>una</strong></span> <span class='ocrx_word' id='word_1_324' title='bbox 2159 4382 2309 4427; x_wconf 91' lang='lat' dir='ltr'><strong>cum</strong></span> 
     </span>
     <span class='ocr_line' id='line_1_47' title="bbox 360 4447 2307 4537; baseline -0.004 -17"><span class='ocrx_word' id='word_1_325' title='bbox 360 4461 491 4520; x_wconf 85' lang='lat' dir='ltr'><strong>tota</strong></span> <span class='ocrx_word' id='word_1_326' title='bbox 532 4454 781 4519; x_wconf 88' lang='lat' dir='ltr'><strong>familia</strong></span> <span class='ocrx_word' id='word_1_327' title='bbox 820 4473 939 4537; x_wconf 91' lang='lat' dir='ltr'><strong>per</strong></span> <span class='ocrx_word' id='word_1_328' title='bbox 981 4453 1276 4519; x_wconf 90' lang='lat' dir='ltr'><strong>divinam</strong></span> <span class='ocrx_word' id='word_1_329' title='bbox 1321 4452 1796 4535; x_wconf 83' lang='lat' dir='ltr'><strong>benignitatem</strong></span> <span class='ocrx_word' id='word_1_330' title='bbox 1840 4458 2017 4515; x_wconf 89' lang='lat' dir='ltr'><strong>recte</strong></span> <span class='ocrx_word' id='word_1_331' title='bbox 2063 4447 2307 4526; x_wconf 85' lang='lat' dir='ltr'><strong>valens,</strong></span> 
     </span>
     <span class='ocr_line' id='line_1_48' title="bbox 359 4534 2307 4619; baseline -0.005 -13"><span class='ocrx_word' id='word_1_332' title='bbox 359 4548 420 4605; x_wconf 88' lang='lat' dir='ltr'><strong>te</strong></span> <span class='ocrx_word' id='word_1_333' title='bbox 471 4550 538 4606; x_wconf 90' lang='lat' dir='ltr'><strong>et</strong></span> <span class='ocrx_word' id='word_1_334' title='bbox 587 4552 794 4619; x_wconf 86' lang='lat' dir='ltr'><strong>tuam,</strong></span> <span class='ocrx_word' id='word_1_335' title='bbox 859 4540 1051 4604; x_wconf 88' lang='lat' dir='ltr'><strong>amici</strong></span> <span class='ocrx_word' id='word_1_336' title='bbox 1096 4548 1161 4604; x_wconf 90' lang='lat' dir='ltr'><strong>te</strong></span> <span class='ocrx_word' id='word_1_337' title='bbox 1204 4537 1516 4604; x_wconf 87' lang='lat' dir='ltr'><strong>salutant.</strong></span> <span class='ocrx_word' id='word_1_338' title='bbox 1604 4534 1989 4603; x_wconf 80' lang='lat' dir='ltr'><strong>Secundum</strong></span> <span class='ocrx_word' id='word_1_339' title='bbox 2030 4554 2307 4598; x_wconf 82' lang='lat' dir='ltr'><strong>uxorem</strong></span> 
     </span>
     <span class='ocr_line' id='line_1_49' title="bbox 363 4619 2306 4706; baseline -0.004 -16"><span class='ocrx_word' id='word_1_340' title='bbox 363 4635 553 4706; x_wconf 84' lang='lat' dir='ltr'><strong>tuam,</strong></span> <span class='ocrx_word' id='word_1_341' title='bbox 614 4627 718 4690; x_wconf 89' lang='lat' dir='ltr'><strong>cui</strong></span> <span class='ocrx_word' id='word_1_342' title='bbox 762 4625 986 4691; x_wconf 89' lang='lat' dir='ltr'><strong>omnia</strong></span> <span class='ocrx_word' id='word_1_343' title='bbox 1029 4625 1199 4690; x_wconf 87' lang='lat' dir='ltr'><strong>bona</strong></span> <span class='ocrx_word' id='word_1_344' title='bbox 1238 4643 1482 4706; x_wconf 87' lang='lat' dir='ltr'><strong>precor,</strong></span> <span class='ocrx_word' id='word_1_345' title='bbox 1543 4623 1727 4688; x_wconf 90' lang='lat' dir='ltr'><strong>cuius</strong></span> <span class='ocrx_word' id='word_1_346' title='bbox 1785 4619 2306 4686; x_wconf 88' lang='lat' dir='ltr'><strong>incolumitatem</strong></span> 
     </span>
     <span class='ocr_line' id='line_1_50' title="bbox 365 4704 2311 4796; baseline -0.006 -18"><span class='ocrx_word' id='word_1_347' title='bbox 365 4719 696 4796; x_wconf 82' lang='lat' dir='ltr'><strong>tantopere</strong></span> <span class='ocrx_word' id='word_1_348' title='bbox 751 4713 930 4790; x_wconf 90' lang='lat' dir='ltr'><strong>sitio,</strong></span> <span class='ocrx_word' id='word_1_349' title='bbox 990 4709 1243 4776; x_wconf 89' lang='lat' dir='ltr'><strong>salvere</strong></span> <span class='ocrx_word' id='word_1_350' title='bbox 1297 4709 1552 4775; x_wconf 88' lang='lat' dir='ltr'><strong>iubebis</strong></span> <span class='ocrx_word' id='word_1_351' title='bbox 1611 4728 1757 4773; x_wconf 89' lang='lat' dir='ltr'><strong>meo</strong></span> <span class='ocrx_word' id='word_1_352' title='bbox 1811 4705 2076 4771; x_wconf 88' lang='lat' dir='ltr'><strong>nomine</strong></span> <span class='ocrx_word' id='word_1_353' title='bbox 2117 4704 2311 4768; x_wconf 90' lang='lat' dir='ltr'><strong>illum</strong></span> 
     </span>
     <span class='ocr_line' id='line_1_51' title="bbox 366 4788 2309 4880; baseline -0.005 -17"><span class='ocrx_word' id='word_1_354' title='bbox 366 4800 675 4880; x_wconf 88' lang='lat' dir='ltr'><strong>optimum</strong></span> <span class='ocrx_word' id='word_1_355' title='bbox 729 4797 946 4863; x_wconf 89' lang='lat' dir='ltr'><strong>virum</strong></span> <span class='ocrx_word' id='word_1_356' title='bbox 990 4817 1031 4861; x_wconf 89' lang='lat' dir='ltr'><strong>a</strong></span> <span class='ocrx_word' id='word_1_357' title='bbox 1081 4794 1265 4880; x_wconf 86' lang='lat' dir='ltr'><strong>vobis</strong></span> <span class='ocrx_word' id='word_1_358' title='bbox 1317 4814 1532 4878; x_wconf 90' lang='lat' dir='ltr'><strong>nuper</strong></span> <span class='ocrx_word' id='word_1_359' title='bbox 1572 4802 1928 4877; x_wconf 90' lang='lat' dir='ltr'><strong>receptum,</strong></span> <span class='ocrx_word' id='word_1_360' title='bbox 1983 4792 2142 4855; x_wconf 87' lang='lat' dir='ltr'><strong>item</strong></span> <span class='ocrx_word' id='word_1_361' title='bbox 2187 4788 2309 4855; x_wconf 82' lang='lat' dir='ltr'><strong>Se-</strong></span> 
     </span>
     <span class='ocr_line' id='line_1_52' title="bbox 367 4874 2311 4964; baseline -0.004 -16"><span class='ocrx_word' id='word_1_362' title='bbox 367 4882 730 4950; x_wconf 85' lang='lat' dir='ltr'><strong>bastianum</strong></span> <span class='ocrx_word' id='word_1_363' title='bbox 771 4881 1207 4959; x_wconf 64' lang='lat' dir='ltr'><strong>Oct-stabim,</strong></span> <span class='ocrx_word' id='word_1_364' title='bbox 1232 4881 1292 4964; x_wconf 84' lang='lat'><strong>⁴)</strong></span> <span class='ocrx_word' id='word_1_365' title='bbox 1336 4877 1833 4961; x_wconf 69' lang='lat' dir='ltr'><strong>champerezzmn</strong></span> <span class='ocrx_word' id='word_1_366' title='bbox 1868 4885 1988 4943; x_wconf 89' lang='lat' dir='ltr'><strong>etc.</strong></span> <span class='ocrx_word' id='word_1_367' title='bbox 2046 4874 2311 4941; x_wconf 84' lang='lat' dir='ltr'><strong>Vestris</strong></span> 
     </span>
    </p>
   </div>
   <div class='ocr_carea' id='block_1_5' title="bbox 699 5005 758 5014">
    <p class='ocr_par' dir='ltr' id='par_1_8' title="bbox 699 5005 758 5014">
     <span class='ocr_line' id='line_1_53' title="bbox 699 5005 758 5014; baseline 0 0"><span class='ocrx_word' id='word_1_368' title='bbox 699 5005 758 5014; x_wconf 63' lang='lat'><strong>-4</strong></span> 
     </span>
    </p>
   </div>
   <div class='ocr_carea' id='block_1_6' title="bbox 369 5005 690 5015">
    <p class='ocr_par' dir='ltr' id='par_1_9' title="bbox 369 5005 690 5015">
     <span class='ocr_line' id='line_1_54' title="bbox 369 5005 690 5015; baseline 0 1152"><span class='ocrx_word' id='word_1_369' title='bbox 369 5005 690 5015; x_wconf 95' lang='lat' dir='ltr'><strong> </strong></span> 
     </span>
    </p>
   </div>
   <div class='ocr_carea' id='block_1_7' title="bbox 373 5045 2313 5340">
    <p class='ocr_par' dir='ltr' id='par_1_10' title="bbox 373 5045 2313 5340">
     <span class='ocr_line' id='line_1_55' title="bbox 561 5045 2313 5137; baseline 0.001 -38"><span class='ocrx_word' id='word_1_370' title='bbox 561 5057 619 5117; x_wconf 75' lang='lat'><strong>3)</strong></span> <span class='ocrx_word' id='word_1_371' title='bbox 652 5051 910 5137; x_wconf 39' lang='lat' dir='ltr'><strong>,Ver-W?</strong></span> <span class='ocrx_word' id='word_1_372' title='bbox 947 5049 1304 5132; x_wconf 55' lang='lat' dir='ltr'><strong>&amp;perfia-3</strong></span> <span class='ocrx_word' id='word_1_373' title='bbox 1340 5050 1429 5132; x_wconf 71' lang='lat' dir='ltr'><strong>De</strong></span> <span class='ocrx_word' id='word_1_374' title='bbox 1454 5048 1810 5131; x_wconf 34' lang='lat' dir='ltr'><strong>maus-libro,</strong></span> <span class='ocrx_word' id='word_1_375' title='bbox 1847 5045 2313 5117; x_wconf 68' lang='lat' dir='ltr'><strong>qumtheoloyici</strong></span> 
     </span>
     <span class='ocr_line' id='line_1_56' title="bbox 373 5119 2312 5202; baseline -0.001 -31"><span class='ocrx_word' id='word_1_376' title='bbox 373 5127 664 5202; x_wconf 55' lang='lat' dir='ltr'><strong>argumenti</strong></span> <span class='ocrx_word' id='word_1_377' title='bbox 695 5122 871 5188; x_wconf 76' lang='lat' dir='ltr'><strong>fmsse</strong></span> <span class='ocrx_word' id='word_1_378' title='bbox 907 5136 1274 5190; x_wconf 69' lang='lat' dir='ltr'><strong>mmmmm,</strong></span> <span class='ocrx_word' id='word_1_379' title='bbox 1319 5120 1465 5174; x_wconf 64' lang='lat' dir='ltr'><strong>new</strong></span> <span class='ocrx_word' id='word_1_380' title='bbox 1498 5125 1632 5173; x_wconf 59' lang='lat' dir='ltr'><strong>cort*</strong></span> <span class='ocrx_word' id='word_1_381' title='bbox 1676 5119 1957 5185; x_wconf 68' lang='lat' dir='ltr'><strong>habemus,</strong></span> <span class='ocrx_word' id='word_1_382' title='bbox 2008 5131 2183 5185; x_wconf 69' lang='lat' dir='ltr'><strong>neque</strong></span> <span class='ocrx_word' id='word_1_383' title='bbox 2233 5132 2312 5169; x_wconf 74' lang='lat' dir='ltr'><strong>an</strong></span> 
     </span>
     <span class='ocr_line' id='line_1_57' title="bbox 373 5190 2311 5340; baseline -0.003 -27"><span class='ocrx_word' id='word_1_384' title='bbox 373 5190 622 5340; x_wconf 53' lang='lat' dir='ltr'><strong>Q4)</strong></span> <span class='ocrx_word' id='word_1_385' title='bbox 666 5206 1276 5329; x_wconf 51' lang='lat' dir='ltr'><strong>Tmopularm</strong></span> <span class='ocrx_word' id='word_1_386' title='bbox 1309 5274 1378 5313; x_wconf 73' lang='lat' dir='ltr'><strong>ex</strong></span> <span class='ocrx_word' id='word_1_387' title='bbox 1421 5257 1606 5312; x_wconf 72' lang='lat' dir='ltr'><strong>eodem</strong></span> <span class='ocrx_word' id='word_1_388' title='bbox 1652 5256 1913 5311; x_wconf 68' lang='lat' dir='ltr'><strong>comitatu</strong></span> <span class='ocrx_word' id='word_1_389' title='bbox 1961 5255 2047 5324; x_wconf 72' lang='lat' dir='ltr'><strong>(la</strong></span> <span class='ocrx_word' id='word_1_390' title='bbox 2082 5254 2311 5322; x_wconf 70' lang='lat' dir='ltr'><strong>Breue)</strong></span> 
     </span>
    </p>
   </div>
   <div class='ocr_carea' id='block_1_8' title="bbox 2029 403 2637 470">
    <p class='ocr_par' dir='ltr' id='par_1_11' title="bbox 2029 403 2637 470">
     <span class='ocr_line' id='line_1_58' title="bbox 2029 403 2637 470; baseline 0.003 -3"><span class='ocrx_word' id='word_1_391' title='bbox 2029 407 2191 468; x_wconf 83' lang='lat'>1542</span> <span class='ocrx_word' id='word_1_392' title='bbox 2228 403 2637 470; x_wconf 73' lang='lat' dir='ltr'><strong>DEGEMB.</strong></span> 
     </span>
    </p>
   </div>
   <div class='ocr_carea' id='block_1_9' title="bbox 2341 595 2378 5363">
    <p class='ocr_par' dir='ltr' id='par_1_12' title="bbox 2341 595 2378 5363">
     <span class='ocr_line' id='line_1_59' title="bbox 2341 595 2378 5363; baseline 0 0"><span class='ocrx_word' id='word_1_393' title='bbox 2341 595 2378 5363; x_wconf 95' lang='lat' dir='ltr'><strong> </strong></span> 
     </span>
    </p>
   </div>
   <div class='ocr_carea' id='block_1_10' title="bbox 4235 417 4362 479">
    <p class='ocr_par' dir='ltr' id='par_1_13' title="bbox 4235 417 4362 479">
     <span class='ocr_line' id='line_1_60' title="bbox 4235 417 4362 479; baseline 0.016 -3"><span class='ocrx_word' id='word_1_394' title='bbox 4235 417 4362 479; x_wconf 82' lang='lat'><strong>478</strong></span> 
     </span>
    </p>
   </div>
   <div class='ocr_carea' id='block_1_11' title="bbox 2401 593 4401 2290">
    <p class='ocr_par' dir='ltr' id='par_1_14' title="bbox 2401 593 4401 2290">
     <span class='ocr_line' id='line_1_61' title="bbox 2404 593 4362 681; baseline 0.007 -25"><span class='ocrx_word' id='word_1_395' title='bbox 2404 593 2705 657; x_wconf 92' lang='lat' dir='ltr'><strong>omnium</strong></span> <span class='ocrx_word' id='word_1_396' title='bbox 2770 594 3076 677; x_wconf 86' lang='lat' dir='ltr'><strong>precibus</strong></span> <span class='ocrx_word' id='word_1_397' title='bbox 3141 615 3261 659; x_wconf 89' lang='lat' dir='ltr'><strong>nos</strong></span> <span class='ocrx_word' id='word_1_398' title='bbox 3326 595 3878 663; x_wconf 90' lang='lat' dir='ltr'><strong>commendamus.</strong></span> <span class='ocrx_word' id='word_1_399' title='bbox 3970 596 4108 664; x_wconf 82' lang='lat' dir='ltr'><strong>Sed</strong></span> <span class='ocrx_word' id='word_1_400' title='bbox 4172 609 4264 681; x_wconf 91' lang='lat' dir='ltr'><strong>tu,</strong></span> <span class='ocrx_word' id='word_1_401' title='bbox 4323 624 4362 669; x_wconf 96' lang='lat' dir='ltr'><strong>o</strong></span> 
     </span>
     <span class='ocr_line' id='line_1_62' title="bbox 2404 678 4363 767; baseline 0.005 -24"><span class='ocrx_word' id='word_1_402' title='bbox 2404 678 2911 744; x_wconf 89' lang='lat' dir='ltr'><strong>clementissime</strong></span> <span class='ocrx_word' id='word_1_403' title='bbox 2953 688 3159 762; x_wconf 86' lang='lat' dir='ltr'><strong>pater,</strong></span> <span class='ocrx_word' id='word_1_404' title='bbox 3204 679 3289 745; x_wconf 87' lang='lat' dir='ltr'><strong>da</strong></span> <span class='ocrx_word' id='word_1_405' title='bbox 3327 680 3481 746; x_wconf 87' lang='lat' dir='ltr'><strong>filiis</strong></span> <span class='ocrx_word' id='word_1_406' title='bbox 3514 681 3647 746; x_wconf 81' lang='lat' dir='ltr'><strong>tuis</strong></span> <span class='ocrx_word' id='word_1_407' title='bbox 3690 690 3765 746; x_wconf 91' lang='lat' dir='ltr'><strong>ut</strong></span> <span class='ocrx_word' id='word_1_408' title='bbox 3804 684 4057 767; x_wconf 91' lang='lat' dir='ltr'><strong>corpori</strong></span> <span class='ocrx_word' id='word_1_409' title='bbox 4097 685 4219 751; x_wconf 91' lang='lat' dir='ltr'><strong>filii</strong></span> <span class='ocrx_word' id='word_1_410' title='bbox 4262 689 4363 752; x_wconf 90' lang='lat' dir='ltr'><strong>tui</strong></span> 
     </span>
     <span class='ocr_line' id='line_1_63' title="bbox 2401 764 4362 852; baseline 0.004 -23"><span class='ocrx_word' id='word_1_411' title='bbox 2401 764 2731 847; x_wconf 87' lang='lat' dir='ltr'><strong>unigeniti</strong></span> <span class='ocrx_word' id='word_1_412' title='bbox 2785 766 2937 831; x_wconf 89' lang='lat' dir='ltr'><strong>Iesu</strong></span> <span class='ocrx_word' id='word_1_413' title='bbox 2997 765 3198 830; x_wconf 87' lang='lat' dir='ltr'><strong>semel</strong></span> <span class='ocrx_word' id='word_1_414' title='bbox 3254 766 3439 831; x_wconf 89' lang='lat' dir='ltr'><strong>insiti</strong></span> <span class='ocrx_word' id='word_1_415' title='bbox 3498 787 3924 852; x_wconf 88' lang='lat' dir='ltr'><strong>augescamus</strong></span> <span class='ocrx_word' id='word_1_416' title='bbox 3980 770 4062 834; x_wconf 92' lang='lat' dir='ltr'><strong>ad</strong></span> <span class='ocrx_word' id='word_1_417' title='bbox 4117 772 4362 838; x_wconf 90' lang='lat' dir='ltr'><strong>iustam</strong></span> 
     </span>
     <span class='ocr_line' id='line_1_64' title="bbox 2401 850 4362 934; baseline 0.005 -20"><span class='ocrx_word' id='word_1_418' title='bbox 2401 850 2612 933; x_wconf 89' lang='lat' dir='ltr'><strong>ipsius</strong></span> <span class='ocrx_word' id='word_1_419' title='bbox 2632 850 3174 934; x_wconf 83' lang='lat' dir='ltr'><strong>magnitudinem,</strong></span> <span class='ocrx_word' id='word_1_420' title='bbox 3214 851 3297 916; x_wconf 88' lang='lat' dir='ltr'><strong>da</strong></span> <span class='ocrx_word' id='word_1_421' title='bbox 3331 861 3407 917; x_wconf 92' lang='lat' dir='ltr'><strong>ut</strong></span> <span class='ocrx_word' id='word_1_422' title='bbox 3440 850 3850 920; x_wconf 87' lang='lat' dir='ltr'><strong>adversarios</strong></span> <span class='ocrx_word' id='word_1_423' title='bbox 3873 864 4131 923; x_wconf 89' lang='lat' dir='ltr'><strong>nostros</strong></span> <span class='ocrx_word' id='word_1_424' title='bbox 4165 858 4362 924; x_wconf 91' lang='lat' dir='ltr'><strong>bene-</strong></span> 
     </span>
     <span class='ocr_line' id='line_1_65' title="bbox 2401 936 4363 1023; baseline 0.004 -22"><span class='ocrx_word' id='word_1_425' title='bbox 2401 936 2591 1001; x_wconf 86' lang='lat' dir='ltr'><strong>factis</strong></span> <span class='ocrx_word' id='word_1_426' title='bbox 2636 956 2945 1019; x_wconf 88' lang='lat' dir='ltr'><strong>superare</strong></span> <span class='ocrx_word' id='word_1_427' title='bbox 2987 945 3317 1016; x_wconf 88' lang='lat' dir='ltr'><strong>conantes,</strong></span> <span class='ocrx_word' id='word_1_428' title='bbox 3374 959 3652 1021; x_wconf 90' lang='lat' dir='ltr'><strong>quorum</strong></span> <span class='ocrx_word' id='word_1_429' title='bbox 3708 939 4094 1023; x_wconf 88' lang='lat' dir='ltr'><strong>improbitas</strong></span> <span class='ocrx_word' id='word_1_430' title='bbox 4136 951 4204 1007; x_wconf 88' lang='lat' dir='ltr'><strong>et</strong></span> <span class='ocrx_word' id='word_1_431' title='bbox 4243 965 4363 1008; x_wconf 88' lang='lat' dir='ltr'><strong>ne-</strong></span> 
     </span>
     <span class='ocr_line' id='line_1_66' title="bbox 2404 1023 4362 1110; baseline 0.005 -25"><span class='ocrx_word' id='word_1_432' title='bbox 2404 1023 2610 1104; x_wconf 88' lang='lat' dir='ltr'><strong>quitia</strong></span> <span class='ocrx_word' id='word_1_433' title='bbox 2667 1042 2785 1104; x_wconf 91' lang='lat' dir='ltr'><strong>per</strong></span> <span class='ocrx_word' id='word_1_434' title='bbox 2836 1032 3019 1087; x_wconf 87' lang='lat' dir='ltr'><strong>tuam</strong></span> <span class='ocrx_word' id='word_1_435' title='bbox 3073 1023 3555 1106; x_wconf 88' lang='lat' dir='ltr'><strong>providentiam</strong></span> <span class='ocrx_word' id='word_1_436' title='bbox 3610 1046 3732 1090; x_wconf 93' lang='lat' dir='ltr'><strong>nos</strong></span> <span class='ocrx_word' id='word_1_437' title='bbox 3784 1035 4047 1093; x_wconf 87' lang='lat' dir='ltr'><strong>exercet</strong></span> <span class='ocrx_word' id='word_1_438' title='bbox 4103 1035 4172 1093; x_wconf 91' lang='lat' dir='ltr'><strong>et</strong></span> <span class='ocrx_word' id='word_1_439' title='bbox 4210 1048 4362 1110; x_wconf 90' lang='lat' dir='ltr'><strong>pro·</strong></span> 
     </span>
     <span class='ocr_line' id='line_1_67' title="bbox 2402 1106 4364 1186; baseline 0.004 -15"><span class='ocrx_word' id='word_1_440' title='bbox 2402 1106 2589 1172; x_wconf 88' lang='lat' dir='ltr'><strong>batos</strong></span> <span class='ocrx_word' id='word_1_441' title='bbox 2635 1107 2871 1186; x_wconf 90' lang='lat' dir='ltr'><strong>reddit,</strong></span> <span class='ocrx_word' id='word_1_442' title='bbox 2930 1129 3279 1174; x_wconf 88' lang='lat' dir='ltr'><strong>aerumnas</strong></span> <span class='ocrx_word' id='word_1_443' title='bbox 3337 1110 3533 1175; x_wconf 89' lang='lat' dir='ltr'><strong>huius</strong></span> <span class='ocrx_word' id='word_1_444' title='bbox 3587 1112 3759 1176; x_wconf 89' lang='lat' dir='ltr'><strong>vitae</strong></span> <span class='ocrx_word' id='word_1_445' title='bbox 3815 1113 3886 1176; x_wconf 88' lang='lat' dir='ltr'><strong>in</strong></span> <span class='ocrx_word' id='word_1_446' title='bbox 3930 1132 4220 1179; x_wconf 89' lang='lat' dir='ltr'><strong>amorem</strong></span> <span class='ocrx_word' id='word_1_447' title='bbox 4263 1116 4364 1178; x_wconf 84' lang='lat' dir='ltr'><strong>tui</strong></span> 
     </span>
     <span class='ocr_line' id='line_1_68' title="bbox 2403 1192 4401 1277; baseline 0.005 -20"><span class='ocrx_word' id='word_1_448' title='bbox 2403 1192 2683 1259; x_wconf 87' lang='lat' dir='ltr'><strong>infracto</strong></span> <span class='ocrx_word' id='word_1_449' title='bbox 2748 1195 2965 1259; x_wconf 91' lang='lat' dir='ltr'><strong>animo</strong></span> <span class='ocrx_word' id='word_1_450' title='bbox 3030 1196 3450 1277; x_wconf 82' lang='lat' dir='ltr'><strong>perferentes,</strong></span> <span class='ocrx_word' id='word_1_451' title='bbox 3514 1217 3621 1262; x_wconf 92' lang='lat' dir='ltr'><strong>res</strong></span> <span class='ocrx_word' id='word_1_452' title='bbox 3682 1198 3898 1262; x_wconf 83' lang='lat' dir='ltr'><strong>fluxas</strong></span> <span class='ocrx_word' id='word_1_453' title='bbox 3962 1204 4032 1262; x_wconf 92' lang='lat' dir='ltr'><strong>et</strong></span> <span class='ocrx_word' id='word_1_454' title='bbox 4084 1195 4401 1266; x_wconf 76' lang='lat' dir='ltr'><strong>caducas&#39;</strong></span> 
     </span>
     <span class='ocr_line' id='line_1_69' title="bbox 2405 1281 4363 1365; baseline 0.004 -22"><span class='ocrx_word' id='word_1_455' title='bbox 2405 1290 2863 1360; x_wconf 89' lang='lat' dir='ltr'><strong>aspernantes,</strong></span> <span class='ocrx_word' id='word_1_456' title='bbox 2926 1281 3232 1347; x_wconf 89' lang='lat' dir='ltr'><strong>coelestia</strong></span> <span class='ocrx_word' id='word_1_457' title='bbox 3286 1283 3673 1365; x_wconf 88' lang='lat' dir='ltr'><strong>cogitemus,</strong></span> <span class='ocrx_word' id='word_1_458' title='bbox 3737 1282 3990 1348; x_wconf 89' lang='lat' dir='ltr'><strong>animos</strong></span> <span class='ocrx_word' id='word_1_459' title='bbox 4034 1282 4115 1349; x_wconf 87' lang='lat' dir='ltr'><strong>ab</strong></span> <span class='ocrx_word' id='word_1_460' title='bbox 4158 1284 4363 1351; x_wconf 92' lang='lat' dir='ltr'><strong>humo</strong></span> 
     </span>
     <span class='ocr_line' id='line_1_70' title="bbox 2405 1364 4362 1451; baseline 0.004 -22"><span class='ocrx_word' id='word_1_461' title='bbox 2405 1364 2734 1430; x_wconf 87' lang='lat' dir='ltr'><strong>seiunctos</strong></span> <span class='ocrx_word' id='word_1_462' title='bbox 2777 1366 2850 1430; x_wconf 93' lang='lat' dir='ltr'><strong>in</strong></span> <span class='ocrx_word' id='word_1_463' title='bbox 2892 1366 3144 1432; x_wconf 90' lang='lat' dir='ltr'><strong>coelum</strong></span> <span class='ocrx_word' id='word_1_464' title='bbox 3189 1367 3581 1446; x_wconf 87' lang='lat' dir='ltr'><strong>attollamus,</strong></span> <span class='ocrx_word' id='word_1_465' title='bbox 3640 1387 3718 1432; x_wconf 92' lang='lat' dir='ltr'><strong>eo</strong></span> <span class='ocrx_word' id='word_1_466' title='bbox 3762 1367 4185 1451; x_wconf 88' lang='lat' dir='ltr'><strong>adspiremus‚</strong></span> <span class='ocrx_word' id='word_1_467' title='bbox 4246 1371 4362 1437; x_wconf 91' lang='lat' dir='ltr'><strong>ubi</strong></span> 
     </span>
     <span class='ocr_line' id='line_1_71' title="bbox 2405 1449 4360 1535; baseline 0.005 -21"><span class='ocrx_word' id='word_1_468' title='bbox 2405 1449 2648 1515; x_wconf 87' lang='lat' dir='ltr'><strong>abolita</strong></span> <span class='ocrx_word' id='word_1_469' title='bbox 2690 1460 2920 1531; x_wconf 92' lang='lat' dir='ltr'><strong>morte,</strong></span> <span class='ocrx_word' id='word_1_470' title='bbox 2978 1461 3298 1535; x_wconf 88' lang='lat' dir='ltr'><strong>prostrato</strong></span> <span class='ocrx_word' id='word_1_471' title='bbox 3343 1453 3612 1532; x_wconf 82' lang='lat' dir='ltr'><strong>Satana,</strong></span> <span class='ocrx_word' id='word_1_472' title='bbox 3657 1452 3914 1520; x_wconf 87' lang='lat' dir='ltr'><strong>adsidet</strong></span> <span class='ocrx_word' id='word_1_473' title='bbox 3956 1456 4075 1520; x_wconf 87' lang='lat' dir='ltr'><strong>tibi</strong></span> <span class='ocrx_word' id='word_1_474' title='bbox 4119 1477 4159 1522; x_wconf 89' lang='lat' dir='ltr'><strong>a</strong></span> <span class='ocrx_word' id='word_1_475' title='bbox 4201 1456 4360 1523; x_wconf 80' lang='lat' dir='ltr'><strong>dex-</strong></span> 
     </span>
     <span class='ocr_line' id='line_1_72' title="bbox 2403 1535 4359 1623; baseline 0.005 -24"><span class='ocrx_word' id='word_1_476' title='bbox 2403 1535 2528 1600; x_wconf 86' lang='lat' dir='ltr'><strong>tris</strong></span> <span class='ocrx_word' id='word_1_477' title='bbox 2571 1535 2898 1602; x_wconf 91' lang='lat' dir='ltr'><strong>Dominus</strong></span> <span class='ocrx_word' id='word_1_478' title='bbox 2941 1546 3164 1603; x_wconf 90' lang='lat' dir='ltr'><strong>noster</strong></span> <span class='ocrx_word' id='word_1_479' title='bbox 3204 1537 3397 1603; x_wconf 82' lang='lat' dir='ltr'><strong>Iesus</strong></span> <span class='ocrx_word' id='word_1_480' title='bbox 3440 1539 3765 1620; x_wconf 86' lang='lat' dir='ltr'><strong>Christus,</strong></span> <span class='ocrx_word' id='word_1_481' title='bbox 3827 1540 4003 1606; x_wconf 90' lang='lat' dir='ltr'><strong>solus</strong></span> <span class='ocrx_word' id='word_1_482' title='bbox 4047 1551 4359 1623; x_wconf 87' lang='lat' dir='ltr'><strong>servator,</strong></span> 
     </span>
     <span class='ocr_line' id='line_1_73' title="bbox 2407 1620 4362 1712; baseline 0.004 -26"><span class='ocrx_word' id='word_1_483' title='bbox 2407 1620 2743 1701; x_wconf 86' lang='lat' dir='ltr'><strong>mediator,</strong></span> <span class='ocrx_word' id='word_1_484' title='bbox 2786 1625 3082 1705; x_wconf 83' lang='lat' dir='ltr'><strong>pontifex</strong></span> <span class='ocrx_word' id='word_1_485' title='bbox 3117 1630 3442 1704; x_wconf 88' lang='lat' dir='ltr'><strong>aeternus,</strong></span> <span class='ocrx_word' id='word_1_486' title='bbox 3487 1626 3600 1707; x_wconf 90' lang='lat' dir='ltr'><strong>qui</strong></span> <span class='ocrx_word' id='word_1_487' title='bbox 3634 1626 3843 1691; x_wconf 90' lang='lat' dir='ltr'><strong>veluti</strong></span> <span class='ocrx_word' id='word_1_488' title='bbox 3887 1628 4362 1712; x_wconf 87' lang='lat' dir='ltr'><strong>antesignanus</strong></span> 
     </span>
     <span class='ocr_line' id='line_1_74' title="bbox 2405 1707 4362 1797; baseline 0.004 -24"><span class='ocrx_word' id='word_1_489' title='bbox 2405 1707 2643 1790; x_wconf 55' lang='lat' dir='ltr'><strong>vimue</strong></span> <span class='ocrx_word' id='word_1_490' title='bbox 2686 1707 2874 1774; x_wconf 90' lang='lat' dir='ltr'><strong>nobis</strong></span> <span class='ocrx_word' id='word_1_491' title='bbox 2917 1718 3124 1776; x_wconf 89' lang='lat' dir='ltr'><strong>strata</strong></span> <span class='ocrx_word' id='word_1_492' title='bbox 3165 1731 3284 1775; x_wconf 88' lang='lat' dir='ltr'><strong>nos</strong></span> <span class='ocrx_word' id='word_1_493' title='bbox 3325 1710 3589 1793; x_wconf 88' lang='lat' dir='ltr'><strong>praeiit,</strong></span> <span class='ocrx_word' id='word_1_494' title='bbox 3644 1711 4093 1778; x_wconf 88' lang='lat' dir='ltr'><strong>indesinenter</strong></span> <span class='ocrx_word' id='word_1_495' title='bbox 4137 1722 4202 1779; x_wconf 90' lang='lat' dir='ltr'><strong>te</strong></span> <span class='ocrx_word' id='word_1_496' title='bbox 4242 1734 4362 1797; x_wconf 90' lang='lat' dir='ltr'><strong>pro</strong></span> 
     </span>
     <span class='ocr_line' id='line_1_75' title="bbox 2405 1792 4363 1884; baseline 0.005 -27"><span class='ocrx_word' id='word_1_497' title='bbox 2405 1794 2594 1860; x_wconf 91' lang='lat' dir='ltr'><strong>nobis</strong></span> <span class='ocrx_word' id='word_1_498' title='bbox 2635 1792 3009 1877; x_wconf 88' lang='lat' dir='ltr'><strong>deprecans,</strong></span> <span class='ocrx_word' id='word_1_499' title='bbox 3070 1796 3275 1863; x_wconf 93' lang='lat' dir='ltr'><strong>donec</strong></span> <span class='ocrx_word' id='word_1_500' title='bbox 3319 1797 3403 1861; x_wconf 88' lang='lat' dir='ltr'><strong>ad</strong></span> <span class='ocrx_word' id='word_1_501' title='bbox 3458 1803 3525 1861; x_wconf 91' lang='lat' dir='ltr'><strong>te</strong></span> <span class='ocrx_word' id='word_1_502' title='bbox 3567 1797 3929 1863; x_wconf 81' lang='lat' dir='ltr'><strong>evehamur</strong></span> <span class='ocrx_word' id='word_1_503' title='bbox 3970 1798 4094 1865; x_wconf 90' lang='lat' dir='ltr'><strong>hoc</strong></span> <span class='ocrx_word' id='word_1_504' title='bbox 4138 1819 4363 1884; x_wconf 86' lang='lat' dir='ltr'><strong>ergas-</strong></span> 
     </span>
     <span class='ocr_line' id='line_1_76' title="bbox 2405 1879 4362 1969; baseline 0.004 -25"><span class='ocrx_word' id='word_1_505' title='bbox 2405 1879 2543 1945; x_wconf 88' lang='lat' dir='ltr'><strong>tulo</strong></span> <span class='ocrx_word' id='word_1_506' title='bbox 2587 1880 2816 1961; x_wconf 90' lang='lat' dir='ltr'><strong>soluti,</strong></span> <span class='ocrx_word' id='word_1_507' title='bbox 2878 1902 3004 1964; x_wconf 91' lang='lat' dir='ltr'><strong>quo</strong></span> <span class='ocrx_word' id='word_1_508' title='bbox 3047 1881 3485 1965; x_wconf 87' lang='lat' dir='ltr'><strong>adipiscamur</strong></span> <span class='ocrx_word' id='word_1_509' title='bbox 3529 1882 3702 1966; x_wconf 91' lang='lat' dir='ltr'><strong>quod</strong></span> <span class='ocrx_word' id='word_1_510' title='bbox 3746 1904 3866 1966; x_wconf 90' lang='lat' dir='ltr'><strong>per</strong></span> <span class='ocrx_word' id='word_1_511' title='bbox 3904 1885 4211 1969; x_wconf 88' lang='lat' dir='ltr'><strong>aenigma</strong></span> <span class='ocrx_word' id='word_1_512' title='bbox 4253 1885 4362 1952; x_wconf 88' lang='lat' dir='ltr'><strong>hic</strong></span> 
     </span>
     <span class='ocr_line' id='line_1_77' title="bbox 2405 1967 4363 2050; baseline 0.004 -22"><span class='ocrx_word' id='word_1_513' title='bbox 2405 1973 2660 2030; x_wconf 83' lang='lat' dir='ltr'><strong>tantum</strong></span> <span class='ocrx_word' id='word_1_514' title='bbox 2706 1967 3053 2045; x_wconf 90' lang='lat' dir='ltr'><strong>cernimus,</strong></span> <span class='ocrx_word' id='word_1_515' title='bbox 3110 1988 3420 2034; x_wconf 88' lang='lat' dir='ltr'><strong>coronam</strong></span> <span class='ocrx_word' id='word_1_516' title='bbox 3474 1969 4098 2050; x_wconf 88' lang='lat' dir='ltr'><strong>immarcessibilem,</strong></span> <span class='ocrx_word' id='word_1_517' title='bbox 4152 1971 4363 2036; x_wconf 89' lang='lat' dir='ltr'><strong>vitam</strong></span> 
     </span>
     <span class='ocr_line' id='line_1_78' title="bbox 2406 2053 4363 2139; baseline 0.003 -24"><span class='ocrx_word' id='word_1_518' title='bbox 2406 2059 2765 2129; x_wconf 85' lang='lat' dir='ltr'><strong>aeternam,</strong></span> <span class='ocrx_word' id='word_1_519' title='bbox 2802 2053 2909 2117; x_wconf 89' lang='lat' dir='ltr'><strong>oui</strong></span> <span class='ocrx_word' id='word_1_520' title='bbox 2943 2053 3063 2118; x_wconf 91' lang='lat' dir='ltr'><strong>soli</strong></span> <span class='ocrx_word' id='word_1_521' title='bbox 3097 2074 3250 2119; x_wconf 88' lang='lat' dir='ltr'><strong>cum</strong></span> <span class='ocrx_word' id='word_1_522' title='bbox 3284 2055 3421 2120; x_wconf 91' lang='lat' dir='ltr'><strong>filio</strong></span> <span class='ocrx_word' id='word_1_523' title='bbox 3457 2064 3525 2119; x_wconf 91' lang='lat' dir='ltr'><strong>et</strong></span> <span class='ocrx_word' id='word_1_524' title='bbox 3557 2055 3792 2139; x_wconf 89' lang='lat' dir='ltr'><strong>spiritu</strong></span> <span class='ocrx_word' id='word_1_525' title='bbox 3827 2065 4054 2122; x_wconf 89' lang='lat' dir='ltr'><strong>sancto</strong></span> <span class='ocrx_word' id='word_1_526' title='bbox 4089 2055 4363 2121; x_wconf 85' lang='lat' dir='ltr'><strong>debetur</strong></span> 
     </span>
     <span class='ocr_line' id='line_1_79' title="bbox 2405 2136 4361 2223; baseline 0.005 -24"><span class='ocrx_word' id='word_1_527' title='bbox 2405 2136 2621 2202; x_wconf 85' lang='lat' dir='ltr'><strong>omnis</strong></span> <span class='ocrx_word' id='word_1_528' title='bbox 2653 2138 2802 2203; x_wconf 89' lang='lat' dir='ltr'><strong>laus</strong></span> <span class='ocrx_word' id='word_1_529' title='bbox 2838 2146 2905 2203; x_wconf 90' lang='lat' dir='ltr'><strong>et</strong></span> <span class='ocrx_word' id='word_1_530' title='bbox 2938 2138 3148 2223; x_wconf 89' lang='lat' dir='ltr'><strong>gloria</strong></span> <span class='ocrx_word' id='word_1_531' title='bbox 3179 2141 3248 2204; x_wconf 90' lang='lat' dir='ltr'><strong>in</strong></span> <span class='ocrx_word' id='word_1_532' title='bbox 3287 2160 3480 2207; x_wconf 89' lang='lat' dir='ltr'><strong>omne</strong></span> <span class='ocrx_word' id='word_1_533' title='bbox 3516 2161 3772 2207; x_wconf 89' lang='lat' dir='ltr'><strong>aevum.</strong></span> <span class='ocrx_word' id='word_1_534' title='bbox 3830 2143 4066 2207; x_wconf 85' lang='lat' dir='ltr'><strong>Amen.</strong></span> <span class='ocrx_word' id='word_1_535' title='bbox 4126 2141 4361 2208; x_wconf 78' lang='lat' dir='ltr'><strong>Matis-</strong></span> 
     </span>
     <span class='ocr_line' id='line_1_80' title="bbox 2406 2223 3290 2290; baseline 0.006 -5"><span class='ocrx_word' id='word_1_536' title='bbox 2406 2223 2554 2286; x_wconf 90' lang='lat' dir='ltr'><strong>coni</strong></span> <span class='ocrx_word' id='word_1_537' title='bbox 2600 2226 2697 2287; x_wconf 87' lang='lat'><strong>19.</strong></span> <span class='ocrx_word' id='word_1_538' title='bbox 2746 2224 3053 2290; x_wconf 90' lang='lat' dir='ltr'><strong>Decemb.</strong></span> <span class='ocrx_word' id='word_1_539' title='bbox 3108 2228 3290 2290; x_wconf 81' lang='lat'><strong>1542.</strong></span> 
     </span>
    </p>
   </div>
   <div class='ocr_carea' id='block_1_12' title="bbox 3168 2345 4190 2433">
    <p class='ocr_par' dir='ltr' id='par_1_15' title="bbox 3168 2345 4190 2433">
     <span class='ocr_line' id='line_1_81' title="bbox 3168 2345 4190 2433; baseline 0.004 -23"><span class='ocrx_word' id='word_1_540' title='bbox 3168 2345 3353 2412; x_wconf 75' lang='lat' dir='ltr'><strong>Tuus</strong></span> <span class='ocrx_word' id='word_1_541' title='bbox 3397 2345 3796 2412; x_wconf 90' lang='lat' dir='ltr'><strong>Benedictus</strong></span> <span class='ocrx_word' id='word_1_542' title='bbox 3839 2346 4102 2413; x_wconf 73' lang='lat' dir='ltr'><strong>Textor.</strong></span> <span class='ocrx_word' id='word_1_543' title='bbox 4131 2347 4190 2433; x_wconf 80' lang='lat'><strong>⁵)</strong></span> 
     </span>
    </p>
   </div>
   <div class='ocr_carea' id='block_1_13' title="bbox 2403 2478 3577 3492">
    <p class='ocr_par' dir='ltr' id='par_1_16' title="bbox 2403 2478 3577 3492">
     <span class='ocr_line' id='line_1_82' title="bbox 2405 2478 3575 2569; baseline 0.004 -25"><span class='ocrx_word' id='word_1_544' title='bbox 2405 2479 2595 2565; x_wconf 89' lang='lat' dir='ltr'><strong>Rogo</strong></span> <span class='ocrx_word' id='word_1_545' title='bbox 2630 2478 2715 2544; x_wconf 90' lang='lat' dir='ltr'><strong>ad</strong></span> <span class='ocrx_word' id='word_1_546' title='bbox 2751 2501 2857 2545; x_wconf 92' lang='lat' dir='ltr'><strong>me</strong></span> <span class='ocrx_word' id='word_1_547' title='bbox 2888 2482 3152 2561; x_wconf 89' lang='lat' dir='ltr'><strong>mittito,</strong></span> <span class='ocrx_word' id='word_1_548' title='bbox 3199 2503 3402 2565; x_wconf 90' lang='lat' dir='ltr'><strong>quum</strong></span> <span class='ocrx_word' id='word_1_549' title='bbox 3438 2485 3575 2569; x_wconf 86' lang='lat' dir='ltr'><strong>pri-</strong></span> 
     </span>
     <span class='ocr_line' id='line_1_83' title="bbox 2403 2565 3571 2649; baseline 0.004 -19"><span class='ocrx_word' id='word_1_550' title='bbox 2403 2585 2589 2630; x_wconf 92' lang='lat' dir='ltr'><strong>mum</strong></span> <span class='ocrx_word' id='word_1_551' title='bbox 2624 2565 2864 2644; x_wconf 91' lang='lat' dir='ltr'><strong>licebit,</strong></span> <span class='ocrx_word' id='word_1_552' title='bbox 2902 2565 3192 2649; x_wconf 88' lang='lat' dir='ltr'><strong>diploma</strong></span> <span class='ocrx_word' id='word_1_553' title='bbox 3226 2568 3571 2646; x_wconf 82' lang='lat' dir='ltr'><strong>literarum</strong></span> 
     </span>
     <span class='ocr_line' id='line_1_84' title="bbox 2405 2652 3573 2736; baseline 0.004 -19"><span class='ocrx_word' id='word_1_554' title='bbox 2405 2672 2569 2735; x_wconf 88' lang='lat' dir='ltr'><strong>quas</strong></span> <span class='ocrx_word' id='word_1_555' title='bbox 2636 2675 2676 2717; x_wconf 89' lang='lat' dir='ltr'><strong>a</strong></span> <span class='ocrx_word' id='word_1_556' title='bbox 2739 2652 3049 2718; x_wconf 74' lang='lat' dir='ltr'><strong>Guilelm</strong></span> <span class='ocrx_word' id='word_1_557' title='bbox 3112 2673 3327 2736; x_wconf 89' lang='lat' dir='ltr'><strong>nuper</strong></span> <span class='ocrx_word' id='word_1_558' title='bbox 3391 2677 3573 2722; x_wconf 88' lang='lat' dir='ltr'><strong>acce-</strong></span> 
     </span>
     <span class='ocr_line' id='line_1_85' title="bbox 2403 2738 3574 2823; baseline 0.003 -20"><span class='ocrx_word' id='word_1_559' title='bbox 2403 2739 2579 2821; x_wconf 89' lang='lat' dir='ltr'><strong>pisti.</strong></span> <span class='ocrx_word' id='word_1_560' title='bbox 2653 2738 3061 2804; x_wconf 73' lang='lat' dir='ltr'><strong>&#39;l&#39;abellarius</strong></span> <span class='ocrx_word' id='word_1_561' title='bbox 3095 2739 3273 2805; x_wconf 92' lang='lat' dir='ltr'><strong>enim</strong></span> <span class='ocrx_word' id='word_1_562' title='bbox 3308 2741 3574 2823; x_wconf 88' lang='lat' dir='ltr'><strong>quidam</strong></span> 
     </span>
     <span class='ocr_line' id='line_1_86' title="bbox 2405 2823 3577 2911; baseline 0.001 -21"><span class='ocrx_word' id='word_1_563' title='bbox 2405 2845 2518 2890; x_wconf 87' lang='lat' dir='ltr'><strong>eas</strong></span> <span class='ocrx_word' id='word_1_564' title='bbox 2540 2824 2709 2890; x_wconf 87' lang='lat' dir='ltr'><strong>mihi</strong></span> <span class='ocrx_word' id='word_1_565' title='bbox 2729 2823 3015 2907; x_wconf 90' lang='lat' dir='ltr'><strong>perdidit</strong></span> <span class='ocrx_word' id='word_1_566' title='bbox 3032 2827 3106 2890; x_wconf 94' lang='lat' dir='ltr'><strong>in</strong></span> <span class='ocrx_word' id='word_1_567' title='bbox 3126 2826 3253 2889; x_wconf 87' lang='lat' dir='ltr'><strong>via.</strong></span> <span class='ocrx_word' id='word_1_568' title='bbox 3289 2825 3577 2911; x_wconf 82' lang='lat' dir='ltr'><strong>Insuper</strong></span> 
     </span>
     <span class='ocr_line' id='line_1_87' title="bbox 2406 2910 3577 2996; baseline 0.002 -21"><span class='ocrx_word' id='word_1_569' title='bbox 2406 2910 2615 2976; x_wconf 88' lang='lat' dir='ltr'><strong>scribe</strong></span> <span class='ocrx_word' id='word_1_570' title='bbox 2658 2910 2822 2975; x_wconf 88' lang='lat' dir='ltr'><strong>mihi</strong></span> <span class='ocrx_word' id='word_1_571' title='bbox 2872 2919 3060 2977; x_wconf 90' lang='lat' dir='ltr'><strong>tuam</strong></span> <span class='ocrx_word' id='word_1_572' title='bbox 3106 2910 3186 2976; x_wconf 93' lang='lat' dir='ltr'><strong>de</strong></span> <span class='ocrx_word' id='word_1_573' title='bbox 3239 2911 3577 2996; x_wconf 86' lang='lat' dir='ltr'><strong>signaculo</strong></span> 
     </span>
     <span class='ocr_line' id='line_1_88' title="bbox 2406 2995 3573 3081; baseline 0.003 -20"><span class='ocrx_word' id='word_1_574' title='bbox 2406 2997 2617 3063; x_wconf 89' lang='lat' dir='ltr'><strong>crucis</strong></span> <span class='ocrx_word' id='word_1_575' title='bbox 2682 2999 3075 3062; x_wconf 88' lang='lat' dir='ltr'><strong>sententiam</strong></span> <span class='ocrx_word' id='word_1_576' title='bbox 3139 3006 3207 3063; x_wconf 92' lang='lat' dir='ltr'><strong>et</strong></span> <span class='ocrx_word' id='word_1_577' title='bbox 3266 2995 3351 3061; x_wconf 90' lang='lat' dir='ltr'><strong>ad</strong></span> <span class='ocrx_word' id='word_1_578' title='bbox 3414 2998 3573 3081; x_wconf 87' lang='lat' dir='ltr'><strong>quid</strong></span> 
     </span>
     <span class='ocr_line' id='line_1_89' title="bbox 2406 3081 3575 3160; baseline 0.002 -14"><span class='ocrx_word' id='word_1_579' title='bbox 2406 3081 2562 3146; x_wconf 90' lang='lat' dir='ltr'><strong>olim</strong></span> <span class='ocrx_word' id='word_1_580' title='bbox 2602 3081 3012 3160; x_wconf 79' lang='lat' dir='ltr'><strong>conduxerit,</strong></span> <span class='ocrx_word' id='word_1_581' title='bbox 3049 3104 3226 3149; x_wconf 92' lang='lat' dir='ltr'><strong>nunc</strong></span> <span class='ocrx_word' id='word_1_582' title='bbox 3258 3104 3417 3150; x_wconf 91' lang='lat' dir='ltr'><strong>vero</strong></span> <span class='ocrx_word' id='word_1_583' title='bbox 3451 3086 3575 3149; x_wconf 89' lang='lat' dir='ltr'><strong>uti·</strong></span> 
     </span>
     <span class='ocr_line' id='line_1_90' title="bbox 2405 3166 3571 3253; baseline 0.004 -23"><span class='ocrx_word' id='word_1_584' title='bbox 2405 3166 2556 3232; x_wconf 89' lang='lat' dir='ltr'><strong>lene</strong></span> <span class='ocrx_word' id='word_1_585' title='bbox 2591 3168 2678 3233; x_wconf 90' lang='lat' dir='ltr'><strong>sit</strong></span> <span class='ocrx_word' id='word_1_586' title='bbox 2720 3187 2804 3233; x_wconf 89' lang='lat' dir='ltr'><strong>an</strong></span> <span class='ocrx_word' id='word_1_587' title='bbox 2838 3167 3021 3233; x_wconf 83' lang='lat' dir='ltr'><strong>non?</strong></span> <span class='ocrx_word' id='word_1_588' title='bbox 3070 3167 3388 3253; x_wconf 89' lang='lat' dir='ltr'><strong>siquidem</strong></span> <span class='ocrx_word' id='word_1_589' title='bbox 3424 3190 3571 3253; x_wconf 91' lang='lat' dir='ltr'><strong>pro-</strong></span> 
     </span>
     <span class='ocr_line' id='line_1_91' title="bbox 2407 3253 3574 3321; baseline 0.003 -4"><span class='ocrx_word' id='word_1_590' title='bbox 2407 3254 2608 3319; x_wconf 86' lang='lat' dir='ltr'><strong>ximis</strong></span> <span class='ocrx_word' id='word_1_591' title='bbox 2644 3253 2872 3319; x_wconf 89' lang='lat' dir='ltr'><strong>diebus</strong></span> <span class='ocrx_word' id='word_1_592' title='bbox 2903 3255 3078 3320; x_wconf 90' lang='lat' dir='ltr'><strong>inter</strong></span> <span class='ocrx_word' id='word_1_593' title='bbox 3111 3254 3277 3320; x_wconf 89' lang='lat' dir='ltr'><strong>duos</strong></span> <span class='ocrx_word' id='word_1_594' title='bbox 3312 3262 3460 3321; x_wconf 86' lang='lat' dir='ltr'><strong>orta</strong></span> <span class='ocrx_word' id='word_1_595' title='bbox 3493 3254 3574 3321; x_wconf 93' lang='lat' dir='ltr'><strong>de</strong></span> 
     </span>
     <span class='ocr_line' id='line_1_92' title="bbox 2407 3337 3572 3491; baseline 0.004 -89"><span class='ocrx_word' id='word_1_596' title='bbox 2407 3337 2580 3491; x_wconf 53' lang='lat' dir='ltr'><strong>hogio</strong></span> <span class='ocrx_word' id='word_1_597' title='bbox 2614 3339 2895 3425; x_wconf 81' lang='lat' dir='ltr'><strong>litigatio</strong></span> <span class='ocrx_word' id='word_1_598' title='bbox 2981 3340 3197 3406; x_wconf 89' lang='lat' dir='ltr'><strong>adhuc</strong></span> <span class='ocrx_word' id='word_1_599' title='bbox 3274 3348 3375 3408; x_wconf 90' lang='lat' dir='ltr'><strong>est</strong></span> <span class='ocrx_word' id='word_1_600' title='bbox 3449 3342 3572 3408; x_wconf 87' lang='lat' dir='ltr'><strong>sub</strong></span> 
     </span>
     <span class='ocr_line' id='line_1_93' title="bbox 2403 3446 2634 3492; baseline 0.009 -4"><span class='ocrx_word' id='word_1_601' title='bbox 2403 3446 2473 3490; x_wconf 87' lang='grc' dir='ltr'><strong>ιιι</strong></span> <span class='ocrx_word' id='word_1_602' title='bbox 2581 3446 2634 3492; x_wconf 90' lang='lat' dir='ltr'><strong>e.</strong></span> 
     </span>
    </p>
   </div>
   <div class='ocr_carea' id='block_1_14' title="bbox 3200 3688 3586 3696">
    <p class='ocr_par' dir='ltr' id='par_1_17' title="bbox 3200 3688 3586 3696">
     <span class='ocr_line' id='line_1_94' title="bbox 3200 3688 3586 3696; baseline 0 -2"><span class='ocrx_word' id='word_1_603' title='bbox 3200 3688 3293 3695; x_wconf 76' lang='lat'><strong>--—-</strong></span> <span class='ocrx_word' id='word_1_604' title='bbox 3318 3689 3401 3694; x_wconf 51' lang='lat' dir='ltr'><em>..o--</em></span> <span class='ocrx_word' id='word_1_605' title='bbox 3426 3688 3586 3696; x_wconf 64' lang='lat'><strong>-—.—</strong></span> 
     </span>
    </p>
   </div>
   <div class='ocr_carea' id='block_1_15' title="bbox 2802 3869 3991 4078">
    <p class='ocr_par' dir='ltr' id='par_1_18' title="bbox 2802 3869 3991 4078">
     <span class='ocr_line' id='line_1_95' title="bbox 3308 3869 3457 3942; baseline 0 -1"><span class='ocrx_word' id='word_1_606' title='bbox 3308 3869 3457 3942; x_wconf 77' lang='lat'><strong>⁴141.</strong></span> 
     </span>
     <span class='ocr_line' id='line_1_96' title="bbox 2802 3998 3991 4078; baseline -0.002 -2"><span class='ocrx_word' id='word_1_607' title='bbox 2802 4007 3474 4078; x_wconf 79' lang='lat' dir='ltr'><strong>BULLINGERUS</strong></span> <span class='ocrx_word' id='word_1_608' title='bbox 3518 3998 3991 4074; x_wconf 67' lang='lat' dir='ltr'><strong>VADIANO.</strong></span> 
     </span>
    </p>
   </div>
   <div class='ocr_carea' id='block_1_16' title="bbox 2411 4179 4365 4523">
    <p class='ocr_par' dir='ltr' id='par_1_19' title="bbox 2411 4179 4365 4523">
     <span class='ocr_line' id='line_1_97' title="bbox 2587 4179 4365 4262; baseline -0.002 -15"><span class='ocrx_word' id='word_1_609' title='bbox 2587 4182 2891 4249; x_wconf 70' lang='lat' dir='ltr'><strong>Pluribus</strong></span> <span class='ocrx_word' id='word_1_610' title='bbox 2946 4186 3209 4248; x_wconf 75' lang='lat' dir='ltr'><strong>recenset</strong></span> <span class='ocrx_word' id='word_1_611' title='bbox 3268 4180 3575 4246; x_wconf 79' lang='lat' dir='ltr'><strong>Italorum</strong></span> <span class='ocrx_word' id='word_1_612' title='bbox 3634 4180 3890 4246; x_wconf 77' lang='lat' dir='ltr'><strong>nomina</strong></span> <span class='ocrx_word' id='word_1_613' title='bbox 3939 4184 3996 4246; x_wconf 75' lang='lat' dir='ltr'><strong>et</strong></span> <span class='ocrx_word' id='word_1_614' title='bbox 4054 4179 4197 4261; x_wconf 81' lang='lat' dir='ltr'><strong>fata</strong></span> <span class='ocrx_word' id='word_1_615' title='bbox 4251 4180 4365 4262; x_wconf 76' lang='lat' dir='ltr'><strong>qui</strong></span> 
     </span>
     <span class='ocr_line' id='line_1_98' title="bbox 2411 4265 4365 4352; baseline -0.002 -21"><span class='ocrx_word' id='word_1_616' title='bbox 2411 4286 2613 4349; x_wconf 77' lang='lat' dir='ltr'><strong>nuper</strong></span> <span class='ocrx_word' id='word_1_617' title='bbox 2647 4269 2718 4336; x_wconf 84' lang='lat' dir='ltr'><strong>ob</strong></span> <span class='ocrx_word' id='word_1_618' title='bbox 2751 4269 3109 4352; x_wconf 74' lang='lat' dir='ltr'><strong>reliyionem</strong></span> <span class='ocrx_word' id='word_1_619' title='bbox 3130 4266 3359 4350; x_wconf 77' lang='lat' dir='ltr'><strong>patria</strong></span> <span class='ocrx_word' id='word_1_620' title='bbox 3391 4265 3607 4332; x_wconf 78' lang='lat' dir='ltr'><strong>relicta</strong></span> <span class='ocrx_word' id='word_1_621' title='bbox 3645 4265 3944 4331; x_wconf 75' lang='lat' dir='ltr'><strong>Turicum</strong></span> <span class='ocrx_word' id='word_1_622' title='bbox 4348 4315 4365 4346; x_wconf 93' lang='lat'><strong>,</strong></span> 
     </span>
     <span class='ocr_line' id='line_1_99' title="bbox 2417 4350 4364 4435; baseline 0 -17"><span class='ocrx_word' id='word_1_623' title='bbox 2417 4352 2743 4434; x_wconf 58' lang='lat' dir='ltr'><strong>morionis,</strong></span> <span class='ocrx_word' id='word_1_624' title='bbox 2818 4354 3068 4432; x_wconf 73' lang='lat' dir='ltr'><strong>Ochini,</strong></span> <span class='ocrx_word' id='word_1_625' title='bbox 3154 4352 3445 4418; x_wconf 72' lang='lat' dir='ltr'><strong>Vermilii</strong></span> <span class='ocrx_word' id='word_1_626' title='bbox 3509 4356 3612 4417; x_wconf 78' lang='lat' dir='ltr'><strong>etc.</strong></span> <span class='ocrx_word' id='word_1_627' title='bbox 3706 4350 3869 4417; x_wconf 84' lang='lat' dir='ltr'><strong>Item</strong></span> <span class='ocrx_word' id='word_1_628' title='bbox 3926 4356 4148 4416; x_wconf 74' lang='lat' dir='ltr'><strong>narrat</strong></span> <span class='ocrx_word' id='word_1_629' title='bbox 4210 4352 4364 4435; x_wconf 73' lang='lat' dir='ltr'><strong>quid</strong></span> 
     </span>
     <span class='ocr_line' id='line_1_100' title="bbox 2421 4436 4176 4523; baseline -0.002 -19"><span class='ocrx_word' id='word_1_630' title='bbox 2421 4437 2694 4523; x_wconf 76' lang='lat' dir='ltr'><strong>Oporino</strong></span> <span class='ocrx_word' id='word_1_631' title='bbox 2738 4441 3030 4506; x_wconf 75' lang='lat' dir='ltr'><strong>acciderit</strong></span> <span class='ocrx_word' id='word_1_632' title='bbox 3058 4443 3319 4521; x_wconf 75' lang='lat' dir='ltr'><strong>propter</strong></span> <span class='ocrx_word' id='word_1_633' title='bbox 3358 4440 3734 4521; x_wconf 68' lang='lat' dir='ltr'><strong>impressum</strong></span> <span class='ocrx_word' id='word_1_634' title='bbox 3775 4436 4176 4502; x_wconf 80' lang='lat' dir='ltr'><strong>Alcoranum.</strong></span> 
     </span>
    </p>
   </div>
   <div class='ocr_carea' id='block_1_17' title="bbox 2413 4603 4365 4816">
    <p class='ocr_par' dir='ltr' id='par_1_20' title="bbox 2413 4603 4365 4816">
     <span class='ocr_line' id='line_1_101' title="bbox 2415 4603 4365 4682; baseline -0.003 -15"><span class='ocrx_word' id='word_1_635' title='bbox 2415 4613 2529 4679; x_wconf 81' lang='lat' dir='ltr'><strong>(Ex</strong></span> <span class='ocrx_word' id='word_1_636' title='bbox 2566 4628 2670 4682; x_wconf 81' lang='lat' dir='ltr'><strong>apo</strong></span> <span class='ocrx_word' id='word_1_637' title='bbox 2807 4610 2878 4665; x_wconf 86' lang='lat' dir='ltr'><strong>ho</strong></span> <span class='ocrx_word' id='word_1_638' title='bbox 2904 4609 3118 4666; x_wconf 80' lang='lat' dir='ltr'><strong>Archiv.</strong></span> <span class='ocrx_word' id='word_1_639' title='bbox 3144 4609 3322 4664; x_wconf 81' lang='lat' dir='ltr'><strong>Turio.</strong></span> <span class='ocrx_word' id='word_1_640' title='bbox 3340 4608 3485 4661; x_wconf 90' lang='lat' dir='ltr'><strong>Plut.</strong></span> <span class='ocrx_word' id='word_1_641' title='bbox 3506 4607 3606 4660; x_wconf 89' lang='lat' dir='ltr'><strong>VI.</strong></span> <span class='ocrx_word' id='word_1_642' title='bbox 3644 4606 3770 4661; x_wconf 85' lang='lat' dir='ltr'><strong>Vol.</strong></span> <span class='ocrx_word' id='word_1_643' title='bbox 3792 4603 3911 4677; x_wconf 79' lang='lat'><strong>171,</strong></span> <span class='ocrx_word' id='word_1_644' title='bbox 3941 4607 4084 4661; x_wconf 88' lang='lat' dir='ltr'><strong>olim.</strong></span> <span class='ocrx_word' id='word_1_645' title='bbox 4118 4605 4186 4661; x_wconf 85' lang='lat' dir='ltr'><strong>D.</strong></span> <span class='ocrx_word' id='word_1_646' title='bbox 4222 4608 4365 4678; x_wconf 88' lang='lat' dir='ltr'><strong>Epp.</strong></span> 
     </span>
     <span class='ocr_line' id='line_1_102' title="bbox 2413 4629 4364 4756; baseline -0.004 -19"><span class='ocrx_word' id='word_1_647' title='bbox 2413 4683 2473 4738; x_wconf 87' lang='grc' dir='ltr'><strong>Τ.</strong></span> <span class='ocrx_word' id='word_1_648' title='bbox 2509 4681 2581 4748; x_wconf 92' lang='lat'><strong>11,</strong></span> <span class='ocrx_word' id='word_1_649' title='bbox 2626 4629 2873 4735; x_wconf 35' lang='lat' dir='ltr'><strong>roffi—⁸319</strong></span> <span class='ocrx_word' id='word_1_650' title='bbox 2919 4680 3038 4733; x_wconf 90' lang='lat' dir='ltr'><strong>coll.</strong></span> <span class='ocrx_word' id='word_1_651' title='bbox 3086 4696 3129 4732; x_wconf 86' lang='lat' dir='ltr'><strong>c.</strong></span> <span class='ocrx_word' id='word_1_652' title='bbox 3167 4678 3386 4732; x_wconf 83' lang='lat' dir='ltr'><strong>Simleri</strong></span> <span class='ocrx_word' id='word_1_653' title='bbox 3421 4677 3546 4730; x_wconf 79' lang='lat' dir='ltr'><strong>vol.</strong></span> <span class='ocrx_word' id='word_1_654' title='bbox 3582 4673 3769 4756; x_wconf 61' lang='lat'><strong>522—</strong></span> <span class='ocrx_word' id='word_1_655' title='bbox 3805 4676 3888 4729; x_wconf 81' lang='lat' dir='ltr'><strong>Ea</strong></span> <span class='ocrx_word' id='word_1_656' title='bbox 3930 4680 4144 4730; x_wconf 81' lang='lat' dir='ltr'><strong>tantum</strong></span> <span class='ocrx_word' id='word_1_657' title='bbox 4188 4681 4364 4730; x_wconf 84' lang='lat' dir='ltr'><strong>trans-</strong></span> 
     </span>
     <span class='ocr_line' id='line_1_103' title="bbox 2909 4745 3869 4816; baseline -0.007 -13"><span class='ocrx_word' id='word_1_658' title='bbox 2909 4748 3194 4803; x_wconf 85' lang='lat' dir='ltr'><strong>scribimus</strong></span> <span class='ocrx_word' id='word_1_659' title='bbox 3230 4763 3369 4816; x_wconf 83' lang='lat' dir='ltr'><strong>quae</strong></span> <span class='ocrx_word' id='word_1_660' title='bbox 3404 4745 3510 4799; x_wconf 86' lang='lat' dir='ltr'><strong>huc</strong></span> <span class='ocrx_word' id='word_1_661' title='bbox 3545 4748 3869 4815; x_wconf 76' lang='lat' dir='ltr'><strong>pertinent.)</strong></span> 
     </span>
    </p>
   </div>
   <div class='ocr_carea' id='block_1_18' title="bbox 2411 4917 2824 4927">
    <p class='ocr_par' dir='ltr' id='par_1_21' title="bbox 2411 4917 2824 4927">
     <span class='ocr_line' id='line_1_104' title="bbox 2411 4917 2824 4927; baseline 0 1240"><span class='ocrx_word' id='word_1_662' title='bbox 2411 4917 2824 4927; x_wconf 95' lang='lat' dir='ltr'><strong> </strong></span> 
     </span>
    </p>
   </div>
   <div class='ocr_carea' id='block_1_19' title="bbox 2414 5032 4367 5385">
    <p class='ocr_par' dir='ltr' id='par_1_22' title="bbox 2414 5032 4367 5385">
     <span class='ocr_line' id='line_1_105' title="bbox 2622 5032 4367 5104; baseline -0.005 -9"><span class='ocrx_word' id='word_1_663' title='bbox 2622 5042 2682 5100; x_wconf 78' lang='lat'><strong>5)</strong></span> <span class='ocrx_word' id='word_1_664' title='bbox 2718 5039 3109 5104; x_wconf 69' lang='lat' dir='ltr'><strong>Eiusscripta</strong></span> <span class='ocrx_word' id='word_1_665' title='bbox 3143 5038 3356 5092; x_wconf 77' lang='lat' dir='ltr'><strong>medica</strong></span> <span class='ocrx_word' id='word_1_666' title='bbox 3389 5041 3440 5091; x_wconf 73' lang='lat' dir='ltr'><strong>et</strong></span> <span class='ocrx_word' id='word_1_667' title='bbox 3473 5036 4031 5091; x_wconf 57' lang='lat' dir='ltr'><strong>botas-&#39;carm</strong></span> <span class='ocrx_word' id='word_1_668' title='bbox 4064 5033 4160 5088; x_wconf 77' lang='lat' dir='ltr'><strong>La</strong></span> <span class='ocrx_word' id='word_1_669' title='bbox 4194 5032 4367 5087; x_wconf 67' lang='lat' dir='ltr'><strong>Oroi-v</strong></span> 
     </span>
     <span class='ocr_line' id='line_1_106' title="bbox 2414 5102 4364 5175; baseline -0.004 -10"><span class='ocrx_word' id='word_1_670' title='bbox 2414 5111 2494 5165; x_wconf 74' lang='lat' dir='ltr'><strong>du</strong></span> <span class='ocrx_word' id='word_1_671' title='bbox 2545 5110 2765 5175; x_wconf 65' lang='lat' dir='ltr'><strong>Maiae,</strong></span> <span class='ocrx_word' id='word_1_672' title='bbox 2830 5108 3066 5164; x_wconf 74' lang='lat' dir='ltr'><strong>biblioth.</strong></span> <span class='ocrx_word' id='word_1_673' title='bbox 3127 5107 3195 5162; x_wconf 78' lang='lat' dir='ltr'><strong>de</strong></span> <span class='ocrx_word' id='word_1_674' title='bbox 3246 5107 3501 5172; x_wconf 60' lang='lat' dir='ltr'><strong>Rama,-</strong></span> <span class='ocrx_word' id='word_1_675' title='bbox 3562 5104 3796 5160; x_wconf 77' lang='lat' dir='ltr'><strong>Verdier</strong></span> <span class='ocrx_word' id='word_1_676' title='bbox 3808 5144 3826 5172; x_wconf 84' lang='lat'><em>‚</em></span> <span class='ocrx_word' id='word_1_677' title='bbox 3875 5104 3997 5158; x_wconf 74' lang='lat' dir='ltr'><strong>bibl.</strong></span> <span class='ocrx_word' id='word_1_678' title='bbox 4048 5102 4331 5170; x_wconf 63' lang='lat' dir='ltr'><strong>francaise</strong></span> <span class='ocrx_word' id='word_1_679' title='bbox 4343 5120 4364 5169; x_wconf 84' lang='lat'><strong>,-</strong></span> 
     </span>
     <span class='ocr_line' id='line_1_107' title="bbox 2414 5173 4364 5247; baseline -0.005 -13"><span class='ocrx_word' id='word_1_680' title='bbox 2414 5178 2677 5247; x_wconf 71' lang='lat' dir='ltr'><strong>Keetner,</strong></span> <span class='ocrx_word' id='word_1_681' title='bbox 2714 5178 2903 5233; x_wconf 79' lang='lat' dir='ltr'><strong>medic.</strong></span> <span class='ocrx_word' id='word_1_682' title='bbox 2929 5177 3447 5244; x_wconf 70' lang='lat' dir='ltr'><strong>Gdehrtenlsoeicon,</strong></span> <span class='ocrx_word' id='word_1_683' title='bbox 3486 5176 3723 5231; x_wconf 72' lang='lat' dir='ltr'><strong>Ioecher.</strong></span> <span class='ocrx_word' id='word_1_684' title='bbox 3788 5175 4081 5241; x_wconf 68' lang='lat' dir='ltr'><strong>(stirpium</strong></span> <span class='ocrx_word' id='word_1_685' title='bbox 4114 5173 4364 5226; x_wconf 83' lang='lat' dir='ltr'><strong>differen-</strong></span> 
     </span>
     <span class='ocr_line' id='line_1_108' title="bbox 2414 5241 4365 5316; baseline -0.005 -13"><span class='ocrx_word' id='word_1_686' title='bbox 2414 5253 2524 5303; x_wconf 85' lang='lat' dir='ltr'><strong>tiae</strong></span> <span class='ocrx_word' id='word_1_687' title='bbox 2563 5267 2629 5303; x_wconf 86' lang='lat' dir='ltr'><strong>ex</strong></span> <span class='ocrx_word' id='word_1_688' title='bbox 2649 5249 2979 5312; x_wconf 84' lang='lat' dir='ltr'><strong>Dioscoride,</strong></span> <span class='ocrx_word' id='word_1_689' title='bbox 3018 5248 3233 5301; x_wconf 83' lang='lat' dir='ltr'><strong>Relatio</strong></span> <span class='ocrx_word' id='word_1_690' title='bbox 3268 5246 3675 5316; x_wconf 83' lang='lat' dir='ltr'><strong>praecavendae</strong></span> <span class='ocrx_word' id='word_1_691' title='bbox 3712 5253 3769 5298; x_wconf 88' lang='lat' dir='ltr'><strong>et</strong></span> <span class='ocrx_word' id='word_1_692' title='bbox 3803 5241 4073 5296; x_wconf 77' lang='lat' dir='ltr'><strong>curandae</strong></span> <span class='ocrx_word' id='word_1_693' title='bbox 4109 5243 4365 5309; x_wconf 67' lang='lat' dir='ltr'><strong>pestilen-</strong></span> 
     </span>
     <span class='ocr_line' id='line_1_109' title="bbox 2415 5315 3829 5385; baseline -0.005 -13"><span class='ocrx_word' id='word_1_694' title='bbox 2415 5320 2542 5385; x_wconf 83' lang='lat' dir='ltr'><strong>tiae,</strong></span> <span class='ocrx_word' id='word_1_695' title='bbox 2579 5319 2660 5372; x_wconf 88' lang='lat' dir='ltr'><strong>De</strong></span> <span class='ocrx_word' id='word_1_696' title='bbox 2696 5334 2894 5371; x_wconf 87' lang='lat' dir='ltr'><strong>coucro</strong></span> <span class='ocrx_word' id='word_1_697' title='bbox 2928 5319 3151 5384; x_wconf 82' lang='lat' dir='ltr'><strong>eiusque</strong></span> <span class='ocrx_word' id='word_1_698' title='bbox 3186 5323 3380 5370; x_wconf 83' lang='lat' dir='ltr'><strong>natura</strong></span> <span class='ocrx_word' id='word_1_699' title='bbox 3416 5324 3473 5368; x_wconf 89' lang='lat' dir='ltr'><strong>et</strong></span> <span class='ocrx_word' id='word_1_700' title='bbox 3507 5315 3829 5379; x_wconf 82' lang='lat' dir='ltr'><strong>curatione.)</strong></span> 
     </span>
    </p>
   </div>
   <div class='ocr_carea' id='block_1_20' title="bbox 4988 5 5001 914">
    <p class='ocr_par' dir='ltr' id='par_1_23' title="bbox 4988 5 5001 914">
     <span class='ocr_line' id='line_1_110' title="bbox 4988 5 5001 914; baseline 0 0"><span class='ocrx_word' id='word_1_701' title='bbox 4988 5 5001 914; x_wconf 95' lang='lat' dir='ltr'><strong> </strong></span> 
     </span>
    </p>
   </div>
  </div>
 </body>
</html>
