5050 6167
366 429 439 494 ⁸1
1996 501 2003 510 ,
2166 433 2332 498 1540
2372 431 2577 500 IULI
4298 442 4379 506 62

363 617 670 700 deputes,
738 616 855 684 sed
906 638 1111 701 quum
1165 615 1360 710 ἀνοίᾳ
1414 637 1602 684 meae
1656 638 1855 701 quam
1910 639 1993 685 ex
2053 618 2318 702 scriptis

360 704 492 770 tuis
534 723 695 788 erga
736 711 803 770 te
845 705 1133 787 concepi,
1191 713 1336 768 tum
1383 705 1593 771 amico
1633 704 1746 771 isti
1786 705 2141 784 communi,
2196 704 2316 772 ha·

360 810 504 854 rum
538 787 753 867 latori,
795 789 928 872 qni,
966 799 1045 854 ut
1076 789 1353 874 gallicae
1386 789 1653 875 linguae
1688 792 1937 874 pariter
1974 804 2039 856 et
2074 791 2317 856 latinae

360 894 624 959 gnarus,
660 875 1005 942 conciones
1040 888 1192 941 tuas
1224 886 1293 940 et
1326 875 1642 942 lectiones
1674 876 1836 942 satis
1857 875 2318 944 commendare

357 961 603 1043 nequit.
701 961 944 1026 Merito
997 961 1153 1027 felix
1212 961 1656 1044 praedicanda
1705 973 1807 1028 est
1863 961 2020 1028 urbs
2080 972 2316 1040 vestra,

358 1047 459 1111 cui
503 1046 631 1114 1166
674 1044 901 1112 datum
945 1055 1050 1113 est
1093 1055 1166 1111 ut
1209 1068 1343 1112 non
1388 1047 1599 1111 solum
1659 1050 2035 1133 germanica
2078 1048 2190 1140 φᾶ
2251 1057 2318 1112 et

356 1130 591 1216 gallica
648 1131 909 1217 lingua,
976 1141 1052 1197 ut
1116 1133 1361 1215 scripta
1425 1132 1635 1198 latina
1698 1143 1986 1211 taceam,
2051 1154 2315 1199 causam

356 1218 658 1284 veritatis
693 1227 960 1283 tueatur
993 1229 1062 1283 et
1095 1226 1497 1301 promoveat.
1562 1219 1805 1285 Frater
1839 1218 1966 1296 hie,
2004 1219 2317 1303 magister

358 1302 765 1383 Laurentiue,
824 1304 990 1369 mihi
1044 1305 1176 1368 iam
1222 1303 1381 1369 olim
1423 1324 1683 1370 summa
1724 1305 2113 1371 coniunctus
2157 1305 2316 1369 ami-

354 1387 528 1468 citia,
574 1391 871 1456 sincerus
926 1396 1027 1454 est
1069 1390 1372 1456 veritatis
1431 1401 1703 1469 amator,
1760 1396 1827 1455 et
1879 1390 2023 1466 hoc,
2083 1398 2160 1456 ut
2212 1390 2313 1454 in-

352 1474 601 1559 telligo,
646 1475 848 1540 studii
888 1474 1108 1553 habet,
1153 1485 1230 1541 ut
1271 1474 1670 1541 auditorium
1717 1485 1903 1542 tuum
1964 1475 2139 1560 apud
2200 1475 2315 1541 do-

350 1561 767 1627 minieastros
840 1558 1183 1628 dominicis
1241 1561 1469 1630 diebus
1524 1561 1757 1628 reddat
1819 1583 2015 1646 quam
2072 1561 2317 1646 poterit

348 1645 975 1731 frequentissimum.
1065 1646 1175 1713 Ad
1229 1669 1428 1732 quam
1485 1669 1625 1713 rem
1680 1656 1749 1714 et
1802 1648 2140 1731 appositus
2193 1656 2314 1727 est,

350 1732 477 1800 1166
536 1733 823 1798 maxime
879 1734 1180 1810 nomine,
1237 1733 1411 1817 quod
1463 1755 1664 1817 quum
1724 1735 1793 1798 in
1855 1734 2313 1819 Letharingia,

350 1820 685 1884 communi
748 1829 976 1883 nostra
1039 1819 1270 1903 patria,
1340 1827 1488 1884 tum
1546 1820 1617 1884 16
1675 1819 1901 1885 Gallia
1948 1820 2311 1903 plurimum

346 1903 817 1970 familiaritatis
862 1903 1061 1970 habet
1112 1925 1261 1970 cum
1319 1905 1424 1970 his
1475 1907 1863 1988 pracsertim
1923 1907 2031 1990 qui
2088 1927 2312 1971 rerum

346 1990 713 2073 potiuntur,
759 1998 827 2054 et
870 2011 1148 2072 quorum
1174 2001 1445 2069 mentes,
1491 1990 1549 2056 si
1586 1991 1752 2056 bene
1785 1991 2310 2070 instituerentur,

347 2077 530 2159 apud
605 2096 748 2141 eam
815 2085 1077 2161 gentem
1142 2075 1320 2142 haud
1401 2097 1637 2159 parum
1704 2078 1961 2144 efficere
2025 2086 2308 2160 possent.

344 2162 556 2228 Hunc
614 2168 708 2240 tu,
764 2182 1003 2243 quaeso
1057 2184 1177 2247 per
1232 2162 1605 2241 Christum,
1658 2163 1784 2228 viri
1841 2164 2140 2228 animum
2192 2184 2310 2246 pro

346 2257 467 2313 tua
512 2246 859 2332 diligentia
901 2248 1025 2332 piis
1068 2246 1633 2315 adhortationibus
1690 2250 1840 2314 fove
1884 2258 1952 2313 et
2005 2249 2306 2331 provehe.

524 2333 894 2416 Epistulam
938 2333 1023 2400 ad
1066 2334 1406 2400 Romanos
1455 2353 1595 2399 com
1672 2334 1947 2400 cntariis
1995 2335 2126 2402 tuis
2170 2345 2309 2399 tam

344 2418 625 2485 eruditis
670 2440 865 2502 quam
909 2420 1038 2503 piis
1079 2419 1483 2485 illustratam
1519 2420 1583 2484 vi
1635 2421 1653 2485 i
1693 2427 1759 2485 et
1792 2418 2082 2504 probavi.
2172 2419 2309 2485 Ad·

346 2504 460 2570 dat
506 2506 837 2571 Dominus
878 2505 989 2571 isti
1032 2514 1186 2570 tuae
1240 2505 1445 2570 menti
1504 2505 1986 2572 incrementum
2044 2505 2310 2571 virtutis

342 2613 525 2657 suae.
616 2591 722 2656 De
767 2590 1222 2657 Gebennensis
1256 2590 1565 2655 ecelesiae
1601 2592 1971 2657 calamitate
2007 2587 2309 2657 audimus

342 2676 451 2744 1116
502 2676 663 2743 satis
704 2676 1090 2761 periculosa.
1176 2674 1486 2754 Obsecro,
1531 2677 1590 2742 si
1623 2676 1780 2762 quid
1814 2676 1977 2744 certi
2017 2676 2098 2742 de
2131 2677 2309 2743 illius

341 2770 529 2830 statu
566 2761 918 2829 admodum
958 2761 1336 2829 exulcerato
1376 2760 1598 2839 habeS,
1635 2783 1838 2846 quum
1869 2773 2309 2846 opportunum

340 2849 547 2916 fuerit
610 2845 696 2914 ad
748 2870 855 2915 me
909 2848 1175 2914 scribas.
1278 2848 1427 2913 Iam
1486 2846 1730 2913 dudum
1790 2848 1970 2914 enim
2024 2849 2309 2914 multum

340 2936 514 3000 mihi
569 2956 649 3001 ea
705 2934 979 3000 ecelesia
1031 2932 1488 3000 sollicitudinis
1552 2934 1624 3001 in
1682 2935 1969 3000 Domino
2032 2936 2306 3017 peperit,

340 3028 619 3107 propter
651 3020 1049 3104 singularem
1091 3020 1524 3099 dilectionem,
1574 3040 1769 3104 quam
1807 3042 1964 3106 erga
1998 3020 2182 3086 illam
2227 3021 2308 3087 ab

340 3128 416 3173 66
460 3116 763 3190 tempore
805 3106 1071 3189 concepi
1118 3126 1246 3190 quo
1281 3106 1566 3190 primum
1604 3106 1855 3172 Christi
1892 3106 2307 3191 evang-elium

341 3191 654 3277 amplexa
686 3199 805 3258 est.
892 3192 1188 3258 Maxime
1221 3192 1324 3258 vel
1365 3192 1489 3258 hoe
1524 3193 1691 3258 seire
1734 3193 1940 3276 cupio,
1984 3192 2308 3275 quomodo

342 3301 409 3346 se
450 3279 639 3345 illius
680 3278 968 3345 ministri
1011 3278 1083 3343 16
1127 3277 1416 3343 Domino
1459 3284 1699 3361 gerant
1737 3287 1804 3343 et
1846 3278 2004 3361 quid
2049 3280 2118 3344 in
2164 3280 2308 3346 istis

340 3364 748 3431 tumultibus
770 3365 1023 3448 possint
1041 3364 1151 3432 vel
1173 3385 1304 3429 non
1339 3365 1611 3449 possint,
1657 3371 1725 3429 et
1755 3365 1905 3447 quis
1936 3365 2024 3430 sit
2043 3364 2308 3430 illorum

340 3471 667 3518 numerus
709 3459 776 3516 et
814 3471 981 3535 quae
1040 3451 1326 3516 nomina.
1414 3450 1567 3515 -Tibi
1620 3449 1814 3517 eredo
1868 3449 2032 3515 haee
2086 3452 2309 3516 omnia

339 3546 505 3604 nota
546 3558 690 3603 esse
733 3545 809 3602 ut
851 3538 961 3620 qui
1012 3536 1167 3602 olim
1225 3536 1336 3602 isti
1395 3536 1708 3602 ecelesiae
1763 3537 2138 3619 praefueris.
2229 3535 2308 3603 Si

339 3621 610 3707 quando
663 3621 747 3688 ad
798 3643 908 3689 me
964 3623 1329 3706 scripturus
1388 3643 1489 3700 es,
1557 3621 1628 3687 id
1684 3619 1860 3705 quod
1913 3622 2131 3702 facies,
2186 3643 2309 3707 per

340 3708 692 3777 Christum
738 3715 805 3774 te
849 3729 983 3786 oro,
1042 3717 1226 3792 potes
1268 3707 1365 3773 uti
1408 3728 1607 3791 opera
1666 3707 1862 3774 amici
1919 3708 2134 3786 huius,
2194 3709 2304 3792 qui

338 3803 500 3862 tuas
542 3793 709 3860 mihi
753 3805 821 3860 et
862 3815 1043 3860 meas
1100 3794 1219 3859 tibi
1277 3793 1559 3859 fideliter
1617 3792 1997 3859 redditurus
2057 3802 2173 3873 est,
2232 3802 2308 3859 ut

340 3884 634 3955 interea,
699 3878 859 3945 dum
922 3879 1031 3947 hie
1094 3881 1367 3946 haerere
1432 3899 1662 3962 cogor,
1729 3886 1963 3945 mutuo
2014 3879 2308 3946 literario

340 3966 670 4051 colloquio
710 3967 1027 4046 fruamur,
1073 3964 1278 4033 donee
1320 3986 1539 4032 coram
1585 3964 1756 4049 apud
1800 3986 1919 4030 vos
1976 3967 2166 4049 (nam
2223 3965 2307 4031 ad

343 4054 688 4121 eeclesiam
746 4061 1039 4118 vestram
1096 4054 1227 4117 iam
1292 4050 1581 4119 seeundo
1644 4053 1995 4118 revocatus
2053 4059 2232 4130 sum)
2249 4051 2308 4138 ²)

345 4139 708 4206 amicitiam
752 4139 823 4203 in
861 4138 1152 4205 Domino
1195 4137 1654 4221 provehamus.
1756 4136 2160 4203 Commendo
2201 4158 2311 4204 me

345 4234 414 4291 et
456 4224 802 4293 ecelesiam
847 4235 1139 4291 nostram
1183 4225 1487 4308 precibus
1522 4224 1674 4302 tuis,
1718 4222 1922 4288 frater
1956 4224 2308 4290 carissime.

346 4311 539 4378 Bene
586 4310 753 4376 vale.
861 4311 1203 4395 Augustae
1249 4308 1745 4375 vindelicorum
1798 4314 1961 4373 1540
2006 4309 2161 4374 Iulii
2207 4313 2307 4374 23.

1311 4446 1755 4530 wolfgangus
1798 4446 2140 4511 Masculus

1308 4544 1466 4598 tuus
1508 4533 1579 4595 in
1622 4533 1909 4597 Domino
1954 4539 2145 4598 totus.

561 4771 627 4838 2)
662 4773 781 4829 κῆ.
828 4773 1127 4830 Vindelicis
1162 4772 1241 4828 ud
1274 4781 1487 4842 tenpus
1521 4775 1736 4828 mm
1770 4788 1806 4824 6
1840 4773 2170 4841 πορίσω-(ιτα
2205 4773 2314 4824 Ar·

348 4843 1061 4916 madeant-eam

3317 707 3470 780 22⁸.

2490 859 3113 927 MARGUERJTE
3162 861 3290 929 DE
3333 863 3788 931 NAVARRE
3834 867 3892 931 A
3939 865 4310 934 OALVIN.

2596 1055 2743 1123 Ello
2784 1080 2827 1124 a
2867 1059 3080 1125 reu-ssi
3122 1060 3167 1125 ὰ
3194 1061 3479 1144 justifies·
3523 1060 3870 1129 Sleidanus
3909 1084 4043 1129 aux
4081 1084 4245 1147 yeux
4287 1066 4377 1132 du

2426 1142 2555 1208 Rei
2597 1143 2672 1209 de
2715 1142 2979 1222 Franco,
3022 1145 3223 1229 lequel
3258 1152 3350 1213 est
3393 1148 3574 1214 aussi
3611 1149 3899 1230 satisfecit
3948 1150 4058 1215 des
4114 1151 4378 1218 services

2424 1228 2465 1292 ὰ
2513 1229 2611 1293 lui
2662 1231 2900 1295 rendus
2939 1252 3075 1312 par
3132 1230 3356 1298 Calvin
3408 1239 3464 1298 et
3509 1254 3609 1299 ses
3662 1235 3845 1301 amis.
3947 1234 4243 1320 Mariaqe
4299 1236 4378 1303 dc

2423 1313 2670 1380 Jeanne
2711 1315 2993 1382 d'Albret
3034 1338 3180 1384 avec
3222 1319 3278 1385 le
3318 1319 3439 1385 duc
3481 1319 3557 1385 de
3598 1318 3828 1386 claves.

2424 1510 2837 1580 (Bibliotheque
2873 1514 3163 1581 nationale,
3198 1515 3494 1570 collection
3529 1517 3615 1570 Du
3655 1535 3746 1588 ny.
3806 1519 3934 1573 Vol.
3975 1519 4089 1585 102,
4124 1522 4218 1577 fol.
4257 1522 4372 1576 179.

2423 1578 2609 1649 Copia.
2653 1609 2715 1619 —
2753 1581 3041 1649 imprimes
3076 1583 3211 1636 dana
3245 1584 3298 1638 16
3337 1584 3571 1640 Bulletin
3647 1605 3678 1641 e
3711 1587 3767 1640 la
3789 1586 4002 1643 Societe'
4021 1589 4089 1643 de
4114 1590 4375 1647 l'histoire

2666 1649 2738 1702 du
2773 1652 3219 1718 protestantisme
3254 1652 3505 1722 sraneais.
3579 1654 3640 1708 Τ.
3677 1654 3866 1711 XVII.
3903 1675 3954 1728 p.
3993 1656 4136 1724 374.)

2986 1841 3050 1905 A
3094 1840 3435 1908 Monsieur
3478 1841 3818 1911 Calvinus.

2592 1973 2851 2059 Regina
2892 1975 3289 2060 margareta.

2593 2126 2832 2212 Galvyn
2875 2127 3019 2214 I'ay
3063 2151 3257 2197 reeeu
3294 2139 3512 2197 vostre
3558 2132 3751 2199 lettre
3795 2155 3913 2218 par
3961 2135 4372 2214 Selidanus1)

2414 2213 2630 2296 166661
2679 2216 2749 2298 je
2806 2215 2958 2299 n'ay
3016 2237 3098 2281 eu
3156 2216 3366 2300 grand
3420 2219 3616 2301 peine
3671 2217 3752 2285 (16
3786 2222 4078 2304 justifier
4133 2245 4374 2290 envers

2412 2299 2476 2364 le
2520 2299 2690 2384 Roy,
2736 2321 2869 2366 veu
2927 2301 3024 2366 les
3076 2302 3238 2368 bons
3291 2303 3651 2390 tesmoings
3708 2306 3844 2389 quil
3897 2327 3939 2372 a
3990 2329 4074 2374 eu
4127 2308 4208 2375 (16
4251 2330 4373 2376 666

2415 2386 2669 2451 service
2737 2386 3039 2469 ausquels
3092 2387 3142 2452 11
3197 2407 3238 2451 6
3289 2387 3586 2455 adiouste
3642 2390 3790 2473 plus
3849 2391 3932 2457 de
3980 2394 4088 2478 foy
4147 2416 4272 2478 que
4330 2415 4374 2460 a

2415 2479 2566 2536 tous
2609 2471 2705 2538 les
2749 2481 3052 2557 rapports
3096 2474 3253 2538 faux
3298 2479 3494 2556 qu’on
3537 2475 3662 2560 luy
3704 2486 3853 2543 eust
3906 2498 4062 2544 sceu
4105 2480 4288 2547 faire.
4308 2484 4371 2559 ²)

2414 2557 2508 2621 Et
2551 2555 2870 2622 entendez
2913 2580 3042 2641 que
3075 2557 3238 2623 ledit
3258 2555 3588 2643 Seigneur
3613 2570 3713 2627 est
3733 2565 4375 2634 merveilleusement

2413 2643 2695 2708 satisfait
2749 2642 2865 2709 des
2920 2645 3085 2711 bons
3142 2646 3430 2710 services
3483 2666 3611 2728 que
3663 2667 3832 2713 vous
3888 2656 3956 2713 et
4009 2650 4107 2715 les
4150 2660 4373 2718 autres

2413 2727 2512 2792 lui
2566 2729 2757 2794 faites
2809 2750 2932 2812 par
2983 2728 3203 2810 (16163)
3262 2729 3567 2814 desquels
3622 2731 3674 2796 11
3728 2740 3832 2801 est
3884 2734 4035 2800 bien
4094 2736 4371 2805 adverti.

2413 2814 2601 2880 Vous
2644 2835 2802 2881 avez
2837 2815 3253 2881 maintenant
3286 2816 3576 2883 entendu
3610 2817 3676 2883 la
3707 2821 4238 2887 consummation
4279 2821 4372 2889 du

2412 2900 2706 2985 mariage
2748 2901 2858 2983 qui
2904 2923 2945 2967 a
2987 2911 3124 2967 este
3165 2902 3289 2967 fait
3330 2902 3412 2967 de
3456 2904 3707 2970 Monsr.
3753 2905 3817 2970 le
3858 2904 3987 2971 due
4027 2905 4111 2973 de
4157 2906 4372 2975 C'leves

2412 2994 2483 3051 et
2550 2985 2632 3051 de
2697 3007 2811 3052 ma
2870 2987 3023 3052 fille.
3045 2988 3104 3072 ⁴)
3211 2988 3288 3054 Ie
3350 3009 3516 3055 vous
3580 2990 3723 3072 prie
3787 2992 3998 3058 croire
4073 3001 4144 3059 et
4205 2994 4371 3060 faire

2413 3071 2734 3139 entendre
2776 3079 2819 3139 a
2860 3080 3010 3139 tous
3049 3094 3174 3140 vos
3212 3076 3378 3139 amis
3412 3095 3539 3159 que
3553 3074 3613 3161 ὁ)
3656 3075 3720 3140 16
3761 3076 3913 3163 Roy
3957 3077 4041 3143 (16
4077 3078 4374 3147 Navem

2414 3166 2480 3224 et
2531 3180 2687 3243 moy
2740 3180 2906 3225 nous
2956 3171 3196 3225 tenens
3249 3170 3399 3225 tant
3453 3160 3752 3227 heureux
3808 3160 3891 3228 (16
3943 3183 4020 3230 66
4077 3166 4374 3250 mariage

2412 3265 2542 3327 que
2586 3266 2752 3310 nous
2794 3264 3084 3328 pensons
3137 3266 3266 3329 que
3308 3244 3487 3310 Dieu
3544 3266 3712 3313 nous
3756 3267 3799 3312 6
3854 3247 4072 3315 (16666
4129 3272 4222 3315 66
4263 3251 4371 3317 1116

2414 3330 2601 3396 66166
2656 3339 2879 3397 nostre
2931 3351 3129 3396 eoeur
3181 3341 3249 3397 et
3300 3333 3539 3414 esprit,
3600 3353 3721 3415 par
3773 3333 3987 3417 lequel
4042 3356 4211 3402 nous
4268 3355 4372 3402 es-

2410 3437 2653 3499 perons
2711 3437 2840 3500 que
2897 3437 3067 3483 nous
3123 3416 3346 3482 ferens
3401 3417 3634 3484 choses
3690 3425 3734 3485 6
3789 3441 3910 3485 666
3958 3419 4262 3487 honneur
4303 3429 4373 3486 et

2413 3501 2634 3586 gleire.
2653 3501 2713 3588 ⁶)
2802 3503 2990 3568 Vous
3033 3504 3251 3586 priant
3303 3524 3429 3587 que
3483 3524 3568 3568 en
3624 3525 3697 3570 se
3751 3525 3877 3589 que
3923 3526 4091 3572 vous
4147 3526 4372 3573 verres

2410 3609 2538 3671 que
2573 3591 2645 3672 je
2686 3608 2850 3655 vous
2891 3609 3178 3673 peurray
3233 3589 3396 3654 faire
3450 3588 3730 3673 quelque
3785 3590 3916 3656 bon
3975 3592 4203 3674 plaisir
4245 3612 4373 3677 que

2412 3695 2497 3738 ne
2555 3678 3002 3759 m’espargnez
3047 3683 3117 3739 et
3149 3676 3220 3758 je
3259 3696 3424 3741 vous
3465 3696 3729 3742 asseure
3771 3697 3896 3759 que
3931 3678 4003 3760 je
4056 3681 4190 3762 m’y
4231 3697 4372 3744 em-

2409 3761 2728 3845 ployeray
2772 3759 2853 3825 (16
2896 3761 3049 3825 bien
3089 3761 3216 3825 bon
3261 3779 3455 3826 coeur
3508 3772 3578 3825 et
3629 3761 3812 3846 feray
3871 3782 4038 3845 pour
4095 3783 4261 3829 vous
4302 3774 4371 3829 et

2411 3844 2509 3910 166
2553 3853 2775 3912 autres
2819 3853 2964 3910 tout
3005 3866 3080 3911 ce
3124 3844 3263 3930 quil
3307 3866 3414 3911 me
3455 3866 3605 3911 sera
3646 3845 3930 3930 possible
3972 3856 4041 3913 et
4083 3847 4269 3916 selon
4302 3849 4372 3915 la

2413 3931 2761 4014 puissanee
2814 3952 2942 4014 que
2994 3931 3169 3997 Dieu
3227 3935 3397 3997 m’en
3454 3931 3762 3998 donnera.
3860 3932 3938 3997 Ie
4001 3953 4165 4001 vous
4226 3934 4370 4017 pria

2414 4016 2595 4082 aussi
2637 4016 2977 4083 continuet
3019 4039 3061 4082 6
3100 4018 3266 4082 faire
3308 4017 3370 4082 le
3414 4019 3663 4084 service
3705 4039 3791 4083 66
3830 4017 3982 4103 Roy
4035 4039 4163 4102 que
4205 4041 4370 4086 vous

2449 4323 2584 4385 226.
2623 4323 2677 4390 1)
2720 4322 3023 4378 Slet‘danus.
3103 4322 3189 4389 Cf.
3227 4323 3302 4379 N.
3340 4322 3456 4377 178.

2417 4462 2471 4516 d’
2488 4391 3357 4530 ‘nterprmetle'egi-elzemaegsfflzu?
3382 4391 4039 4525 (11,ῐῖᾖῇρῖωὲιῶ
4064 4409 4280 4534 2116696
4311 4399 4369 4519 ,ὰ

2417 4479 2741 4612 Peisssmble'e
2776 4531 2842 4584 de
2881 4528 3206 4596 Smalcalde,
3253 4545 3321 4584 en
3367 4528 3530 4595 1540)
3552 4521 3558 4528 ’
3577 4545 3693 4584 aux
3724 4526 4098 4598 ηέροοίαιίοιιε
4131 4547 4261 4588 avec
4294 4532 4370 4587 les

2414 4604 3085 4750 Woekfrmflmu·
3130 4681 3198 4720 en
3241 4664 3564 4720 travafflm
3595 4667 3633 4720 ὰ
3665 4665 4001 4734 ramothen-
4033 4682 4122 4721 ees
4150 4665 4369 4737 princes

2417 4736 2495 4791 du
2534 4735 2685 4868 13⁰2)
2725 4802 2793 4858 15
2835 4804 3009 4868 juillet
3055 4801 3195 4859 1540
3245 4804 3321 4869 (et
3362 4819 3476 4857 non
3524 4800 3563 4856 8
3597 4803 3730 4870 juin
3772 4802 3906 4856 lm
3949 4819 4148 4859 comme
4188 4807 4237 4859 lc
4284 4803 4368 4859 dit

2423 4873 2651 4928 Slet’dan
2672 4871 2899 4939 11187,
2931 4870 3081 4937 219).
3139 4870 3354 4927 Jeannae
3388 4870 3636 4927 &Albo-et
3665 4870 3880 4927 n’acait
3910 4888 4014 4942 que
4047 4874 4212 4927 troiae
4244 4887 4366 4928 m.

2425 4942 2496 4997 Ge
2544 4945 2791 5012 mariaye
2824 4945 2923 5011 fut
2955 4958 3149 5009 rompu
3178 4956 3289 5008 par
3322 4941 3369 4994 le
3409 4939 3524 4994 Rm·
3556 4943 3694 4995 trois
3735 4956 3842 4996 am
3870 4946 3999 5009 pm
4043 4941 4173 4996 tara
4205 4941 4368 5009 apr&

2421 5012 2481 5066 la
2514 5011 2720 5077 de'faite
2750 5018 2803 5065 et
2833 5012 3164 5064 conmissum·
3196 5009 3272 5063 du
3308 5009 3414 5064 due
3441 5025 3553 5077 par
3586 5008 3945 5080 l'Evnpev-eur.

2575 5077 3120 5206 'Plemmwi'
3151 5114 3375 5130 .....
3410 5076 4367 5147 mammeas-oleum

2624 5189 2681 5284 65
2724 5216 2847 5278 Ceos·
2893 5216 3030 5282 n'ut
3074 5222 3410 5297 ·m,wact.
3509 5213 3636 5272 Eue
3690 5216 3845 5270 mit
3883 5214 4004 5282 fuit
4053 5213 4372 5278 aue-mm

2419 5286 2826 5369 ἀᾴωριπουυον
2860 5286 2908 5339 le
2941 5301 3115 5340 mana
3156 5299 3183 5337 e
3210 5300 3321 5353 par
3354 5284 3428 5338 les
3465 5281 3632 5339 Etats
3663 5283 3732 5339 de
3782 5282 4056 5339 Navarra.
4133 5283 4362 5352 (Mur-et,

2419 5356 2546 5409 lust.
2584 5354 2652 5407 de
2688 5355 2740 5408 J.
2780 5354 3030 5408 d’Albret
3065 5353 3096 5406 1
3169 5352 3203 5406 2
3236 5369 3288 5422 p.
3327 5349 3441 5416 47.)
