5050 6167
605 439 727 503 347

603 625 975 691 illustretur
1018 621 1207 686 donis
1251 618 1524 702 spiritus
1568 616 1795 681 sancti.
1902 614 2164 698 Alioqui
2216 614 2371 697 quid
2437 637 2558 697 pu-

604 712 758 777 tatis
835 710 1146 775 finitimas
1203 725 1493 788 quasque
1559 703 1889 786 regiones,
1953 701 2239 765 maxime
2303 702 2556 783 impias,

605 797 760 863 inde
815 795 1082 861 calcaris
1122 799 1499 874 accepturas
1559 789 1642 852 ad
1699 788 2122 871 pertinaciam
2167 796 2397 852 contra
2438 807 2559 850 no-

604 905 760 951 vam
805 881 914 967 (ut
965 888 1067 946 est
1118 876 1385 961 papatui
1443 885 1621 939 certe
1675 881 1876 949 nova)
1932 871 2338 937 doctrinam?
2429 872 2558 935 Ta-

604 967 801 1034 metsi
867 988 1021 1032 vero
1077 963 1158 1027 de
1223 961 1477 1027 Farello
1557 959 1726 1024 nihil
1802 958 2051 1022 sinistri
2131 957 2557 1039 concipimus,

605 1075 948 1119 monemus
1003 1063 1254 1124 tamen,
1314 1047 1370 1112 si
1422 1067 1527 1109 res
1582 1045 1674 1109 sic
1731 1054 1807 1108 ut
1865 1045 2232 1125 accepimus
2291 1043 2556 1120 habent,

606 1139 796 1206 cedat
849 1138 1063 1221 potius
1120 1154 1315 1216 quam
1371 1131 1713 1196 seditionis
1772 1130 1879 1194 vel
1948 1129 2228 1211 speciem
2298 1127 2556 1204 excitet,

605 1227 806 1294 etiam
851 1225 924 1287 in
965 1222 1321 1287 iustissima
1360 1238 1572 1283 causa.
1663 1215 1978 1281 Gladium
2027 1214 2206 1278 venit
2249 1212 2557 1278 Christus

605 1314 871 1378 mittere
929 1310 996 1372 in
1054 1319 1326 1382 terram,
1384 1325 1518 1366 non
1572 1323 1814 1387 pacem.
1918 1299 2086 1377 Sed,
2142 1300 2308 1363 bone
2351 1299 2557 1376 Deus„

605 1417 806 1482 quam
849 1395 1044 1476 longe
1088 1392 1218 1456 alia
1257 1391 1527 1454 ratione.
1615 1387 1938 1468 Quocirca
1980 1405 2288 1468 rogamus
2334 1397 2401 1447 et
2444 1383 2556 1448 ob-

608 1502 975 1556 secramus,
1051 1479 1104 1542 si
1171 1475 1472 1558 migratio
1541 1473 1784 1540 Farelzi
1849 1470 2237 1536 seditionem
2317 1470 2559 1553 poterit

609 1565 1017 1642 abscindere,
1079 1564 1218 1628 viro
1278 1559 1492 1624 velitis
1546 1560 1758 1642 potius
1805 1578 2023 1622 carere
2079 1578 2275 1638 quam
2337 1555 2558 1620 videre

609 1653 1001 1736 sanguinem
1056 1650 1135 1714 ob
1194 1655 1531 1730 peccatum
1585 1646 1725 1710 sine
1781 1645 1998 1707 fructu
2067 1642 2390 1725 evangelii
2441 1663 2559 1723 per

610 1739 995 1806 seditionem
1031 1733 1235 1799 fundi.
1307 1731 1439 1795 Hoc
1477 1731 1652 1794 enim
1691 1730 1818 1794 nisi
1860 1730 1994 1804 fiat,
2041 1726 2559 1810 indignationem

608 1824 884 1891 Domini
941 1842 1070 1885 non
1141 1818 1481 1901 effugietis.
1584 1813 1911 1879 Farellum
1979 1814 2164 1878 novit
2229 1812 2560 1876 Dominus

610 1910 968 1985 sustinere,
1024 1914 1101 1970 ut
1156 1926 1288 1969 non
1347 1903 1435 1967 sit
1490 1923 1653 1983 opus
1719 1921 1865 1964 eam
1933 1897 2014 1963 ob
2070 1919 2209 1962 rem
2265 1898 2442 1962 curis
2489 1919 2560 1960 sc

609 2014 941 2061 macerare
984 2011 1372 2073 quenquam.
1460 1987 1632 2051 Boni
1677 1984 1992 2050 consulite
2035 1984 2559 2048 exhortationem

611 2089 923 2146 nostram.
988 2076 1221 2140 Valete
1256 2076 1327 2138 in
1363 2072 1648 2138 Christo,
1717 2071 2016 2135 Basileae
2041 2074 2140 2134 24.
2166 2068 2560 2134 Novembris

613 2187 787 2233 anno
837 2169 1012 2227 1541.

1096 2298 1366 2362 Fratres
1409 2294 1680 2379 parochi
1724 2291 2125 2357 Basilienses
2172 2291 2386 2356 vestri.

1518 2841 1662 2910 377.

1044 2993 1628 3065 LIBERTETUS
1673 2993 2133 3061 FARELLO.

790 3189 1071 3255 Genevae
1112 3187 1273 3270 loyes
1315 3185 1756 3251 ecclesiasticae
1789 3183 2222 3267 promulyatae
2262 3188 2424 3248 sunt.

615 3379 974 3445 (Excerptum
1012 3391 1079 3428 ex
1098 3372 1897 3502 ‘'ammplffafffflif’affl’sum
1917 3370 2383 3426 Neocomensium.
2415 3371 2558 3440 Epp.

781 3630 999 3696 Fideli
1043 3629 1295 3696 Christi
1339 3649 1528 3693 servo
1573 3627 1907 3694 Gulielmo
1956 3627 2218 3694 Farello
2262 3628 2450 3692 fratri
2494 3638 2562 3692 et

609 3717 817 3783 amico
863 3715 1303 3800 integerrimo,

2062 3799 2386 3864 Neocomi.

783 4023 1095 4089 Genevae
1138 4022 1413 4088 feliciter
1455 4021 1813 4088 succedunt
1843 4021 2105 4098 omnia,
2163 4031 2230 4085 et
2273 4022 2404 4084 iam
2445 4042 2564 4103 pu·

607 4110 776 4176 blico
831 4109 1041 4173 edicto
1098 4108 1376 4191 singulis
1446 4106 1669 4172 diebus
1737 4106 1916 4172 Iovis
1983 4128 2209 4171 omnes
2267 4108 2559 4171 concioni

605 4196 923 4260 interesse
967 4195 1293 4272 iubentur,
1340 4193 1538 4257 etiam
1583 4193 1810 4258 famuli
1856 4203 1923 4257 et
1964 4192 2269 4270 famulae,
2329 4193 2440 4274 qui
2484 4214 2560 4256 eo

609 4279 716 4345 die
784 4280 864 4344 ab
919 4300 1112 4360 opere
1185 4278 1564 4361 quotidiano
1628 4299 1884 4344 cessare
1948 4278 2286 4354 iubentur,
2355 4277 2560 4343 donec

608 4365 865 4432 solutus
932 4367 1016 4428 sit
1082 4375 1301 4430 coetus
1373 4374 1441 4429 et
1520 4365 1720 4429 sacris
1785 4365 2219 4428 interfuerint.
2249 4365 2295 4438 ¹)
2404 4364 2560 4427 Dis-

607 4450 889 4533 ciplinae
946 4449 1232 4532 aliquam
1296 4470 1436 4516 esse
1499 4450 1760 4531 praxim
1821 4449 2044 4524 audi0‚
2112 4457 2180 4513 et
2242 4447 2560 4513 formulae

657 4544 867 4601 artem
884 4537 940 4612 ²)
975 4536 1337 4600 obtinuisse
1377 4536 1628 4601 fratres.
1715 4535 2235 4600 Praeleetionem
2292 4555 2368 4599 ac
2428 4534 2558 4598 col-

606 4558 975 4705 foquiorum
996 4624 1052 4698 ⁸)
1087 4623 1370 4687 fructum
1395 4621 1499 4687 vel
1522 4622 1591 4685 in
1629 4620 2131 4688 circumvicinos
2153 4619 2558 4684 uberrimum

610 4706 896 4773 derivari
935 4707 1234 4774 videmus
1280 4729 1355 4772 ac
1401 4708 1740 4773 sentimus.
1805 4705 2131 4772 Dominus
2166 4726 2328 4788 opus
2365 4726 2559 4769 suum

618 4883 668 4891 —
715 4885 724 4888 -
771 4878 1016 4888 ----.-——

2003 427 2531 497 EPIS'POLAE
2578 432 2917 493 376-378

4485 433 4606 498 348

2661 614 2899 697 ubique
2951 616 3248 697 perficiat
3294 637 3702 701 regnumque
3744 639 3936 683 suum
3979 619 4048 683 in
4095 618 4232 685 dies
4274 619 4606 703 augustio-

2660 723 2808 764 rum
2852 699 3100 766 reddat.
3191 737 3813 753 ——————
3864 741 3956 778 ‚—
4006 742 4093 751 —
4130 704 4459 770 Thononii
4504 708 4602 773 24.

2662 786 2828 852 Nov.
2883 792 3061 850 1541.

2834 924 3014 988 Tuus
3058 931 3340 1006 quantus
3383 933 3668 1006 quantus
3712 937 3811 990 est
3854 947 3969 1009 per
4013 927 4282 991 Domini
4330 928 4609 1011 gratiam

3343 1009 3716 1094 Christoph.
3764 1011 4157 1077 Libertetus.

3395 1289 3799 1299 w

3553 1506 3706 1576 378.

3140 1641 3609 1711 OALVINUS
3656 1645 4120 1712 FARELLO.

2841 1813 3081 1876 Tristes
3145 1815 3364 1878 nuncii
3429 1835 3505 1879 ex
3577 1814 4007 1898 Ama-morato.
4116 1816 4364 1882 Farelli
4423 1838 4613 1898 prae·

2663 1899 2867 1962 sentia
2930 1898 3209 1963 Genevae
3264 1905 3613 1981 exspectata
3670 1907 3723 1965 et
3789 1903 3986 1966 utilis.
4081 1902 4304 1968 Schola
4366 1908 4616 1968 restau-

2663 1985 2885 2047 randa.
2990 1984 3239 2050 Liberae
3290 2006 3365 2048 ex
3427 1986 3772 2052 Germania
3824 1988 4225 2057 desideratae.
4328 1989 4619 2073 Alberyii

2665 2070 3127 2134 criminationes
3171 2075 3227 2134 et
3264 2071 3421 2150 fata.

2667 2242 2779 2304 (Ex
2834 2239 3172 2309 autographo
3225 2241 3365 2296 Bibl.
3415 2241 3618 2296 Genev.
3669 2244 3799 2297 Cod.
3850 2243 3966 2308 106,
4016 2245 4106 2296 fol.
4157 2243 4242 2296 72.
4324 2246 4622 2316 Impressa,

2667 2309 2764 2362 sed
2810 2325 2877 2361 ex
2924 2315 3081 2377 parte
3124 2317 3363 2374 tantum,
3411 2312 3609 2380 legitur
3655 2329 3741 2381 ap.
3788 2313 3982 2366 Bezam
4031 2314 4112 2366 ed.
4163 2315 4369 2368 Genev,
4420 2334 4473 2385 p.
4532 2316 4620 2384 33,

2725 2379 2991 2431 Lausann.
3027 2395 3079 2446 p.
3116 2377 3200 2445 77,
3238 2380 3449 2433 Hauov,
3484 2397 3535 2449 p.
3572 2380 3656 2446 86,
3694 2381 3919 2436 Ghouet.
3960 2400 4010 2451 p.
4046 2382 4131 2451 42,
4168 2385 4339 2436 Amat.
4374 2401 4426 2453 p.
4466 2383 4585 2452 19.)

3205 2565 3343 2633 Suo
3388 2568 3745 2634 Guillelmo
3788 2570 4066 2635 Farello.

2841 2700 3225 2785 Scripturas
3262 2724 3441 2768 eram
3477 2705 3801 2789 longiores
3827 2706 4050 2772 literas
4074 2717 4137 2772 et
4160 2709 4626 2792 accuratiores,

2667 2789 2760 2852 ita
2817 2789 2990 2853 enim
3049 2809 3154 2854 res
3209 2791 3544 2872 poscebat:
3605 2813 3837 2856 verum
3891 2815 4091 2876 quum
4174 2794 4338 2857 mihi
4403 2795 4632 2864 bonus

2667 2874 2776 2938 hic
2815 2875 3018 2938 frater
3058 2877 3449 2954 nunciasset,
3494 2875 3824 2942 sublatum
3867 2899 4008 2943 esse
4062 2880 4246 2944 nobis
4290 2880 4634 2962 optimum

2666 2969 2917 3041 patrem
2978 2969 3277 3025 nostrum
3326 2970 3392 3027 et
3452 2974 3713 3028 sanctae
3754 2965 4106 3029 memoriae
4156 2963 4548 3050 Capitonem,
4576 2971 4630 3049 ¹)

2665 3044 2985 3109 Bacerum
3038 3067 3196 3111 vero
3254 3055 3435 3130 peste
3491 3047 3884 3199 laboral-effi)
3949 3051 4040 3114 ita
4106 3051 4199 3115 fui
4265 3060 4489 3118 mente
4562 3063 4637 3120 et

2665 3132 2882 3195 animo
2926 3132 3284 3214 perculsus,
3344 3146 3418 3196 ut
3472 3133 3641 3197 nihil
3697 3134 3827 3199 aliu
3919 3158 4096 3201 nunc
4139 3158 4371 3219 queam
4415 3159 4637 3220 quam

2664 3215 2908 3299 lugere.
2998 3217 3308 3300 Ignosces
3350 3219 3572 3302 igitur,
3618 3221 3709 3283 mi
3753 3221 3982 3299 frater,
4040 3222 4210 3304 quod
4270 3224 4515 3289 breves
4565 3234 4640 3292 et

2666 3303 2964 3367 confusas
3007 3303 3233 3368 literas
3279 3303 3358 3368 de
3403 3326 3474 3369 re
3518 3327 3761 3388 magna
3804 3315 3871 3371 et
3913 3307 4083 3371 seria
4126 3329 4165 3372 a
4208 3330 4312 3373 me
4352 3311 4635 3394 accipis.

2666 3386 2813 3454 Scis
2866 3389 2960 3452 ita
3014 3389 3212 3454 fuisse
3267 3391 3439 3454 inter
3498 3412 3617 3455 nos
3672 3393 3753 3455 ab
3813 3392 3999 3457 initio
4042 3394 4505 3474 constitutum,
4558 3407 4644 3464 ut

2666 3475 2720 3537 si
2778 3473 3079 3551 redirem,
3140 3483 3214 3539 tu
3269 3497 3377 3540 me
3436 3475 3794 3552 reduceres,
3814 3479 3870 3559 3)
3927 3500 4055 3560 quo
4100 3479 4445 3562 utriusque
4499 3483 4641 3548 mi-

2666 3560 3048 3636 nisterium,
3117 3560 3287 3641 quod
3354 3583 3560 3625 unum
3637 3562 3794 3640 fuit,
3873 3562 4070 3628 simul
4139 3566 4641 3636 restitueretur.

2664 3645 2814 3709 Non
2861 3665 3092 3726 passus
3131 3654 3232 3710 est
3276 3646 3398 3711 hoc
3442 3645 3672 3726 Satan,
3732 3649 3839 3730 qui
3887 3649 4007 3712 sub
4051 3648 4115 3713 id
4166 3661 4425 3732 tempus
4477 3675 4645 3722 eam

2667 3741 3118 3813 tempestatem
3180 3732 3528 3810 excitavit,
3588 3743 3664 3797 ut
3719 3755 3851 3797 non
3910 3756 4131 3817 posses
4195 3735 4276 3799 ab
4342 3739 4649 3808 ecclesia

2667 3827 2781 3880 tua
2825 3816 2968 3880 sine
3012 3837 3269 3899 magno,
3315 3820 3446 3882 imo
3491 3819 4019 3901 praesentissimo
4071 3824 4393 3903 naufragii
4445 3827 4647 3908 peri-

2666 3901 2812 3967 culo
2855 3900 3085 3983 pedem
3132 3923 3412 3967 movere.
3502 3904 3896 3969 Distulimus
3950 3926 4026 3969 eo
4085 3929 4287 3988 usque
4345 3908 4520 3975 dum
4571 3921 4649 3979 te

2665 3988 2809 4051 istis
2865 3987 3071 4051 turbis
3127 3988 3456 4054 Dominus
3508 3989 3830 4054 liberaret.
3933 3991 4127 4057 Nunc
4191 4015 4393 4074 quum
4482 3998 4650 4065 eius

2667 4072 2976 4137 beneficio
3022 4093 3126 4137 res
3161 4074 3310 4138 istic
3344 4076 3704 4158 pacatiores
3739 4098 3879 4140 esse
3924 4076 4283 4150 audiamus,
4305 4079 4362 4165 ⁴)
4409 4101 4651 4164 quum

2665 4158 3011 4222 ministerii
3053 4160 3261 4223 nostri
3297 4162 3680 4238 communis,
3727 4169 3869 4226 tum
3904 4184 4052 4226 mea
4088 4164 4429 4245 privatim,
4484 4179 4655 4236 tum

2666 4243 2973 4309 ecelesiae
3011 4244 3204 4307 etiam
3244 4247 3589 4311 universae
3632 4248 3920 4326 interest,
3966 4257 4029 4311 te
4073 4248 4277 4316 semel
4320 4250 4465 4319 hue
4516 4276 4654 4320 ve—

2667 4331 2836 4393 nire:
2894 4330 2948 4392 si
3003 4327 3186 4393 nulla
3239 4331 3368 4395 alia
3421 4333 3587 4396 ratio
3633 4341 3840 4409 essct,
3901 4343 4234 4415 praestare
4278 4342 4523 4405 tamen
4578 4348 4656 4407 te

2666 4414 2850 4479 decet
2902 4435 3095 4495 quam
3150 4416 3316 4480 mihi
3373 4415 3570 4481 fidem
3626 4417 3880 4482 dedisti.
3980 4419 4232 4483 Verum
4289 4433 4497 4504 sunt,
4562 4433 4657 4493 ut

2665 4500 2823 4578 dixi,
2869 4499 3089 4582 plures
3134 4509 3201 4564 et
3235 4502 3513 4568 maiores
3548 4522 3797 4578 causae,
3843 4525 4008 4585 quae
4045 4505 4291 4569 nullam
4339 4507 4475 4574 tibi
4518 4533 4656 4579 ex-

2662 4586 3061 4652 cusationem
3092 4586 3483 4670 relinquunt.
3552 4586 3917 4654 Audiebam
3960 4610 4159 4671 quum
4195 4591 4341 4657 ist-ic
4377 4615 4658 4681 essem,

2662 4679 3039 4754 praetextus
3082 4673 3301 4737 nescio
3345 4693 3535 4755 quos,
3591 4674 3699 4754 qui
3743 4673 3906 4737 mihi
3953 4673 4398 4758 displicebant.
4511 4683 4657 4751 Di.

2662 4758 2852 4822 cebas
2892 4763 2960 4821 te
3005 4778 3044 4821 a
3084 4757 3323 4840 populo
3367 4758 3732 4840 expulsum,
3777 4781 3907 4824 non
3952 4781 4142 4846 posse
4184 4762 4390 4846 igitur
4444 4788 4495 4832 a.
4536 4792 4661 4838 so-

654 4997 780 5055 377.
822 4999 874 5065 l)
909 4997 1068 5052 Haec
1111 5011 1228 5051 non
1271 4998 1356 5052 ita
1397 4998 1445 5051 le
1699 4993 1762 5046 in
1807 4992 1855 5046 le
1987 5008 2016 5046 ε
2059 4993 2238 5047 eccles.
2287 5012 2324 5047 a
2359 4998 2559 5047 senatu
2706 4993 2838 5054 378.
2880 4995 2932 5061 1)
2968 4994 3104 5048 obiit
3136 5013 3190 5048 a.
3227 4994 3280 5048 d.
3317 4995 3443 5049 III.
3479 4995 3630 5050 Non.
3668 4997 4014 5055 Novembris.

1421 5000 1680 5118 m.
1727 5077 1790 5130 p.
1842 4992 1986 5115 ἔξω
2021 5060 2107 5127 Cf.
2159 5061 2258 5116 Ka

604 5081 806 5206 {rao
862 5068 991 5121 aas.
1081 5067 1230 5135 (νοτ.
1283 5067 1364 5121 x.

609 5289 827 5343 passees
861 5289 987 5327 sans
1022 5272 1340 5325 conti-edite.
1411 5268 1572 5336 (Req.
1609 5267 1688 5321 du
1722 5265 1939 5321 Gonea'l
1972 5266 2057 5321 20.
2094 5267 2223 5323 Nov
2237 5270 2267 5336 )

815 5335 2221 5411 &Neutranmwmtenspomfitaubimmia

2257 5063 2559 5132 mpschultc
2605 5035 2612 5118 ³
3027 5132 3038 5143 ⁸

806 5175 876 5273 '2)
908 5205 1018 5258 imo
1053 5209 1240 5258 totam.
1323 5204 1427 5255 Les
1475 5200 1859 5254 Ordounanees
1908 5200 1976 5251 de
2024 5199 2213 5268 leglise
2259 5200 2394 5255 hont
2441 5145 2611 5257 egoe'l
2653 5131 2846 5202 91¹⁴*ae
2878 5131 3037 5186 ²²50st
3069 5147 3193 5185 m
3226 5148 3413 5188 eorum
3446 5139 3634 5188 matre,

2657 5268 2831 5338 Aua)

2863 5063 2925 5126 2)
2964 5062 3052 5116 De
3084 5065 3302 5118 Buoero
3336 5080 3526 5118 rmor
3557 5065 3738 5130 falsus
3782 5075 3933 5136 erat,
3983 5084 4170 5123 venun
4216 5074 4439 5127 mortm‘
4498 5084 4662 5138 sunt

2865 5200 2923 5264 3)
2959 5216 3075 5255 mm
3107 5201 3283 5257 imao
3327 5208 3525 5257 matu
3559 5203 3880 5260 amomi.
3953 5205 4112 5274 (aeq.
4149 5205 4228 5261 au
4263 5207 4515 5267 Come-‘1
4554 5217 4665 5275 ao.

2790 5309 3352 5407 'mmmmm
3388 5340 3884 5398 maiam
3927 5344 4538 5407 ademtam.
