5050 6167
594 409 714 471 161

588 599 663 659 et
707 593 875 661 serio
914 589 1432 659 incumbendum
1467 610 1826 669 censemus,
1872 609 2002 673 qno
2035 598 2291 656 mature
2325 610 2553 655 occur-

593 676 874 746 rendum
910 685 1029 758 est,
1075 699 1158 743 ne
1195 675 1372 742 ullus
1408 675 1677 760 posthac
1711 676 2120 758 relinquatur
2154 675 2553 742 turbulentis

594 765 742 832 istis
784 772 853 829 et
894 763 1159 848 tragicis
1202 784 1424 828 rerum
1484 761 2044 829 vicissitudinibus
2099 761 2298 828 locus.
2386 761 2551 825 Fin-

595 850 814 936 genda
877 870 1031 917 cera
1094 856 1195 915 est
1258 846 1572 932 quamdiu
1639 847 1854 913 mollis
1907 856 2009 914 est
2070 854 2138 912 et
2190 846 2273 913 ad
2329 847 2553 912 omnia

596 956 873 1020 sequax:
937 934 1298 1001 flectendas
1362 955 1490 1017 quo
1556 934 1734 999 voles
1798 931 2180 999 arbusculae
2237 931 2552 1017 quamdiu

594 1020 852 1088 flexiles
875 1029 1048 1101 sunt,
1086 1021 1464 1104 priusquam
1491 1018 1896 1104 obriguerint
1917 1018 2473 1101 induruerintque,
2493 1019 2553 1101 ⁸)

596 1127 758 1192 quas
793 1115 1018 1191 postea
1050 1106 1316 1191 frangas
1350 1106 1563 1189 potius
1600 1127 1796 1189 quam
1832 1104 2137 1189 corrigas.
2195 1105 2553 1189 Magistra-

596 1205 707 1259 tus
749 1190 977 1258 didicit
1018 1191 1374 1276 prophetas
1416 1192 1735 1271 revereri,
1779 1189 2059 1275 populus
2101 1211 2358 1275 parere:
2381 1189 2439 1277 ⁴)
2486 1197 2554 1254 et

594 1279 935 1345 famelicus
977 1299 1157 1343 nunc
1191 1276 1567 1344 avidissime
1609 1284 1801 1342 vorat
1841 1275 2012 1360 qnod
2060 1277 2447 1361 proponitur
2480 1276 2551 1341 in

640 1364 875 1429 loriam
903 1363 1194 1429 Domini.
1276 1362 1632 1448 Negotium
1660 1363 1782 1429 hoc
1804 1362 2022 1428 nullas
2045 1362 2294 1446 patitur
2315 1383 2550 1427 moras.

667 1451 773 1516 uic
807 1450 989 1516 oneri
1019 1448 1397 1534 paucissimi
1432 1449 1740 1514 humeros
1771 1448 2140 1514 subiiciunt.
2207 1448 2354 1532 Ego
2397 1446 2555 1531 quid

595 1536 729 1602 mei
774 1535 1039 1602 valeant
1080 1531 1365 1619 quotidie
1409 1535 1726 1618 experior.
1814 1534 1971 1600 Huc
2013 1536 2298 1601 concessi
2344 1534 2555 1599 fretus

596 1643 713 1706 spe
749 1620 1073 1687 adventus
1108 1621 1236 1686 tui:
1283 1641 1413 1686 non
1450 1641 1715 1705 possum
1752 1619 1864 1685 diu
1899 1620 2127 1685 abesse
2166 1619 2249 1684 ab
2282 1618 2556 1686 ecclesia

597 1707 1058 1775 Lausannensi
1116 1707 1245 1772 nisi
1304 1727 1488 1772 secus
1543 1706 1744 1771 fuerit
1799 1714 2233 1790 prospectum.
2335 1704 2555 1771 Multa

597 1791 760 1858 mihi
797 1799 957 1858 sunt
999 1789 1375 1859 devoranda
1426 1813 1594 1874 quae
1651 1799 1769 1857 tua
1819 1792 2196 1891 praesentia
2250 1788 2556 1857 redderet

596 1878 1006 1945 suavissima.
1085 1878 1459 1943 Ber-nenses
1502 1878 1636 1944 suis
1681 1876 1888 1942 literis
1931 1898 2144 1961 neque
2188 1875 2556 1962 adegerunt

596 1973 675 2030 ut
719 1964 849 2029 huc
893 1964 1205 2042 venirem,
1257 1984 1466 2046 neque
1509 1962 2010 2046 prohibuerunt,
2057 1960 2171 2029 sed
2213 1984 2360 2028 meo
2402 1984 2552 2046 per-

594 2050 919 2116 miserunt
976 2050 1248 2116 arbitrio
1314 2048 1695 2115 utrumlibet
1756 2048 2000 2133 eligere
2064 2048 2354 2132 placeret
2372 2100 2388 2127 ,
2458 2049 2554 2113 ita

594 2144 817 2201 tamen
863 2145 939 2201 ut
980 2134 1391 2200 manifestam
1449 2133 1685 2199 darent
1738 2135 2285 2219 significationem
2337 2135 2429 2218 pii
2485 2143 2554 2200 et

593 2221 896 2288 benevoli
938 2222 1007 2286 in
1050 2220 1224 2285 hanc
1265 2220 1605 2287 ecclesiam
1649 2221 1942 2299 affectus,
1992 2220 2180 2287 cuius
2225 2220 2549 2285 instaura·

596 2308 842 2373 tionem
867 2305 1259 2385 desiderant,
1286 2328 1413 2371 non
1438 2306 1720 2385 ruinam,
1757 2304 2067 2390 quidquid
2090 2304 2552 2372 machinentur

596 2393 811 2478 capita
866 2390 1185 2476 quaedam
1240 2391 1411 2457 male
1466 2392 1714 2456 feriata.
1805 2390 2168 2457 Concessus
2226 2398 2325 2457 est
2381 2391 2550 2456 mihi

595 2480 664 2545 in
706 2478 878 2546 hanc
922 2478 1262 2545 ecclesiam
1318 2476 1549 2556 aditus,
1607 2477 1722 2543 sed
1775 2477 1847 2541 in
1903 2484 2215 2543 semestre
2270 2486 2546 2543 tantum.

595 2563 792 2646 Quod
853 2564 1166 2647 temporis
1233 2564 1517 2648 spatium
1584 2561 1761 2629 haud
1823 2564 1983 2628 satis
2037 2570 2179 2629 tuto
2232 2565 2550 2628 conficere

589 2651 762 2729 licet,
806 2651 965 2734 quin
1009 2669 1203 2733 saepe
1246 2670 1426 2715 meos
1470 2649 1783 2714 revisam:
1829 2656 1898 2714 et
1939 2650 1995 2714 si
2041 2651 2326 2714 maxime
2369 2656 2550 2715 totus

590 2736 701 2803 hic
737 2736 975 2802 affixus
1009 2755 1245 2815 essem,
1289 2757 1422 2799 non
1460 2734 1907 2800 sufficeremus
1942 2744 2182 2813 tamen,
2231 2742 2551 2819 quotquot

588 2822 696 2888 hic
732 2842 980 2901 snmus,
1018 2829 1241 2885 tantae
1274 2820 1432 2884 moli
1469 2821 1906 2886 sustinendae.
2000 2819 2340 2886 Conamur
2374 2820 2548 2904 quod

587 2929 952 2992 possumus.
1025 2905 1240 2973 Multa
1274 2907 1720 2991 impetramus.
1801 2904 1937 2972 Sed
1971 2914 2107 2971 tam
2143 2906 2354 2971 multa
2389 2916 2550 2972 sunt

587 3015 755 3078 quae
820 2992 1141 3059 medicam
1204 3012 1475 3057 manum
1539 2991 1907 3075 requirant,
1982 3002 2055 3056 ut
2132 3013 2265 3058 non
2331 2991 2547 3059 solum

586 3080 908 3164 plurimis,
968 3077 1081 3144 sed
1138 3083 1206 3142 et
1293 3078 1663 3144 eritissimis
1716 3085 1782 3142 et
1836 3077 2395 3145 exercitatissimis
2456 3079 2548 3144 sit

586 3165 858 3232 medicis
903 3184 1088 3248 opus,
1133 3164 1246 3246 qui
1289 3184 1368 3228 us
1405 3165 1461 3229 si
1495 3171 1569 3229 tu
1606 3161 1945 3230 accederes
1984 3183 2322 3248 speramus
2358 3163 2545 3230 nobis

586 3251 773 3317 salva
816 3251 955 3315 fore
998 3250 1234 3314 omnia.
1322 3249 1569 3333 Magno
1605 3251 2005 3332 exspectaris
2044 3250 2337 3316 omnium
2376 3250 2544 3316 desi-

586 3335 784 3416 deri0,
864 3334 996 3400 uod
1030 3354 1115 3399 ne
1150 3334 1376 3400 fallere
1412 3334 1575 3401 velis
1610 3345 1673 3400 te
1712 3356 1832 3418 per
1852 3335 2197 3403 Christum
2231 3336 2540 3402 obtestor.

584 3421 797 3488 Ptoch
884 3420 1178 3501 ochenm,
1214 3420 1677 3499 nosocomium,
1715 3421 2081 3507 collegium,
2123 3429 2191 3487 et
2223 3420 2543 3506 quidquid

587 3506 863 3593 dignum
906 3514 1006 3572 est
1048 3526 1208 3571 cura
1238 3505 1568 3588 pastorali,
1613 3516 1799 3572 tuam
1843 3528 2034 3591 opem
2051 3507 2110 3591 ὅ)
2153 3508 2539 3593 efflagitant.

762 3592 1247 3659 Sammartanus
1261 3592 1319 3675 θ)
1384 3592 1488 3657 vir
1527 3591 1959 3671 doctissimus,
2025 3614 2217 3677 quem
2274 3595 2394 3660 tibi
2460 3594 2544 3660 de

587 3680 852 3745 nomine
895 3678 1126 3762 opinor
1167 3698 1311 3743 esse
1351 3678 1784 3755 notissimum,
1831 3700 2036 3763 quum
2072 3679 2401 3745 intellexit
2435 3701 2542 3745 me

586 3765 694 3831 hic
749 3786 923 3843 esse,
991 3771 1059 3828 et
1114 3772 1178 3828 te
1233 3761 1609 3848 propediem
1666 3764 2136 3844 adventurum,
2197 3765 2543 3831 confestim

584 3849 716 3917 huc
759 3872 829 3915 se
874 3850 1148 3934 recepit:
1195 3849 1299 3915 cui
1347 3870 1683 3932 speramus
1724 3873 1845 3916 nos
1887 3850 2075 3916 facile
2109 3871 2540 3936 persuasnros

585 3946 660 4001 ut
705 3936 810 4001 hic
845 3934 1077 4019 pedem
1118 3936 1298 4019 figat,
1343 3936 1455 4001 ubi
1500 3936 1698 4002 rebus
1742 3938 1879 4003 suis
1920 3956 2074 4020 pros
2160 3938 2334 4002 xerit
2376 3959 2540 4002 non-

585 4021 774 4100 nihil,
817 4020 1204 4106 praesertim
1265 4041 1543 4105 sponsae
1586 4024 1689 4087 cui
1734 4043 1866 4088 non
1911 4025 2004 4089 ita

585 4107 781 4172 dedit.
871 4107 1135 4172 Literas
1176 4107 1452 4171 fratrum
1497 4107 1722 4173 classis
1760 4107 2256 4188 Thononiensis,
2302 4110 2540 4193 quibus

581 4201 914 4258 testantur
957 4213 1150 4276 quam
1195 4198 1309 4257 tua
1344 4195 1714 4276 praesentia
1759 4216 1895 4259 non
1939 4193 2149 4261 solum
2195 4195 2379 4262 utilis
2422 4195 2540 4261 sed

581 4279 777 4343 valde
843 4279 1210 4345 necessaria
1272 4278 1497 4343 futura
1561 4280 1648 4345 sit
1713 4280 1866 4346 huic
1930 4279 2274 4360 ecclesiae,
2345 4282 2537 4347 mitto

581 4364 937 4430 carissimis
1003 4365 1134 4429 tuis
1195 4363 1508 4430 fratribus
1573 4377 1639 4431 et
1703 4368 2113 4452 symmystis,
2179 4387 2343 4450 quos
2403 4389 2538 4433 non

582 4448 960 4516 dubitamus
994 4449 1412 4516 ecclesiarum
1449 4452 1724 4517 salutem
1760 4473 2019 4535 semper
2048 4452 2328 4536 privatis
2362 4475 2537 4520 com-

580 4534 794 4600 modis
828 4542 895 4598 et
933 4536 1273 4602 affectibus
1308 4536 1711 4619 praetulisse.
1792 4537 1937 4604 Nisi
1973 4559 2126 4604 mox
2171 4538 2535 4619 adveneris,

580 4629 696 4687 aut
737 4621 877 4705 ipse
921 4641 997 4687 co
1084 4643 1120 4685 r
1164 4618 1461 4687 deserere
1505 4635 1805 4706 coeptum
1861 4645 2042 4708 opus,
2103 4639 2218 4690 aut
2270 4627 2537 4709 penitus

579 4706 902 4774 conficiar.
998 4641 1129 4771 {¹213
1186 4726 1262 4771 ac
1319 4708 1519 4774 tantis
1572 4709 1860 4793 undique
1915 4732 2178 4794 premor
2231 4712 2534 4797 negotiis,

582 4850 665 4857 *a

2095 4022 2297 4088 udum
2341 4023 2540 4089 fidem

782 4909 843 4975 3)
880 4910 1343 4982 intumuerint-que
1381 4912 1454 4967 Β.
1491 4913 1568 4967 Η.

783 4981 845 5047 4)
882 4996 1081 5049 pavere
1115 4980 1194 5034 H.

782 5048 844 5112 5)
879 5064 1064 5104 curam
1097 5049 1168 5104 Β.
1206 5048 1264 5105 Β.
1298 5048 1375 5103 Η.

782 5116 1075 5181 6)Ν.56.
1153 5117 2528 5192 Quinurabioeuuumcarcerepropterreuffio—

571 5200 701 5267 uqa·
730 5184 1224 5267 &clamen-udoni
1250 5186 2174 5260 lbwutenmrmoperamat:
2202 5196 2332 5261 post
2362 5191 2532 5248 varia

574 5254 907 5336 &con-qma
940 5256 1216 5326 Modum·
1244 5257 1526 5327 professor
1557 5258 1879 5328 line-emim
1913 5266 2150 5330 creatus,
2188 5261 2410 5316 tandm
2443 5261 2525 5315 al-

571 5329 744 5379 tiores
776 5329 923 5380 m
956 5325 1368 5383 Iun-omnam
1400 5328 1632 5384 honores
1665 5329 1901 5400 adeptu
1933 5336 2014 5388 cst
2049 5331 2123 5399 (v.
2160 5330 2378 5400 Haaq).

2149 399 2678 469 EPISTOLAE
2724 401 3064 464 275—276

4487 400 4608 461 152

2655 588 2867 673 iisque
2911 585 3072 654 adeo
3110 586 3506 672 reipublicae
3550 586 3908 653 commodis
3963 591 4031 652 et
4087 585 4491 665 necessariis,
4533 594 4613 651 ut

2656 695 2784 758 quo
2826 695 2932 741 me
2974 681 3232 740 vertam
3272 673 3577 752 nesciam,
3664 694 3751 740 uo
3793 673 4009 756 potius
4049 691 4406 751 accurram,
4452 669 4612 755 quid

2656 762 3038 844 praeferam,
3056 758 3111 846 ⁷)
3155 781 3357 843 quum
3400 781 3521 827 nec
3563 781 3636 826 so
3662 782 3741 826 us
3782 758 3981 825 simul
4016 765 4154 823 tam
4184 758 4397 822 multa
4430 756 4612 824 obire

2658 866 3010 998 ffiffl’
3073 866 3289 997 3323ss
3326 846 3865 1017 mih1¹qumego⁰itsss
3882 842 4612 996 ffifflnssaffiqffi

2657 1017 2924 1084 chartae
2966 1015 3246 1095 admovi,
3291 982 3679 1102 priusquam
3754 1016 3984 1083 ‘cuerit
4015 1015 4360 1100 epistolam
4396 1015 4612 1082 absol-

2656 1125 2828 1169 vere.
2917 1103 3348 1188 Magistratus
3394 1103 3757 1187 plurimum
3789 1100 3977 1169 nobis
4012 1100 4224 1168 defert
4256 1113 4323 1167 et
4364 1101 4613 1167 nostris

2658 1189 2965 1341 corlihsiliis,
3001 1210 3128 1272 quo
3166 1190 3261 1269 fit,
3297 1197 3374 1253 ut
3395 1210 3716 1273 nequeam
3740 1209 3873 1255 non
3893 1187 4059 1253 mibi
4082 1187 4333 1255 felicem
4356 1187 4613 1254 exitum

2818 1296 2968 1341 ceri.

2657 1296 2742 1359 Po
2828 1359 2979 1426 Viri
3094 1360 3167 1425 ni
3200 1369 3450 1444 optant,
3495 1360 3555 1427 si
3588 1361 3733 1426 fieri
3766 1369 4001 1445 potest,
4038 1369 4118 1426 ut
4149 1361 4329 1427 viros
4363 1358 4614 1443 aliquot

2658 1446 2879 1514 doctos
2921 1446 3167 1547 isthinc
3206 1453 3425 1513 tecum
3459 1443 3763 1545 adducas,
3808 1457 3925 1514 aut
3965 1447 4199 1512 saltem
4242 1466 4449 1546 unum
4486 1445 4612 1545 ali-

2655 1532 4418 1703 {¹123ssinqffrpssssffiuffffffffidfflfflzrsswm
4480 1530 4612 1684 ³33

2657 1704 3003 1789 accipiunt.
3091 1704 3290 1770 Nolui
3310 1707 3367 1787 ⁹)
3409 1705 3593 1788 prius
3629 1703 3749 1770 tibi
3782 1704 4150 1772 valedicere
4183 1724 4382 1788 quam
4415 1703 4610 1769 intel-

2658 1791 2928 1876 ligerem
2973 1792 3086 1873 qui
3127 1791 3327 1856 creati
3372 1800 3594 1857 essent
3635 1790 3911 1875 syndici,
3968 1798 4045 1856 ut
4098 1799 4169 1856 tu
4227 1811 4298 1855 re
4349 1790 4614 1874 cognita

2657 1876 2901 1942 certius
2941 1875 3280 1959 colligeres
3322 1875 3478 1960 quid
3522 1875 3643 1941 tibi
3687 1876 3767 1942 de
3811 1897 3986 1941 novo
4035 1876 4425 1960 magistratu
4462 1896 4611 1959 spe-

2657 1960 2942 2027 randum
2993 1972 3197 2040 esset,
3256 1962 3369 2045 qui
3422 1962 3668 2045 absque
3723 1960 4168 2041 seditionibus,
4222 1961 4612 2028 factionibus

2657 2056 2726 2113 et
2769 2047 2905 2112 ulla
2945 2046 3319 2113 ambitionis
3371 2061 3489 2114 aut
3540 2048 3896 2114 simultatis
3938 2049 4154 2131 specie
4196 2047 4445 2113 electus
4487 2054 4608 2126 est,

2657 2133 2714 2199 si
2749 2132 3068 2200 hactenus
3103 2153 3409 2217 unquam.
3477 2134 3742 2200 Interea
3777 2135 4110 2219 insperato
4132 2133 4405 2199 advenit
4425 2153 4612 2199 socer

2660 2218 2975 2299 Sonuerii,
3003 2218 3085 2301 ¹⁰)
3129 2240 3279 2284 cum
3323 2240 3567 2304 genero
3606 2219 3811 2286 altero
3866 2221 3980 2304 qui
4036 2222 4238 2286 etiam
4293 2219 4445 2303 prof

2655 2312 2774 2370 est.
2860 2305 2923 2370 N
2926 2313 3238 2370 arrarunt
3278 2326 3410 2388 qua
3451 2307 3560 2371 via
3602 2306 3927 2373 Dominus
3967 2306 4326 2385 liberasset,
4370 2306 4486 2389 qui
4529 2325 4610 2369 us

2655 2390 2870 2456 adhuc
2935 2389 3297 2456 terroribus
3362 2390 3597 2458 fratres
3629 2392 3711 2475 ¹¹)
3775 2402 4295 2459 concuterentur.
4419 2390 4611 2456 Nulli

2653 2475 2931 2542 relaxati
2988 2483 3144 2542 sunt
3199 2497 3283 2542 ex
3338 2477 3650 2562 captivis,
3713 2477 3905 2544 multi
3972 2478 4308 2563 suppliciis
4367 2477 4603 2544 affecti.

2654 2559 2787 2643 Qui
2810 2571 3164 2647 supersunt-
3185 2561 3380 2627 valde
3400 2563 3524 2629 sibi
3547 2571 3869 2629 metuunt.
3935 2564 4322 2644 Audivistis,
4350 2563 4604 2648 opinor,

2654 2646 2735 2713 de
2779 2648 3082 2713 ministro
3123 2647 3237 2713 illo
3282 2648 3733 2728 Valdensium‚
3779 2650 3893 2734 qui
3929 2659 4159 2735 captus
4194 2651 4276 2717 ab
4311 2649 4608 2717 hostibus

2651 2734 2830 2800 mille
2874 2732 3387 2819 quadringentas
3431 2734 3656 2801 domos
3699 2737 4049 2816 accusavit,
4095 2758 4263 2820 quae
4304 2735 4608 2802 lanienae

2652 2841 2881 2887 omnes
2909 2819 2992 2903 12)
3030 2819 3371 2902 expositae
3405 2830 3579 2886 sunt.
3669 2819 3806 2888 Sed
3827 2842 3934 2887 me
3956 2830 4338 2889 recrearunt
4355 2821 4610 2888 Farelli

2648 2904 2898 2986 literae,
2943 2906 3178 2989 quibus
3200 2926 3386 2990 spem
3407 2907 3686 2973 faciebat
3707 2908 4038 2992 optimam,
4084 2910 4223 2974 fore
4258 2915 4335 2974 ut
4356 2907 4608 2992 aliquid

2650 2992 2874 3057 miseri
2938 2992 3173 3058 fratres
3239 2991 3452 3057 solatii
3516 2994 3946 3078 perceperint.
4061 2994 4420 3080 Negotium
4483 2994 4606 3060 tibi

2648 3077 3166 3144 commendatius
3202 3084 3303 3143 est
3344 3099 3538 3162 quam
3579 3088 3656 3144 ut
3696 3101 3845 3145 mea
3896 3080 3984 3145 sit
4037 3079 4605 3148 commendatione

2648 3185 2687 3229 o
2732 3185 2830 3228 us.
2933 3164 3066 3230 Ute
3147 3186 3246 3244 ue,
3298 3162 3698 3232 Oarbonellue
3739 3175 3807 3231 et
3871 3187 4091 3251 gener,
4160 3175 4227 3232 te
4293 3167 4601 3233 salutant.

2700 3249 2974 3335 yndicos
3030 3249 3120 3314 ha
3202 3270 3352 3316 mus
3408 3249 3648 3318 electos
3700 3253 3867 3319 citra
3923 3252 4302 3333 tumultum,
4363 3274 4607 3337 magna

2647 3356 2801 3402 cum
2823 3335 3315 3419 tranquillitate,
3360 3335 3698 3419 canotum,
3716 3337 4136 3420 Bandiemm,
4173 3337 4605 3405 Dominicum

2649 3420 2859 3488 Darlo
2875 3474 2892 3503 ,
2948 3422 3312 3488 Pernetum
3375 3422 3449 3488 de
3515 3422 3742 3491 Fasces
3807 3425 4204 3491 cebetarium
4232 3427 4317 3510 ¹⁸)
4381 3425 4602 3491 virum

2647 3507 2911 3573 bonum.
3016 3505 3378 3592 Speramus
3422 3508 3699 3577 feliciter
3754 3511 3978 3576 omnia
4033 3531 4318 3577 cessura.
4406 3509 4597 3576 Vale.

2648 3592 2983 3673 Genevae,
3031 3597 3088 3658 6.
3134 3594 3434 3661 Februar
3487 3601 3670 3662 1541.
3698 3597 3778 3678 ¹⁴)

3629 3733 3810 3799 'Puus
3853 3733 4095 3799 Petrus
4139 3732 4427 3798 Vir-etus.

2853 4004 2912 4067 7)
2988 4006 3222 4059 rofei-am
3254 4005 3328 4059 Β.
3365 4004 3428 4061 8.
3464 4003 3543 4059 H.

2849 4073 2911 4206 ἓξ
2945 4023 3641 4198 ξίὲιῇοίεξῖἰξῶφεέξῑαέ
3664 4072 3798 4196 Off.
3837 4073 3977 4128 111⁸.
4012 4073 4109 4143 fol.
4148 4072 4268 4128 126.

2815 4349 2907 4484 {33
2943 4349 3316 4474 quafflsses
3352 4418 3486 4474 οοα.
3523 4417 3644 4488 116,
3680 4424 3732 4474 et
3764 4418 3896 4473 inde
3928 4420 4002 4477 Β.
4024 4419 4321 4475 maetam
4337 4420 4594 4489 mmet:

2641 4502 2854 4569 corpus,
2891 4487 3039 4556 quoa
3071 4504 3141 4543 a
3175 4488 3495 4544 coniectum-a
3514 4487 3595 4543 H.
3629 4488 3959 4545 mumdum
3993 4493 4173 4544 conset
4203 4488 4295 4542 in:
4330 4490 4592 4560 corporis,

2642 4554 2704 4611 Β.
2736 4558 3342 4706 vni-aquamanus&
3355 4626 3568 4681 moire
3598 4640 3704 4707 νιος
3734 4624 3993 4749 ἶσα-»ηυνξ
4029 4626 4365 4709 apostropha
4397 4627 4591 4681 omiu-

2637 4699 2792 4763 ....
2812 4695 3434 4834 mmm
3476 4700 3726 4819 ‚m
3758 4770 4029 4820 m...
4101 4712 4259 4753 ”m
4292 4701 4592 4765 m·

3409 5076 3812 5089 *—
