5050 6167
667 417 793 482 475

670 599 1009 671 Salutabis
1052 620 1282 666 omnes
1325 618 1473 664 meo
1516 596 1782 661 nomine
1824 594 2191 680 diligenter.
2277 594 2385 660 De
2429 592 2626 661 rebus

671 687 914 755 nostris
948 694 1017 752 et
1049 685 1232 751 urbis
1267 692 1447 750 statu
1481 683 1767 748 referent
1799 681 1872 746 hi
1895 681 2024 746 duo
2058 682 2311 747 fratres.
2374 679 2628 746 Omnes

671 775 765 859 pii
821 772 1271 839 amantissime
1325 778 1393 836 te
1448 768 1755 836 salutant.
1846 767 2110 833 Literas
2167 775 2333 844 tuas,
2394 764 2629 848 quibus

672 859 861 926 nobis
894 878 1187 941 exponas
1223 862 1299 922 ut
1335 876 1442 922 res
1479 856 1628 921 istic
1661 853 1964 930 habeant,
2003 851 2254 917 dudum
2287 853 2360 917 in
2393 853 2629 917 itinere

673 966 816 1012 esse
856 942 1129 1016 confido.
1219 940 1355 1007 Det
1397 940 1724 1006 Dominus
1776 944 1851 1003 ut
1901 959 2022 1003 nos
2065 959 2334 1021 prorsus
2376 937 2629 1002 exhila-

674 1039 843 1097 rent.
909 1030 1049 1094 Vix
1093 1026 1320 1094 credas
1363 1035 1680 1111 quantum
1713 1045 1820 1091 me
1862 1024 2015 1090 illae
2059 1033 2209 1089 tuae
2251 1022 2551 1106 prolixae
2569 1024 2629 1104 ⁴)

676 1116 1189 1183 consternarint:
1235 1112 1399 1179 adeo
1442 1120 1518 1178 ιιι
1559 1131 1789 1194 parum
1826 1108 2109 1175 abfuerit
2151 1110 2312 1193 quin
2354 1129 2631 1191 occupa-

677 1201 967 1268 tionibus
1024 1208 1093 1266 et
1149 1198 1433 1284 negotiis
1490 1196 1793 1262 omnibus
1851 1194 2152 1278 proiectis
2218 1196 2441 1260 statim
2504 1195 2632 1258 iter

679 1287 1085 1370 arripuerim.
1116 1288 1175 1363 ὅ)
1281 1282 1730 1350 Bernardinas
1792 1288 2015 1346 noster
2078 1279 2394 1347 Senensis
2458 1281 2634 1345 inter

679 1373 842 1440 alios
898 1379 964 1437 te
1018 1371 1291 1450 salutat,
1347 1370 1447 1434 vir
1488 1388 1769 1451 magnus
1825 1367 2129 1432 omnibus
2183 1364 2410 1431 modis.
2500 1366 2633 1431 Hic

678 1460 885 1525 frater
910 1462 964 1535 θ)
1009 1458 1113 1523 vir
1155 1465 1257 1523 est
1297 1458 1443 1539 pius
1487 1462 1554 1518 et
1586 1455 1870 1536 integer:
1916 1473 2113 1536 quem
2146 1452 2268 1517 tibi
2304 1472 2634 1517 commen-

681 1544 910 1610 datum
952 1564 1093 1609 esse
1136 1542 1343 1625 cupio.
1432 1540 1756 1605 Dominus
1802 1546 1865 1604 te
1908 1547 1974 1604 et
2026 1559 2252 1605 omnes
2295 1558 2446 1603 suos
2487 1538 2636 1602 istic

683 1636 1030 1696 conservet
1091 1651 1168 1695 ac
1233 1625 1626 1711 multiplicet
1689 1645 1914 1690 semen
1979 1645 2193 1689 suum.
2304 1622 2634 1702 Genevae,

689 1718 787 1781 15.
826 1712 1199 1798 Decemb.⁷)

787 1828 1032 1854 θ’*

1601 1845 1884 1911 Ioannes
1930 1844 2246 1913 Calvinus
2287 1853 2459 1911 tuus.

1461 2070 1866 2082 ——-——-—-·———-—·—=—

1588 2254 1741 2326 44⁰.

1232 2392 1613 2461 '1⁸13wa
1657 2391 2093 2460 OALVINO.

865 2567 1124 2636 Calvino
1159 2567 1521 2651 yratulatur
1562 2563 1635 2630 ob
1676 2564 2090 2632 valetudinem
2129 2563 2265 2628 iam
2301 2564 2643 2645 firmiorem

689 2660 746 2724 et
787 2654 1070 2722 ecclesiae
1117 2653 1494 2720 (remensis
1540 2652 1855 2732 florentem
1906 2654 2154 2716 statum.
2258 2646 2458 2716 Uxori
2497 2668 2642 2714 vero

687 2760 865 2824 opem
923 2741 1090 2823 ferre
1151 2759 1278 2805 non
1341 2757 1531 2819 posse
1604 2736 1728 2802 sibi
1790 2737 2064 2802 maxime
2124 2735 2449 2800 molestum
2513 2754 2647 2801 esse

689 2819 993 2910 affimat,
1058 2824 1301 2908 oblique
1351 2823 1642 2889 indicans
1683 2841 1749 2887 se
1794 2826 2032 2904 pestem
2096 2820 2188 2886 ibi
2248 2826 2647 2904 ymssantem

690 2915 922 2979 timere.
985 2910 1091 2977 Ab
1133 2911 1540 2976 inimicorum
1581 2909 1922 2974 calumniis
1962 2928 2031 2973 se
2074 2907 2352 2973 vindicat
2365 2958 2382 2987 ‚
2429 2926 2648 2988 eosque

691 2999 994 3066 acerrime
1027 2997 1135 3062 sed
1168 2996 1332 3062 satis
1374 2993 1623 3061 obscure
1652 2993 2044 3078 persto-inqit.
2125 2992 2408 3076 Verymi
2439 2994 2647 3059 cuius-

689 3085 844 3151 dam
885 3083 1160 3149 libellum
1195 3080 1688 3146 examinandum
1729 3079 2110 3144 transmittit.
2178 3078 2282 3146 De
2322 3078 2648 3162 siqnaculo

691 3170 900 3236 erucis
931 3168 1086 3250 quid
1129 3166 1497 3233 censendum
1538 3168 1801 3248 quaerit.

693 3339 808 3407 (Ex
852 3337 1189 3420 autograplio
1237 3335 1369 3392 Ood.
1417 3336 1655 3417 Gothani
1687 3335 1810 3402 405,
1857 3336 1951 3390 fol.
1987 3333 2074 3390 84.
2146 3335 2211 3418 In
2245 3340 2402 3417 tergo
2448 3337 2649 3407 legitur

943 3407 1155 3463 Galum
1191 3422 1352 3460 manu
1388 3409 1678 3474 scriptum:
1718 3404 1802 3459 Le
1835 3409 1989 3460 conte
2021 3404 2090 3459 dc
2124 3404 2408 3471 Laenate.)

1519 3591 1828 3659 D.I.O.

864 3728 1445 3815 Quandoquidem,
1504 3736 1581 3794 ut
1622 3743 1839 3795 certus
1894 3751 2073 3810 sum,
2133 3752 2220 3796 ex
2259 3730 2646 3797 necessitate

693 3823 791 3882 ιοι
835 3823 1153 3899 tantaque
1194 3814 1461 3899 negotia
1504 3822 1569 3880 te
1605 3815 1867 3881 assiduo
1902 3824 2144 3900 urgent
2177 3823 2245 3881 et
2277 3816 2645 3900 obsepiant,

693 3901 971 3968 Calvino
1011 3902 1230 3967 animo
1273 3922 1420 3966 meo
1454 3901 1877 3983 optatissime,
1926 3900 2239 3967 Claudius
2280 3900 2390 3966 hic
2423 3910 2648 3969 noster

692 3985 1029 4054 commode
1085 3986 1429 4052 literarum
1485 3995 1752 4052 tuarum
1794 3987 1937 4053 vice
1991 3988 2119 4051 fuit
2170 3986 2364 4067 mihi,
2424 4009 2465 4053 a
2518 4009 2645 4072 quo

692 4094 830 4140 non
870 4073 1056 4156 potui
1099 4094 1229 4138 non
1273 4072 1442 4139 citra
1497 4072 1736 4156 ingens
1790 4072 2103 4155 gaudium
2144 4073 2371 4138 audire
2415 4074 2497 4140 de
2541 4095 2645 4139 re-

693 4179 846 4224 rum
888 4166 1254 4225 vestrarum
1299 4164 1478 4223 statu
1533 4157 1745 4223 indies
1803 4158 2025 4224 favore
2068 4160 2340 4224 Domini
2392 4159 2645 4225 felicius

695 4242 1201 4327 procedentium,
1263 4242 1344 4307 de
1399 4244 1696 4326 profectu
1739 4243 2093 4327 evangelii,
2152 4242 2302 4310 fidei
2359 4265 2434 4311 ac
2489 4244 2642 4309 reli-

694 4328 908 4412 gionis
963 4335 1345 4414 augmento,
1404 4337 1743 4411 praeterea
1800 4328 1879 4393 de
1935 4336 2051 4393 tua
2105 4329 2485 4395 valetudine
2526 4332 2641 4395 fir-

690 4414 928 4479 miore:
986 4414 1092 4479 cui
1148 4415 1291 4480 iure
1348 4433 1491 4479 sese
1540 4413 1847 4479 adiunxit
1897 4436 2109 4499 nuper
2151 4416 2255 4481 vir
2311 4422 2556 4496 tantus,
2590 4421 2640 4492 ¹)

692 4497 2038 4670 3¹3502t20330⁶223ffl¹1³tm³52223323m
2076 4502 2639 4671 miffar&

691 4669 1020 4748 solatium,
1062 4667 1510 4737 adiumentum
1553 4680 1622 4736 et
1661 4672 1972 4739 ecclesiae
2005 4672 2360 4738 utilitatem
2403 4674 2637 4739 suffec-

896 4975 957 5039 5)
993 4981 1060 5029 ut
1089 4991 1151 5029 rc
1183 4992 1316 5031 vcra
1347 4977 1480 5043 feeit
1501 4984 1715 5047 postea.

896 5043 931 5098 6
993 5043 1728 5113 Supradeduobusdoeit.
1800 5046 2511 5105 Emmauerhorum
2557 5069 2636 5106 an

806 5114 817 5125 “
986 5113 997 5126 ’
1086 5115 1097 5126 ”
1135 5112 1166 5169 9
1238 5114 1412 5170 Prisce
1443 5117 1620 5184 maffia
1650 5132 1779 5171 vero
1813 5116 2003 5171 simae.

897 5180 952 5242 7)
1039 5183 1274 5239 retsclm.
1351 5199 1605 5254 erperam
1647 5185 1928 5241 Octobrem
1962 5183 2129 5240 dedit.

728 5250 862 5330 :¹⁴¹⁰-
901 5249 958 5329 1)
989 5250 1107 5309 He
1137 5269 1253 5309 „0”
1297 5200 1364 5309 0¹12

689 5323 1059 5388 moenum.

2219 404 2745 474 EPISTOLAE
2786 408 3123 471 439-441

1409 5254 2713 5344 meroquodm,aeddeochinooo-·

4556 409 4680 470 476

2729 602 2890 659 tum.
2978 594 3070 659 Et
3112 594 3255 676 ipse
3297 594 3368 657 in
3410 592 3533 658 hoc
3576 614 3707 658 non
3753 594 3847 658 ita
3886 592 4160 676 pridem,
4205 595 4263 659 si
4305 594 4685 672 meministi,

2729 680 2823 745 fui
2867 679 2987 744 tibi
3029 679 3239 746 veluti
3280 687 3670 762 prognostes
3712 699 3834 761 per
3867 699 4083 744 meam
4117 679 4202 744 ad
4236 688 4303 744 te
4338 678 4686 762 epistolam

2731 787 2935 850 quum
2992 764 3207 831 adhuc
3262 786 3524 849 agerem
3581 764 3755 847 apud
3794 764 3859 829 Ν
3860 785 4213 831 eocomum.
4303 765 4382 832 Si
4424 764 4688 848 quidem

2732 861 2909 930 tunc,
2985 850 3189 917 Vireto
3246 859 3470 917 nostro
3525 851 3723 916 istinc
3776 849 4165 927 discedente,
4223 851 4532 918 ardenter
4574 874 4688 919 cu-

2733 939 2989 1022 piebam
3047 938 3121 1001 in
3175 937 3352 1002 illius
3403 935 3622 1001 locum
3672 935 3795 1000 tibi
3846 938 4018 1002 ferre
4072 938 4407 1020 suppetias
4461 958 4689 1021 quem·

2735 1025 2913 1107 piam
2955 1022 3334 1088 huiusmodi
3378 1030 3564 1087 tanta
3606 1023 3865 1088 sarcina
3904 1022 4279 1106 degravato,
4361 1023 4690 1090 Dominus

2736 1109 2900 1176 tales
2941 1108 3200 1186 multos,
3264 1108 3522 1191 qualem
3566 1128 3687 1173 vos
3730 1116 3955 1175 nactos
3999 1129 4142 1176 esse
4184 1109 4428 1186 audivi,
4487 1111 4690 1176 susci-

2735 1204 2862 1274 tet,
2921 1216 3083 1277 quos
3141 1194 3493 1277 longaevos
3548 1202 3617 1258 et
3673 1193 3967 1278 integros
4022 1193 4281 1260 roboret
4332 1217 4450 1262 suo
4505 1195 4694 1280 gregi

2736 1281 3019 1347 fideliter
3061 1278 3400 1362 pascendo.
3490 1280 3630 1345 Alii
3671 1299 3846 1358 vero,
3904 1301 4139 1364 nempe
4192 1292 4456 1346 ventres
4499 1281 4692 1365 pigri,

2737 1387 3004 1450 rapaces
3046 1365 3204 1448 lupi,
3264 1364 3626 1444 eiiciantur,
3686 1367 4137 1449 profligentur,
4181 1365 4694 1449 proscribantur,

2736 1452 3094 1537 pudefiant,
3134 1451 3263 1516 nisi
3297 1471 3406 1516 eos
3441 1453 3789 1534 poeniteat.
3856 1450 4206 1518 Caeterum
4228 1452 4697 1536 permolestum

2738 1545 2840 1603 est
2895 1538 3058 1602 mihi
3113 1535 3287 1619 quod
3344 1557 3514 1602 uxor
3570 1545 3686 1602 tua
3741 1545 3876 1602 tam
3932 1538 4160 1604 crebro
4215 1545 4525 1622 aegrotet.
4616 1536 4698 1604 Si

2740 1624 2955 1690 visum
3015 1631 3189 1689 esset
3234 1623 3519 1688 Domino
3577 1632 3652 1687 ut
3709 1631 3933 1688 nostra
3986 1623 4316 1689 industria
4371 1624 4699 1707 pristinae

2660 1728 2679 1740 ·
2739 1709 3128 1775 redderetur
3169 1709 3457 1786 sanitati,
3502 1708 3708 1773 nolim
3744 1708 3880 1774 ullo
3916 1707 4109 1774 modo
4142 1710 4321 1792 parci
4357 1710 4541 1787 mihi,
4590 1708 4701 1777 vel

2740 1797 2821 1861 ob
2877 1795 3242 1878 longissimi
3298 1794 3496 1859 etiam
3537 1793 3796 1859 itineris
3840 1795 4143 1873 laborem,
4202 1795 4312 1860 vel
4356 1803 4702 1878 sumptum

2740 1880 3164 1947 immodicum
3190 1882 3248 1960 ²)
3293 1887 3361 1945 et
3413 1880 3730 1945 iacturam
3774 1900 4068 1962 gravem,
4111 1880 4306 1945 modo
4349 1882 4511 1947 satis
4555 1899 4702 1948 esee

2740 1987 2996 2049 queam.
3105 1966 3279 2031 Nam
3342 1986 3714 2049 quanquam
3791 1965 4204 2049 quorundam
4277 1966 4518 2033 iudicio
4593 1987 4705 2033 me

2741 2052 3118 2137 pestilentia
3160 2052 3507 2129 terrefacit,
3561 2073 3693 2116 non
3737 2061 3960 2116 tamen
4005 2051 4292 2118 detrecto
4336 2053 4705 2119 amicorum

2743 2158 2957 2214 causa,
2996 2143 3290 2220 tempore
3324 2146 3393 2201 et
3426 2137 3539 2203 ubi
3573 2137 3785 2221 exigit
3816 2137 4191 2216 necessitas,
4237 2138 4457 2204 subire
4489 2137 4705 2222 quod-

2743 2225 2845 2290 vis
2891 2223 3258 2289 discrimen.
3350 2224 3639 2289 Tantum
3700 2243 3855 2289 vero
3915 2223 4100 2289 abest
4140 2230 4218 2289 ut
4257 2233 4540 2289 mortem
4583 2245 4707 2289 ex-

2745 2310 3103 2386 timescam,
3147 2316 3228 2373 ut
3267 2328 3346 2372 ea
3386 2329 3641 2391 quoque
3675 2310 3962 2374 maxime
3997 2308 4300 2389 oblecter,
4345 2311 4402 2374 si
4438 2309 4708 2377 volente

2744 2395 3032 2460 Domino
3097 2394 3423 2460 acciderit.
3525 2394 3790 2477 Alioqui
3854 2394 4013 2478 quid
4070 2415 4233 2477 opus
4297 2404 4399 2461 est
4462 2403 4540 2460 ut
4591 2415 4709 2460 me

2745 2482 2961 2564 ipsum
3004 2486 3252 2546 temere
3295 2480 3718 2563 praecipitem
3762 2481 3836 2544 in
3878 2480 4272 2565 periculum,
4326 2501 4532 2562 quum
4586 2478 4711 2545 ad-

2746 2566 2877 2632 huc
2940 2565 3274 2648 pendeant
3325 2587 3366 2631 a
3419 2587 3524 2631 me
3586 2584 3755 2631 uxor
3805 2575 3872 2633 et
3933 2566 4149 2644 liberi,
4217 2567 4414 2633 amici
4468 2574 4537 2632 et
4590 2565 4711 2631 alii

2747 2651 2937 2717 multi
2981 2673 3087 2718 me
3131 2651 3513 2735 saepissime
3557 2662 3911 2730 accersant,
3971 2673 4167 2735 quem
4208 2654 4392 2731 forte,
4438 2652 4712 2720 tametsi

2749 2738 3065 2816 inutilem,
3111 2744 3385 2803 manent
3423 2737 3497 2801 in
3534 2737 3809 2822 gloriam
3842 2737 3971 2802 Dei
4005 2738 4149 2804 vivi
4180 2757 4345 2821 quae
4387 2738 4714 2804 momenti

2748 2833 2906 2889 sunt
2946 2823 3232 2889 maioris.
3314 2823 3415 2889 Tu
3457 2824 3665 2907 igitur
3696 2843 3959 2907 quoquo
4003 2831 4193 2907 pacto
4238 2823 4537 2908 indigeas
4583 2824 4713 2891 hoc

2749 2910 3202 2987 homuncione,
3264 2929 3399 2987 oro,
3455 2918 3643 2976 utere
3684 2931 3882 2993 quam
3939 2910 4463 2990 familiarissime,
4507 2909 4713 2975 modo

2750 2995 2923 3080 quod
2963 2995 3136 3079 petis
3191 2995 3262 3060 id
3315 2996 3558 3078 possim
3598 3003 3947 3079 praestare.
4033 2996 4173 3062 Nec
4215 2995 4561 3080 quisquam
4604 3002 4716 3062 est

2750 3082 3039 3167 profecto
3081 3082 3195 3164 qui
3236 3081 3590 3168 proclivius
3645 3078 3717 3145 id
3757 3081 3974 3163 ipsum
4012 3089 4427 3166 exsequatur.
4519 3082 4716 3151 citra

2752 3170 3258 3234 assentationem
3300 3167 3373 3233 id
3417 3165 3666 3232 dictum
3708 3166 3927 3232 velim.

2924 3252 3118 3335 Quod
3176 3262 3397 3319 autem
3454 3254 3688 3318 attinet
3737 3251 3822 3317 ad
3878 3251 4264 3319 declinanda
4319 3274 4399 3320 ea
4453 3255 4713 3322 incom-

2753 3338 2946 3404 moda
2980 3338 3061 3405 de
3095 3340 3334 3423 quibus
3367 3338 3602 3404 ultimo
3641 3359 3995 3423 congressu
4029 3338 4205 3423 apud
4246 3347 4310 3406 te
4355 3362 4503 3407 sum
4546 3362 4712 3408 con-

2752 3433 3037 3509 questus,
3082 3426 3154 3491 in
3197 3426 3418 3491 animo
3460 3433 3603 3490 erat
3643 3445 3785 3489 rem
3824 3426 4038 3508 ipsam
4082 3426 4372 3511 aggredi.
4442 3427 4713 3494 Verum

2752 3518 2829 3575 ut
2869 3512 3158 3595 ingenue
3200 3511 3429 3590 fatear,
3474 3519 3819 3594 postquam
3861 3512 4022 3578 satis
4063 3533 4170 3577 me
4211 3513 4430 3596 ipsum
4472 3534 4714 3581 consu-

2750 3595 2864 3678 lui,
2910 3595 3158 3662 diutius
3201 3597 3494 3663 volutavi
3536 3598 3606 3661 in
3649 3596 3884 3676 anime,
3945 3618 4077 3663 non
4120 3599 4262 3663 sine
4304 3601 4711 3682 precatione,

2750 3684 2998 3750 centies
3063 3681 3349 3767 quotidie
3409 3682 3586 3747 idem
3648 3682 4077 3767 expendendo
4143 3697 4466 3769 repetens,
4532 3686 4714 3753 nihil

2750 3778 3001 3836 certum
3047 3769 3274 3848 habe0,
3329 3768 3498 3832 nihil
3549 3769 3833 3847 firmum,
3891 3769 4022 3834 imo
4077 3776 4252 3834 totus
4307 3769 4567 3851 haereo,
4630 3795 4713 3840 ac

2749 3856 2821 3920 in
2864 3856 3058 3934 bivio,
3103 3854 3280 3937 quod
3322 3855 3524 3933 aiunt,
3568 3855 3731 3920 sisto
3774 3853 4022 3936 pedem,
4067 3855 4255 3921 miris
4294 3856 4507 3922 modis
4549 3878 4711 3942 per-

2749 3941 2999 4024 plexus.
3088 3941 3289 4006 Haud
3333 3942 3465 4006 scio
3509 3961 3595 4003 an
3635 3939 3920 4006 Satanas
3977 3940 4085 4006 hic
4142 3942 4230 4006 sit
4270 3942 4437 4006 mihi
4481 3943 4710 4010 obsta·

2748 4028 2919 4104 culn,
2984 4027 3171 4092 ouius
3231 4027 3549 4093 instinctu
3616 4025 3937 4109 quaedam
4001 4026 4339 4092 hominum
4405 4037 4712 4096 monstra

2748 4112 2912 4176 mihi
2955 4110 3420 4195 ingratissima,
3480 4119 3708 4195 utpote
3757 4111 3989 4177 collato
4034 4134 4075 4176 a
4115 4133 4223 4177 me
4264 4115 4335 4178 in
4380 4134 4459 4179 ea
4500 4113 4709 4182 bene-

2748 4198 2913 4276 ficio,
2954 4197 3221 4283 linguae
3264 4217 3422 4263 sane
3464 4199 3785 4280 vipereae,
3832 4198 4179 4280 perfrictae
4223 4199 4455 4265 frontis
4495 4220 4708 4284 gane-

2747 4304 2923 4362 ones,
2968 4283 3299 4361 Neocomi,
3345 4291 3420 4348 ut
3454 4284 3690 4366 accepi,
3736 4284 3908 4349 hanc
3939 4283 4102 4348 mihi
4147 4286 4427 4368 gratiam
4462 4306 4709 4369 repen-

2745 4367 2901 4433 dere
2934 4380 3241 4453 pergunt,
3285 4378 3360 4434 ut
3403 4368 3483 4435 de
3516 4391 3625 4434 me
3658 4378 3977 4453 spargant
4018 4369 4443 4436 falsissimum
4475 4392 4709 4440 rumo-

2745 4476 2885 4520 rem
2927 4456 3096 4521 istuc
3153 4476 3361 4538 usque
3418 4455 3768 4534 volantem,
3825 4455 4143 4520 nimirum
4193 4456 4515 4523 Textorem
4558 4465 4709 4525 stu-

2743 4538 2899 4606 dere
2942 4541 3277 4606 avaritiae.
3369 4539 3614 4608 Coram
3658 4541 3944 4606 Domino
3998 4541 4244 4624 loquor,
4303 4549 4373 4607 et
4427 4563 4582 4609 vere
4628 4545 4706 4610 in

2742 4627 2884 4711 ipso
2929 4627 3219 4711 glorians
3274 4625 3345 4692 id
3387 4647 3593 4692 unum
3637 4648 3885 4705 assere,
3945 4626 4261 4694 hactenus
4316 4628 4707 4714 longissime

2743 4714 3029 4779 abfuisse
3072 4734 3178 4777 me
3223 4710 3306 4778 ab
3343 4734 3418 4778 eo
3462 4713 3753 4792 crimine,
3799 4720 3866 4778 et
3900 4734 4077 4780 nunc
4119 4715 4319 4778 etiam
4360 4715 4575 4799 magis
4622 4738 4705 4785 ae

2741 4799 2956 4883 magis
2998 4799 3368 4864 abhorrere.
3441 4796 3620 4879 Quin
3664 4820 3790 4881 quo
3835 4796 4083 4865 diutius
4126 4797 4323 4864 datur
4364 4800 4490 4867 hac
4534 4823 4707 4868 aura

2739 4885 2891 4963 frui,
2935 4905 3013 4949 eo
3056 4884 3435 4950 alieniorem
3468 4905 3575 4949 me
3617 4885 3827 4950 sentio
3870 4905 3909 4949 a
3952 4886 4149 4952 rebus
4192 4885 4388 4951 huius
4427 4888 4701 4955 saeculi.

2741 4971 2889 5035 Non
2934 4967 3205 5035 dubium
3249 4979 3349 5036 est
3391 4969 3554 5034 mihi
3614 4971 3775 5053 quin
3831 4972 3940 5035 isti
3992 4993 4077 5037 ex
4119 4991 4349 5037 eorum
4391 4974 4528 5038 sint
4569 4995 4702 5039 nu-

2737 5076 2921 5122 mero
2961 5056 3071 5139 qui
3116 5056 3376 5139 prodita
3413 5055 3625 5139 patria
3672 5056 3745 5121 in
3788 5056 3948 5123 alios
4004 5057 4253 5124 scilicet
4295 5066 4453 5124 sunt
4494 5058 4699 5126 bene-

2930 5260 4695 5400 βῶιᾷῶαυόἀηκὺωπςυίωοωαυαήᾱὴοκΐώοὺωί-
