5050 6167
620 437 739 502 331

621 647 807 693 nous.
877 623 1071 707 Mays
1104 619 1254 704 plus
1292 626 1422 684 tost
1451 637 1657 684 avons
1694 638 1733 680 a
1774 637 1941 681 nous
1977 612 2266 680 estudier
2309 611 2389 678 de
2423 632 2577 695 pro·

620 714 774 780 fiter
821 709 1149 775 tousiours
1205 727 1292 772 en
1347 702 1631 770 leschole
1689 702 1771 767 (16
1828 724 1901 767 66
1954 702 2086 767 1166
2130 701 2397 765 maistre
2441 698 2576 762 ius-

665 819 782 864 ues
836 818 878 862 a
929 802 1073 859 tant
1139 813 1265 875 que
1317 811 1544 857 serens
1596 809 1809 854 venuz
1866 807 1907 851 a
1960 786 2311 870 perfection
2373 806 2455 849 en
2502 805 2579 849 sa

668 883 934 961 octrine‚
979 878 1093 964 qui
1135 898 1284 944 sera
1326 884 1533 960 quant
1575 894 1738 939 nous
1783 893 2014 938 serens
2056 869 2450 956 despouillez
2496 868 2577 934 de

621 978 793 1035 ceste
826 966 1011 1034 chair
1042 969 1311 1049 pesante
1345 970 1413 1027 et
1451 961 1802 1034 161116666,
1848 979 2094 1044 pryans
2138 956 2297 1023 avec
2338 977 2413 1022 ce
2448 954 2577 1020 bon

618 1053 841 1122 David
881 1052 1016 1136 quil
1061 1072 1225 1116 nous
1269 1048 1581 1132 enseigne
1633 1067 1673 1111 a
1715 1045 1877 1109 faire
1920 1065 1995 1109 sa
2037 1043 2325 1108 volunte.
2416 1040 2579 1106 Cer-

619 1148 722 1207 tes
766 1141 823 1205 si
869 1158 1035 1203 nous
1079 1159 1125 1221 y
1168 1133 1528 1218 procedens
1584 1130 1665 1196 de
1708 1150 1781 1196 ce
1822 1130 1961 1195 zelo
2003 1134 2072 1195 et
2129 1128 2468 1205 affection,
2531 1126 2577 1189 il

620 1248 788 1293 nous
829 1223 1146 1291 conduira
1187 1219 1527 1285 tellement
1568 1238 1695 1301 que
1739 1216 1787 1280 il
1831 1238 1916 1280 ne
1951 1235 2118 1281 nous
2160 1215 2433 1279 16166616
2475 1232 2578 1277 es-

624 1332 818 1399 garer
872 1310 961 1375 du
1021 1307 1228 1373 droict
1291 1304 1573 1371 chemin.
1684 1303 1778 1367 Et
1841 1323 2108 1368 encores
2165 1298 2304 1384 quil
2358 1322 2404 1383 y
2463 1305 2579 1382 ayt

665 1397 934 1481 uelques
984 1394 1267 1476 reliques
1321 1391 1718 1476 dignorance
1774 1409 1859 1453 en
1912 1408 2079 1452 nous
2096 1438 2112 1465 ‚
2163 1386 2209 1450 11
2270 1405 2436 1450 nous
2491 1404 2576 1447 en

623 1421 919 1549 36611616
972 1479 1125 1564 plus
1184 1477 1401 1560 ample
1465 1474 1857 1549 revelation,
1913 1480 2119 1557 quant
2172 1472 2218 1536 il
2284 1491 2432 1536 sera
2496 1469 2578 1533 de

621 1569 921 1645 mestier,
978 1565 1157 1631 selon
1216 1561 1354 1646 quil
1409 1561 1470 1626 16
1524 1561 1834 1644 congnoit
1887 1558 2136 1623 mieulx
2200 1577 2328 1640 que
2391 1576 2574 1620 nous.

621 1657 724 1723 Le
767 1652 976 1738 princi
1026 1651 1087 1716 al
1123 1657 1226 1715 est
1264 1648 1346 1713 de
1389 1647 1802 1732 congnoistre
1844 1651 2176 1711 comment
2210 1663 2285 1706 sa
2328 1642 2578 1707 saincte

623 1739 918 1807 doctrine
1006 1736 1140 1801 oibt
1193 1734 1509 1799 fructifier
1552 1752 1634 1797 en
1678 1752 1864 1796 6666.
1954 1730 2114 1795 Oest
2155 1728 2368 1811 quelle
2410 1746 2577 1791 nous

623 1826 1019 1892 transfor-me
1076 1820 1362 1903 desperit
1419 1826 1498 1884 61.
1542 1816 1622 1882 (16
1682 1838 1883 1883 cucur
1938 1814 2278 1881 tellement
2333 1834 2458 1897 que
2503 1833 2579 1877 sa

667 1911 829 1979 loire
870 1909 1109 1975 reluise
1153 1928 1237 1971 en
1280 1926 1478 1981 nous,
1539 1902 1820 1986 laquelle
1875 1902 2011 1986 gist
2063 1922 2147 1966 en
2200 1900 2576 1971 166666666,

619 1996 931 2082 mtegrite
972 2001 1039 2059 et
1079 1993 1412 2059 sainctete.
1481 1987 1559 2055 Si
1601 1987 1741 2054 cela
1782 2010 1875 2073 ny
1919 1995 2035 2063 est,
2082 2007 2249 2051 nous
2293 2003 2579 2068 prenons

622 2085 774 2151 bien
818 2082 881 2147 le
923 2100 1080 2145 nom
1117 2077 1198 2142 de
1228 2076 1404 2141 Dieu
1447 2096 1531 2140 en
1576 2075 1749 2151 vain,
1795 2094 1877 2138 en
1923 2094 2085 2138 nous
2130 2070 2464 2156 glorifiant
2498 2068 2579 2134 de

620 2168 691 2234 16
730 2166 1236 2250 congnoissance
1294 2160 1376 2225 de
1430 2181 1547 2226 son
1604 2158 1922 2244 evangile.
2026 2156 2188 2223 Gela
2244 2177 2328 2220 ne
2371 2155 2473 2219 dis
2516 2154 2579 2218 ie

622 2274 744 2339 pas
785 2273 953 2335 pour
1008 2270 1168 2316 vous
1211 2247 1630 2312 admonester
1673 2244 1754 2309 de
1797 2246 1959 2309 faire
2000 2265 2076 2309 ce
2118 2263 2246 2327 que
2291 2261 2451 2307 vous
2495 2261 2578 2304 ne

623 2340 823 2406 faciez
870 2336 950 2401 de
993 2344 1291 2419 present,
1346 2352 1538 2416 maye
1597 2331 1756 2396 affin
1815 2350 1941 2414 que
1998 2329 2219 2395 loevre
2279 2327 2359 2393 de
2402 2327 2577 2391 Dieu

667 2427 736 2491 ui
779 2430 881 2489 est
912 2427 1289 2488 6616166666
1325 2439 1409 2483 66
1455 2438 1618 2482 vous
1654 2415 1734 2481 de
1776 2417 1921 2482 iour
1954 2437 2036 2479 en
2071 2417 2217 2480 1661·
2260 2413 2389 2478 6611
2422 2433 2576 2478 con-

620 2448 846 2578 ?erme.
910 2505 1299 2575 Seulement
1330 2504 1393 2568 16
1413 2522 1581 2569 vous
1613 2523 1797 2587 prye,
1833 2521 2085 2567 comme
2120 2501 2233 2584 iay
2276 2497 2366 2564 du
2399 2517 2577 2565 com-

620 2601 1037 2663 mencement
1079 2592 1255 2663 faict,
1301 2587 1382 2654 (16
1426 2587 1800 2672 pardonner
1840 2608 1881 2652 a
1914 2608 2026 2651 ma
2059 2584 2425 2669 simplicite.
2498 2581 2574 2649 Si

620 2689 761 2749 6661
801 2687 1018 2747 vostre
1060 2676 1289 2760 plaisir
1333 2673 1746 2824 destreaflus
1792 2672 2192 2756 amplemeut
2231 2668 2577 2735 instruicte

621 2789 707 2835 en
741 2774 920 2834 ceste
954 2765 1247 2840 matiere,
1292 2759 1550 2844 princip
1615 2759 1864 2824 lement
1896 2763 2227 2825 comment
2258 2775 2392 2821 une
2424 2775 2575 2839 per-

618 2873 826 2921 sonne
888 2849 1303 2917 chrestienne
1367 2866 1437 2911 66
1503 2845 1683 2912 (161111
1745 2865 2116 2931 gouverner
2179 2849 2387 2926 quant
2443 2860 2575 2905 aux

618 2937 989 3017 scandales,
1056 2936 1120 3000 ie
1172 2931 1487 3017 16611616)Γ
1543 2930 1729 2998 66166
1782 2951 1906 3015 666
1959 2930 2022 2994 16
2082 2927 2413 3014 Seigneur
2465 2946 2579 2990 ma

620 3024 839 3093 donne
894 3022 975 3088 de
1030 3041 1193 3088 vous
1243 3039 1326 3084 en
1380 3016 1721 3083 satisfaire.
1824 3015 1920 3082 Oe
1963 3013 2256 3099 pendant
2305 3014 2367 3080 16
2409 3032 2576 3079 vous

618 3131 876 3195 envoye
919 3127 1049 3173 une
1093 3107 1332 3206 epistre
1352 3102 1442 3253 ⁸2?
1480 3102 1766 3187 laquelle
1806 3125 1851 3189 y
1896 3109 1997 3166 est
2037 3119 2275 3185 propre
2322 3119 2575 3165 comme

618 3218 785 3264 vous
829 3214 1057 3260 verres
1100 3213 1157 3257 61
1193 3211 1363 3257 vous
1431 3190 1697 3255 estimez
1740 3194 1890 3253 tant
1930 3208 2056 3271 que
2101 3186 2182 3251 de
2225 3208 2272 3270 y
2314 3184 2574 3251 vouloir

619 3303 724 3349 em
771 3282 958 3365 loyer
1021 3277 1336 3362 quelques
1396 3274 1634 3341 heures
1699 3273 1781 3339 de
1845 3280 2067 3339 vostre
2124 3272 2368 3357 plaisir.
2478 3271 2574 3334 Et

750 3364 1058 3449 vantaige
1114 3383 1252 3447 ung
1305 3361 1472 3446 petit
1521 3360 1769 3426 libvret
1786 3358 1876 3444 ⁸⁸)
1929 3379 2055 3442 que
2096 3359 2205 3443 iay
2248 3377 2573 3442 nagueres

615 3453 790 3532 faict,
825 3449 1059 3533 lequel,
1094 3467 1347 3514 comme
1382 3447 1651 3530 iespere,
1697 3444 1880 3511 selon
1915 3464 1988 3510 sa
2019 3442 2358 3523 briefvete,
2404 3461 2573 3508 vous

614 3558 860 3624 pourra
900 3535 1111 3602 servir
1155 3532 1235 3599 de
1277 3531 1429 3616 quel
1472 3553 1557 3596 ue
1600 3530 1998 3597 consolation
2017 3582 2033 3610 ‚
2091 3529 2395 3595 danltant
2435 3527 2573 3612 quil

616 3623 909 3693 contient
950 3640 1129 3686 assez
1173 3616 1389 3702 ample
1429 3553 1727 3682 doctrine
1771 3665 2088 3682 ......
2107 3615 2200 3699 ⁸⁴)

820 4046 1290 4183 mim
1314 4044 2318 4195 Wssffimmff.
2344 4059 2570 4195 ’,ἴῳ

616 4183 772 4240 1541.
841 4183 974 4240 Gela
1003 4188 1147 4240 n'cst
1170 4199 1287 4253 pas
1319 4199 1469 4252 ampo
1634 4222 1649 4236 .
1721 4181 1797 4237 Ge
1836 4189 2010 4238 corant
2051 4182 2316 4238 Pelen-m
2340 4183 2567 4252 pontus,

616 4251 876 4322 aprina
1082 4251 2569 4323 iqueoontrelamesse.Nousavomson96dc

616 4327 775 4378 ”⁰¹⁸⁶
807 4316 1015 4447 {⁶14⁶
1046 4320 1982 4461 ffieffifflnssfffflmmffi
1940 4320 2375 4445 ¹221‘3‘ffl'{t⁵422
2390 4292 2566 4460 (31ῗῖ

610 4406 753 4515 ἴυζε.
780 4392 1359 4529 ΤΜαίοΡΡοιιυαίε-οἵ
1692 4465 1829 4542 66116
1869 4460 2024 4515 lettre
2058 4476 2152 4542 pm
2226 4460 2238 4472 ‘

610 4534 766 4654 m
786 4528 1399 4680 amem?
1415 4597 1471 4652 A
1516 4527 2565 4669 mfffflw

610 4673 737 4724 m
768 4666 2565 4807 affiwffssmmmmwdamrmyimlstmis.

1388 5102 1533 5111 --ss
1548 5101 1791 5110 —-.-———-—--

2119 423 2645 492 EPISTOLAE
2692 426 3028 488 374—374
3044 421 3146 487 bis

4520 418 4646 484 332

3523 606 3651 677 374
3667 608 3784 674 bis.

3292 742 3765 811 GALVINUS
3809 744 3895 810 D.
3934 744 4016 809 N.

2684 917 2792 982 (De
2826 915 2928 970 1166
2973 917 3205 986 epistola
3250 916 3524 985 ambigere
3573 916 3793 985 poteris.
3863 917 4009 969 Besa
4057 932 4176 969 eam
4226 916 4399 969 edidit
4435 915 4642 973 Gener.

2680 984 2872 1107 {ml-{51
2895 1002 2978 1107 fix
3014 986 3208 1107 gallico
3246 1000 3474 1105 ἶ61166111,
3514 992 3574 1036 61
3610 986 3624 1036 i
3657 1001 3727 1105 283
3763 984 3922 1106 diHci'lt¹³
3950 990 4007 1037 et
4041 984 4111 1037 ad
4147 983 4641 1106 ztanlumcgbffltre·

2708 1072 2825 1106 61.
2947 1070 3091 1108 661
3197 1069 3255 1107 66
3374 1070 3484 1106 6116.
3574 1093 3585 1104 .
3738 1091 3752 1116 ,
3925 1069 4010 1106 ov.
4099 1092 4112 1107 .
4276 1094 4289 1119 ‚
4419 1070 4520 1108 oue
4624 1091 4637 1105 .

2680 1121 2801 1188 203,
2838 1071 3014 1176 1116εέ
3053 1139 3105 1192 p.
3140 1121 3227 1190 93,
3262 1121 3358 1174 sed
3394 1069 3595 1175 emisga
3627 1127 3759 1175 nota
3792 1123 3936 1175 anni.
3990 1069 4411 1175 Evlidontissime
4447 1071 4639 1176 eadelm

2682 1198 2768 1244 est
2802 1207 2866 1244 66
2899 1192 3255 1261 praecedens,
3304 1191 3398 1243 sed
3450 1198 3562 1243 tam
3607 1191 3779 1243 libere
3825 1191 4037 1243 variata
4080 1197 4143 1243 ut
4188 1191 4336 1244 nullo
4370 1191 4531 1244 modo
4567 1193 4639 1245 ab

2683 1259 3000 1314 amanuensi
3035 1260 3388 1328 translatam,
3437 1260 3528 1312 vix
3565 1259 3644 1311 ita
3679 1260 3748 1312 ab
3780 1261 3901 1328 ipso
3936 1261 4082 1313 Besa
4117 1259 4357 1313 refictam
4392 1259 4639 1313 credide·

2681 1328 2869 1383 rimus.
2950 1328 3243 1382 Praeterea
3289 1327 3586 1381 notandum
3635 1327 3954 1397 Capitonem
4008 1326 4096 1381 hic
4142 1328 4353 1381 laudari
4407 1334 4470 1381 ut
4525 1328 4640 1382 vita

2681 1398 3022 1466 defunctum,
3069 1397 3198 1450 dum
3244 1396 3300 1450 iu
3345 1397 3539 1465 gallico
3588 1397 3742 1465 quasi
3779 1396 3955 1449 adhuc
3987 1402 4266 1465 superstes
4301 1397 4637 1466 producitur.

2681 1466 2758 1519 Et
2791 1466 2847 1519 iu
2883 1465 3089 1518 ultimis
3125 1465 3372 1518 versibus
3409 1481 3638 1533 quorum
3672 1465 4028 1535 archetypum
4073 1465 4326 1533 gallicum
4361 1465 4636 1519 desidera-

2683 1541 2788 1600 tur,
2825 1534 3031 1588 diserte
3066 1534 3280 1587 libellus
3315 1533 3525 1587 Calvini
3560 1533 3628 1588 de
3649 1532 3944 1588 &audatis
3977 1533 4259 1602 allegatur,
4297 1550 4456 1603 quem
4493 1549 4636 1589 anno

2682 1604 2898 1657 demum
2947 1599 3085 1655 1550
3142 1603 3348 1656 editum
3401 1603 3614 1655 scimus.
3702 1603 3923 1656 Haecne
3975 1619 4169 1655 revera
4217 1604 4425 1656 autoris
4482 1620 4637 1656 16666

2682 1676 2829 1739 erat,
2883 1689 2951 1724 an
2998 1671 3343 1726 translatoris
3388 1671 3561 1724 libere
3609 1672 3876 1724 vertentis
3928 1671 4272 1725 coniectura?
4361 1671 4636 1726 Fortassis

2682 1741 2846 1794 etiam
2881 1740 3077 1807 aliquis
3125 1742 3181 1795 in
3218 1757 3336 1793 eam
3380 1740 3706 1792 seutentiam
3743 1739 4087 1793 inclinaverit
4120 1745 4182 1793 ut
4216 1739 4424 1793 diceret
4459 1739 4637 1794 Calvi-

2683 1825 2813 1863 num
2847 1809 3039 1878 ipsum,
3086 1808 3263 1863 denuo
3299 1808 3591 1877 aliquando
3626 1809 3907 1862 occasione
3942 1809 4156 1876 oblata,
4204 1809 4489 1877 epistolam
4525 1809 4637 1878 pri·

2683 1878 2804 1932 dem
2838 1878 3031 1946 gallico
3065 1878 3135 1931 ad
3171 1878 3453 1931 Ducissam
3498 1878 3758 1945 scriptam
3792 1878 3899 1929 iam
3946 1878 4113 1930 latine
4149 1894 4358 1931 versam
4396 1877 4490 1930 alii
4524 1878 4638 1932 cui-

2683 1947 2809 2000 dam
2843 1946 3086 2011 misisse,
3136 1952 3194 2000 et
3227 1947 3306 1999 616
3339 1945 3582 1999 1111611616
3618 1945 3688 1999 (16
3726 1945 4005 1999 Soandalis
4040 1946 4242 1999 diserte
4278 1946 4500 2000 laudare
4538 1962 4635 2015 po-

2682 2015 2868 2069 tuisse.
2937 2014 3147 2068 Verum
3182 2015 3309 2068 huic
3343 2015 3646 2067 sententiae
3684 2014 3809 2081 vix,
3857 2031 3920 2067 ac
3955 2030 4023 2067 ue
4061 2015 4151 2066 vix
4189 2015 4424 2083 quidem,
4461 2014 4635 2069 calcu·

2682 2085 2793 2137 111111
2830 2083 3200 2136 adiacet-imus.
3270 2083 3444 2136 Besae
3490 2083 3625 2136 fides
3674 2081 3923 2136 habenda
3968 2083 4213 2149 videtur,
4260 2083 4353 2153 qui
4387 2084 4638 2149 gallicum

2682 2151 3041 2222 archetypum
3087 2167 3147 2205 66
3192 2157 3456 2205 tractasse
3501 2151 3759 2216 affirmat,
3819 2167 3984 2220 quum
4029 2151 4173 2204 111166
4219 2156 4429 2206 textum
4475 2158 4636 2222 typo·

2680 2221 2890 2290 grapho
2925 2218 3183 2274 traderet.
3237 2221 3530 2274 Praeterea
3565 2221 3729 2273 etiam
3765 2220 3954 2274 literas
3989 2220 4053 2273 D.
4087 2220 4139 2273 N
4144 2262 4156 2274 .
4190 2221 4475 2287 (Dominae
4509 2237 4637 2275 ano-

2683 2291 2941 2360 nymae?)
2996 2288 3402 2343 Ferrarieusem
3511 2289 3619 2341 tius
3655 2305 3817 2356 quam
3852 2292 4124 2370 privatum
4160 2290 4397 2358 aliquem
4431 2289 4636 2409 611511111-

2682 2375 2804 2412 care
2841 2364 3109 2429 putamus,
3147 2364 3204 2412 et
3238 2373 3433 2411 nomeu
3505 2359 3817 2479 ucissaebab
3853 2357 4064 2492 63111616
4100 2365 4434 2428 expunctum
4492 2359 4633 2412 uisse

3391 2442 3549 2479 nemo
3585 2427 3723 2479 mira
3760 2426 3886 2480 itur.

2854 2595 3049 2678 Quod
3094 2596 3176 2662 ad
3233 2603 3303 2662 16
3356 2604 3577 2681 aperte
3634 2608 3700 2661 et
3753 2595 3958 2662 libere
4015 2596 4298 2662 scribere
4351 2596 4631 2678 institui,

2679 2704 2941 2748 omnem
2984 2683 3057 2748 in
3099 2680 3368 2749 modum
3410 2703 3452 2747 a
3497 2689 3564 2746 te
3610 2689 3761 2765 peto
3800 2690 3877 2748 ut
3913 2681 4079 2747 illud
4113 2683 4262 2748 boni
4310 2682 4629 2764 consulas,

2678 2778 2872 2852 atque
2926 2769 3019 2835 sic
3076 2768 3445 2848 existimes,
3513 2768 3571 2832 si
3630 2765 3785 2851 quid
3838 2767 3944 2832 1116
3999 2767 4362 2852 simplicius
4420 2769 4632 2854 egisse

2679 2856 2860 2922 visus
2904 2855 3108 2934 fuero,
3151 2852 3320 2919 illud
3364 2875 3498 2919 666
3534 2875 3574 2918 6
3615 2853 3985 2919 temeritate
4029 2853 4135 2920 vel
4181 2853 4469 2934 audacia,
4515 2850 4631 2920 sed

2679 2941 2760 3006 ab
2795 2961 2927 3006 uno
2970 2947 3039 3005 et
3080 2948 3259 3006 certo
3303 2938 3592 3023 obsequii
3636 2939 3752 3004 tibi
3796 2938 4157 3005 secundum
4178 2940 4396 3006 Deum
4439 2958 4630 3024 prae-

2678 3025 2897 3093 standi
2942 3026 3182 3091 affectu
3224 3026 3587 3109 profectum
3644 3044 3804 3090 6666.
3892 3023 3992 3091 Ut
4033 3025 4211 3089 enim
4269 3046 4375 3091 me
4413 3026 4632 3109 ipsum

2677 3112 2877 3178 nimis
2919 3110 3224 3177 inutilem
3270 3132 3537 3176 servum
3582 3112 3652 3175 in
3697 3110 3842 3176 heri
3893 3110 4027 3175 mei
4070 3110 4261 3176 domo
4306 3110 4480 3196 apud
4527 3130 4631 3176 166

2678 3197 2906 3276 666116,
2943 3196 3040 3263 116
3071 3203 3296 3262 161666
3330 3195 3656 3262 abstinere
3676 3196 3945 3261 omnino
3981 3216 4114 3261 non
4149 3216 4435 3280 possum,
4472 3197 4632 3280 quin

2674 3305 2793 3368 pro
2839 3284 3091 3368 gratiae
3135 3282 3217 3348 ab
3272 3283 3415 3366 ipso
3469 3282 3539 3346 in
3606 3302 3712 3348 me
3755 3281 4026 3348 collatae
4069 3280 4332 3347 modulo
4385 3280 4633 3366 aliquid

2674 3369 2759 3436 ad
2802 3376 2869 3434 16
2914 3388 3121 3451 66666
3165 3369 3634 3433 transmittam:
3696 3367 3857 3434 adeo
3896 3376 3971 3433 ut
4013 3388 4142 3432 non
4186 3389 4420 3451 parum
4465 3366 4631 3434 mihi

2673 3455 2817 3539 ipse
2862 3453 3205 3520 defuturus
3237 3452 3497 3531 videar,
3555 3453 3684 3519 nisi
3728 3459 3794 3518 16
3846 3453 4330 3537 quamprimum
4371 3454 4500 3520 isto
4546 3449 4631 3519 ad

2674 3551 2739 3606 te
2785 3539 3111 3607 scribendi
3147 3539 3361 3605 officio
3394 3534 3624 3605 adeam
3668 3545 3862 3622 atque
3906 3538 4307 3622 compellem.
4397 3539 4461 3604 N
4545 3560 4628 3605 ue

2672 3647 2832 3692 vero
2874 3626 2948 3690 in
2992 3646 3068 3691 eo
3103 3646 3209 3690 me
3246 3624 3560 3691 deficiunt
3599 3625 3760 3689 satis
3798 3622 4070 3690 idoneae
4105 3626 4408 3692 rationes.
4541 3646 4628 3690 na

2674 3718 2791 3790 est,
2837 3731 3042 3795 eaque
3075 3732 3212 3775 una
3245 3711 3405 3775 iusti
3438 3731 3556 3793 per
3592 3731 3662 3775 66
3704 3710 4038 3789 momenti,
4085 3710 4256 3794 quod
4299 3733 4428 3776 non
4474 3717 4640 3777 tuae-

2672 3798 2895 3863 minus
2938 3818 3135 3881 quam
3179 3795 3454 3861 aliorum
3499 3795 3751 3873 salutis,
3810 3816 3929 3878 pro
3970 3796 4241 3861 Domini
4285 3797 4625 3862 vocatione

2672 3904 2801 3967 qua
2863 3883 3137 3968 fungor,
3206 3880 3572 3947 habendam
3639 3881 3805 3946 mihi
3867 3881 4188 3947 rationem
4233 3881 4623 3948 existimem.

2670 3969 2922 4047 Altera,
2971 3966 3141 4052 quod
3184 3988 3385 4048 quum
3443 3980 3621 4031 tuam
3677 3965 3862 4031 illam
3905 3966 4360 4034 celsitudinem
4403 3974 4471 4033 et
4512 3988 4625 4034 su·

2671 4054 3210 4137 pereminentiam
3243 4053 3518 4131 intueor,
3562 4072 3728 4136 quae
3764 4051 3846 4117 ad
3881 4053 4073 4137 regni
4092 4051 4222 4117 Dei
4257 4053 4626 4120 incremen-

2671 4152 2834 4219 tum,
2878 4139 2981 4203 uti
3025 4136 3107 4202 ab
3149 4137 3262 4202 illo
3306 4144 3423 4215 est,
3469 4139 3562 4203 ita
3604 4138 3800 4203 etiam
3840 4159 3973 4203 non
4019 4137 4428 4204 mediocriter
4469 4160 4624 4206 con·

2669 4225 2843 4291 ferre
2931 4224 3114 4303 ossit,
3161 4223 3254 4288 616
3294 4223 3457 4287 mihi
3504 4223 3890 4307 persuadeo,
3930 4245 3970 4289 a
4011 4225 4198 4290 nobis
4242 4225 4353 4309 qui
4393 4224 4623 4293 minis·

2672 4312 2838 4376 terio
2954 4309 3221 4393 ngimur
3258 4307 3654 4392 peculiarem
3691 4307 4018 4393 quandam
4068 4318 4354 4376 vestrum
4395 4331 4624 4378 curam

2671 4417 2748 4461 eo
2790 4395 3055 4461 nomine
3097 4393 3464 4460 habendam
3509 4414 3669 4461 esse.
3756 4394 3914 4459 Mea
3953 4416 4145 4475 vero,
4236 4395 4365 4461 uod
4410 4395 4493 4462 ad
4537 4405 4623 4477 te,

2671 4482 2767 4548 sic
2805 4489 2907 4548 est
2947 4481 3148 4558 ratio,
3202 4488 3281 4546 ut
3335 4501 3540 4564 quum
3598 4501 3640 4545 a
3695 4488 3809 4545 tua
3868 4480 3987 4547 illa
4029 4481 4210 4547 Exco
4239 4481 4444 4548 lentia
4485 4480 4622 4548 dis-

2670 4587 2957 4646 cessero,
3016 4586 3169 4632 6616
3209 4567 3283 4631 16
3322 4573 3390 4631 16
3432 4574 3655 4631 161666
3699 4566 3828 4631 Dei
3871 4567 4174 4633 timorem
4190 4619 4206 4646 ‚
4264 4576 4332 4634 et
4374 4568 4622 4634 serium

2668 4653 2768 4719 illi
2810 4651 3205 4737 obsequendi
3239 4653 3547 4718 affectum
3592 4670 3961 4736 agnoscam,
4007 4660 4086 4718 ut
4126 4652 4438 4720 ferendus
4481 4674 4621 4719 om-

2670 4739 2827 4804 nino
2880 4759 3017 4803 non
3071 4738 3195 4802 sim
3210 4788 3227 4817 ,
3283 4737 3412 4803 nisi
3470 4736 3553 4802 ad
3607 4757 3870 4804 omnem
3929 4739 4332 4805 occasionem
4386 4760 4621 4824 procn-

2670 4823 2917 4890 randae
2959 4822 3191 4889 salutis
3242 4831 3398 4888 tuae
3452 4823 3781 4888 intentum
3824 4845 3933 4889 me
3970 4825 4333 4908 praebeam.
4425 4822 4624 4906 Quod

2668 4910 2766 4976 ita
2817 4929 2926 4975 me
2978 4916 3262 4973 testante
3319 4928 3467 4974 mea
3521 4909 3920 4975 conscientia
3962 4910 4183 4994 procul
4244 4930 4285 4975 a
4326 4910 4470 4977 fuco
4511 4908 4621 4977 vel

2670 4994 3043 5061 adulatione
3096 4992 3217 5058 tibi
3258 4995 3624 5075 testificari,
3667 4995 3854 5062 novit
3893 4995 4006 5062 ille
4048 4996 4153 5062 cui
4197 5004 4423 5081 aperta
4464 5002 4621 5064 sunt

2668 5079 2927 5148 occulta
2967 5086 3035 5145 et
3075 5080 3309 5145 intima
3348 5078 3643 5147 cordium
3685 5089 3752 5147 et
3797 5103 3870 5147 co
3920 5082 4284 5149 ’tationum
4373 5081 4620 5167 Accepi

2668 5186 2710 5232 a
2749 5165 2979 5232 multis
3019 5165 3228 5249 iisque
3270 5164 3399 5231 fide
3441 5164 3663 5251 dignis
3707 5167 3790 5234 de
3830 5103 3937 5233 ἆ.
3974 5189 4168 5253 66616
4210 5166 4619 5235 6666166616-

2667 5272 2811 5318 rem
2854 5251 3056 5318 habes
3072 5302 3088 5330 ‚
3143 5250 3317 5335 quod
3360 5271 3560 5337 quum
3614 5251 3698 5317 ad
3742 5262 4004 5339 tempus
4045 5261 4113 5321 et
4154 5274 4273 5337 pro
4315 5275 4435 5321 suo
4477 5274 4618 5320 mo-

2666 5337 2821 5404 dulo
2896 5335 3142 5422 aliquid
3203 5358 3339 5405 non
3411 5337 3879 5423 poenitendum
3934 5340 4364 5425 praestiterit,
4438 5339 4617 5408 idem
