5050 6167
343 497 347 501 Α
396 408 508 472 461

1285 591 1438 662 433.

778 728 1454 797 BAR'PAUDIERE
1509 729 1947 797 OALVINO.

562 899 756 967 Goelii
815 900 959 983 sata
1021 902 1468 967 recentissima.
1586 901 1811 968 Ochini
1887 902 2343 984 inexspectatus

392 986 607 1053 abitu-⁹.
699 985 941 1052 Rerum
994 988 1066 1051 in
1123 988 1277 1052 aula
1322 986 1731 1054 Ferrariensi
1782 991 2000 1067 statua
2056 989 2166 1054 ubi
2207 988 2342 1053 iam

392 1072 669 1139 omnibus
698 1073 1045 1155 petentibus
1085 1075 1375 1140 succurri
1416 1074 1645 1157 nequit.

714 1244 828 1307 (Ex
863 1244 1201 1313 autographo
1238 1243 1369 1299 Ood.
1407 1244 1610 1299 Genev.
1649 1243 1767 1312 109,
1803 1244 1892 1299 fol.
1928 1243 2006 1311 ⁶1.)

1135 1434 1200 1499 A
1242 1433 1400 1498 Mon
1408 1434 1589 1498 sieur

963 1519 1304 1585 Monsieur
1351 1519 1752 1603 Despeville.

549 1654 624 1722 S.
669 1656 746 1722 P.
822 1655 1113 1721 Reddita
1154 1654 1320 1721 mihi
1363 1665 1467 1722 est
1511 1657 1785 1740 epistola
1824 1665 1943 1723 tua
1984 1677 2131 1739 qua,
2176 1678 2338 1740 quo·

379 1741 556 1807 niam
619 1741 781 1807 mihi
845 1741 1142 1807 laborare
1207 1742 1536 1808 videbaris
1592 1764 1679 1808 ne
1745 1764 1979 1826 parum
2046 1765 2086 1808 a
2149 1743 2335 1809 nobis

377 1826 662 1913 diligens
704 1829 776 1893 in
810 1827 1153 1894 scribendo
1189 1837 1513 1910 putarem,
1561 1849 1793 1912 operae
1836 1829 2121 1912 pretium
2168 1828 2336 1893 iudi·

377 1915 522 1980 cavi
582 1922 658 1979 ut
709 1934 830 1997 per
873 1934 980 1978 me
1036 1917 1278 1980 certior
1318 1916 1530 1994 fieres,
1588 1913 1900 1999 quidquid
1945 1936 1985 1979 a
2029 1924 2094 1980 te
2136 1916 2336 1997 profi-

381 1999 652 2066 ciscitur
705 2008 844 2065 tam
900 1999 1009 2064 hic
1063 2020 1206 2065 esse
1261 2011 1527 2085 gratum
1584 2021 1780 2084 quam
1824 2001 1995 2084 quod
2038 2001 2337 2085 gratissi-

381 2106 582 2151 mum.
696 2084 1123 2152 Delectamur
1184 2086 1362 2151 enim
1437 2108 1643 2170 quum
1708 2086 2155 2152 recordatione
2214 2087 2334 2164 tui,

381 2177 523 2236 tum
580 2171 872 2236 maxime
927 2172 1059 2237 tuis
1115 2171 1343 2250 literis,
1403 2180 1477 2236 ut
1530 2172 1698 2237 nihil
1741 2172 2172 2238 dubitandum
2216 2172 2336 2239 tibi

379 2257 482 2335 sit,
541 2256 788 2322 habere
847 2264 913 2320 te
966 2258 1300 2322 neminem
1344 2258 1451 2323 cui
1509 2280 1706 2341 quam
1764 2259 1952 2324 nobis
1996 2260 2130 2323 sint
2172 2258 2336 2324 haec

377 2342 595 2407 officia
638 2349 757 2407 tua
799 2343 1075 2408 cariora:
1134 2343 1248 2408 sed
1293 2351 1548 2421 tamen,
1610 2352 1682 2409 tu
1725 2345 1879 2427 quia
1921 2344 2100 2409 haud
2144 2366 2336 2427 saepe

377 2427 675 2494 fortassis
719 2428 923 2493 habes
965 2429 1072 2494 cui
1115 2429 1197 2492 ad
1242 2451 1361 2495 nos
1395 2429 1739 2513 epistolam
1784 2440 1959 2496 recte
1996 2430 2152 2495 dare
2187 2451 2336 2514 pos-

377 2514 484 2593 sis,
532 2524 603 2578 et
647 2534 719 2580 es
761 2515 1043 2596 negotiis
1085 2535 1346 2597 semper
1388 2515 1689 2598 plurimis
1733 2514 2101 2599 impeditus,
2149 2517 2336 2581 nolu-

374 2619 525 2665 mus
569 2599 698 2665 hac
739 2598 1083 2664 literarum
1127 2601 1480 2666 ambitione
1514 2610 1776 2666 tuarum
1817 2604 2100 2667 officium
2145 2610 2337 2668 tuum

375 2683 789 2751 conturbare.
862 2685 957 2750 'Pe
991 2684 1421 2751 nihilominus
1465 2687 1664 2751 etiam
1705 2695 1900 2770 atque
1937 2688 2136 2753 etiam
2179 2709 2338 2772 rogo

376 2770 582 2853 (quod
645 2771 858 2835 facere
912 2778 1025 2836 tuo
1080 2771 1421 2836 commodo
1463 2771 1702 2858 possis)
1745 2794 1827 2837 ne
1870 2773 2109 2838 iustam
2155 2795 2336 2839 occa-

373 2856 631 2922 sionem
718 2856 924 2921 ullam
1022 2856 1351 2922 scribendi
1447 2859 1955 2940 praetermittas.
2091 2858 2339 2925 Coelius

371 2939 752 3016 ἀνελπίστως
793 2942 1218 3025 periclitatus,
1249 2943 1299 3026 ι)
1337 2943 1656 3028 singulari
1693 2943 1955 3009 tandem
1993 2945 2121 3009 Dei
2155 2946 2338 3010 beni-

369 3029 522 3094 ficio
560 3036 884 3106 servatus,
922 3026 1007 3092 ad
1039 3048 1160 3095 vos
1202 3028 1607 3110 provinciam
1644 3030 1941 3095 obiturus
1976 3029 2108 3094 iam
2143 3031 2333 3097 redit.

372 3113 502 3180 Oui
547 3135 638 3178 ne
682 3113 839 3196 quid
895 3112 1182 3191 deesset,
1238 3116 1585 3196 quominus
1629 3124 1696 3179 et
1738 3116 2013 3181 honeste
2058 3123 2127 3181 et
2169 3137 2335 3182 com-

370 3200 565 3265 mode
612 3221 685 3266 se
727 3200 1065 3282 reciperet,
1120 3221 1384 3282 operam
1427 3221 1547 3283 pro
1601 3209 1828 3267 nostra
1874 3201 2180 3267 facultate
2224 3200 2336 3266 de-

373 3283 614 3351 dimus.
705 3287 790 3351 D.
837 3307 996 3352 vero
1039 3284 1236 3350 Bern‘
1277 3288 1331 3368 ²)
1378 3287 1568 3352 nobis
1610 3286 1956 3372 integritas
1995 3309 2083 3353 ex
2125 3288 2335 3353 multo

369 3372 505 3437 iam
571 3379 869 3454 tempore
924 3380 992 3436 et
1047 3393 1172 3436 usu
1236 3373 1542 3437 familiari
1605 3383 1943 3456 perspecta
1998 3395 2073 3440 ac
2136 3374 2336 3457 probe

369 3457 667 3524 iudicata
723 3465 839 3523 est.
928 3455 1034 3521 De
1095 3479 1223 3540 quo
1275 3466 1501 3523 tamen
1559 3459 1777 3524 rarius
1830 3467 1929 3525 est
1978 3459 2087 3524 hic
2126 3459 2335 3524 homi-

369 3564 535 3608 num
582 3564 820 3609 sermo.
908 3543 1056 3608 Hoc
1108 3544 1423 3627 quidquid
1483 3552 1584 3610 est
1625 3544 1982 3610 multorum
2038 3544 2338 3611 sollicitat

371 3629 652 3694 animos.
742 3628 912 3694 Mihi
968 3637 1189 3694 autem
1245 3651 1382 3694 non
1425 3631 1500 3694 fit
1556 3630 1941 3708 verisimile,
2002 3630 2335 3695 hominem

369 3734 672 3797 gravem,
735 3722 805 3779 et
847 3736 997 3779 eum
1052 3736 1297 3792 senem,
1355 3715 1707 3782 adductum
1768 3717 1984 3798 potius
2038 3737 2181 3781 esse
2226 3716 2337 3781 de-

372 3800 756 3884 speratione
779 3821 999 3865 rerum
1044 3803 1337 3866 omnium
1375 3823 1569 3883 quam
1605 3802 1888 3886 cogitato
1931 3802 2217 3880 consilio,
2265 3813 2340 3868 ut

370 3886 846 3967 profectionem
890 3886 958 3950 in
995 3893 1184 3952 tanta
1219 3888 1558 3951 hominum
1590 3886 2019 3953 admiratione
2054 3910 2129 3954 ac
2152 3888 2341 3972 vulgi

370 3990 649 4036 rumore
693 3971 1139 4037 meditaretur.
1226 3973 1468 4037 Virum
1526 3971 1703 4038 hunc
1759 3973 2099 4056 bonum,³)
2146 3974 2257 4056 qui
2301 3995 2341 4037 a

371 4056 567 4123 vobis
626 4056 710 4122 ad
767 4080 886 4122 nos
943 4065 1045 4122 est
1098 4059 1444 4139 profectus,
1504 4058 1737 4124 multis
1776 4058 2169 4139 nominibus,
2226 4058 2342 4124 scd

371 4149 490 4208 tua
533 4143 739 4208 etiam
784 4144 1366 4220 commendatione,
1411 4145 1714 4227 inprimis
1757 4153 1978 4209 autem
2016 4146 2169 4225 quia
2211 4145 2339 4208 fra-

371 4235 476 4293 ter
519 4238 644 4308 est,
690 4228 1012 4311 complexi
1055 4251 1314 4295 sumus:
1372 4251 1568 4312 quem
1611 4252 1744 4295 non
1785 4238 2046 4296 tantum
2089 4231 2339 4304 iuvare,

372 4314 490 4379 sed
549 4315 753 4380 rebus
811 4314 1114 4380 omnibus
1170 4335 1403 4380 ornare
1470 4315 1905 4398 cupiebamus.
2006 4317 2102 4380 At
2157 4315 2343 4380 nulla

372 4398 438 4463 id
493 4401 760 4467 ratione
812 4402 1039 4483 perfici
1093 4402 1334 4483 potuit,
1401 4401 1591 4468 cuius
1647 4402 1776 4466 huo
1830 4403 1973 4485 ipse
2029 4423 2100 4467 se
2147 4423 2344 4468 causa

407 4690 544 4750 483.
587 4692 648 4756 1)
687 4691 885 4745 Mense
926 4691 1152 4746 octobre
1195 4691 1528 4746 Ferrariam
1571 4699 1814 4760 venerat,
1864 4690 1994 4746 inde
2040 4690 2343 4746 adiwvcmte

524 4761 535 4772 ‘
566 4775 637 4814 sa
672 4761 938 4828 luccam,
973 4761 1124 4815 unde
1156 4766 1340 4815 tamen
1373 4777 1521 4829 mox,
1560 4777 1729 4829 quum
1757 4761 2072 4831 perimdum
2093 4762 2157 4813 in
2187 4777 2343 4815 mora

373 4835 535 4894 esset,
575 4829 789 4884 relictis
821 4831 1046 4897 filiabus
1081 4836 1132 4885 et
1165 4831 1511 4899 supellectile,
1550 4847 1674 4885 cum
1701 4848 1876 4886 umore
1904 4836 1955 4885 et
1975 4830 2109 4897 filiis
2141 4845 2343 4884 rursus

370 4897 436 4950 in
469 4897 794 4953 Helvetium
829 4914 886 4953 se
917 4901 1141 4969 recepit,
1182 4901 1247 4953 im
1280 4902 1480 4954 itinere
1523 4916 1672 4956 mero
1719 4916 1855 4954 casu
1900 4900 2342 4968 persequentium

371 4968 646 5090 nagoga
697 4969 992 5037 elapsus
1034 4969 1119 5035 Cf.
1170 4968 1418 5024 Schmidt
1461 4969 1527 5022 in
1569 4971 1659 5025 Zs.
1707 4971 1748 5037 f.
1795 4970 1923 5024 hiet.
1976 4968 2156 5022 Theol.
2210 4968 2341 5021 1860

583 5079 655 5169 ’2)
693 5106 1043 5162 samaram·
1085 5106 1302 5173 camni,
1353 5110 1451 5176 qm·
1481 5125 1665 5178 „uper
1699 5114 1752 5164 et
1795 5109 1917 5176 ipse
1950 5106 2181 5161 Italiam
2213 5106 2339 5161 rezi-

331 5178 350 5190 *
375 5180 602 5243 querat,
642 5175 709 5230 de
879 5176 1057 5245 plura
1093 5178 1159 5229 N.
1195 5176 1312 5228 426.
1351 5177 1470 5232 431.

453 5318 534 5368 a·
590 5244 656 5310 3)
694 5192 866 5300 Im
894 5251 1042 5314 puta
1077 5247 1175 5314 qui
1211 5244 1433 5300 Calvini
1477 5246 1765 5316 epistolam
1811 5244 2143 5300 Ferrariam
2194 5249 2339 5299 attu-

2172 407 2334 469 1542
2378 402 2594 471 NOV.

4267 420 4395 483 462

2446 593 2846 659 contulerat:
2959 593 3089 659 uod
3147 596 3334 662 facile
3389 597 3736 678 iudicabit,
3791 600 4155 684 cuicunque
4205 610 4397 671 notae

2446 615 2961 766 Princi[pissae3
3009 692 3270 746 nostrae
3304 683 3591 750 rationes
3626 694 3836 750 erunt.
3855 688 3914 768 ⁴)
3977 688 4207 770 Neque
4240 711 4396 756 vero

2444 765 2514 828 id
2567 786 2649 828 ex
2708 786 2781 829 re
2837 764 3123 830 hominis
3177 790 3319 832 esse
3369 770 3703 851 potuisset.
3793 769 3988 851 Quod
4027 773 4157 856 ipsi
4198 775 4394 840 etiam

2446 849 2629 914 nullo
2673 852 2995 915 monitore
3051 852 3341 919 iudicare
3382 855 3531 919 istic
3573 854 3826 921 licebat.
3915 857 4136 924 Huius
4177 860 4395 943 itaque

2446 936 2544 1000 rei
2598 936 3050 1020 impetrandae
3103 960 3305 1020 quum
3362 939 3546 1004 nulla
3590 949 3706 1006 aut
3748 942 4054 1024 expedita
4095 950 4212 1009 aut
4252 951 4396 1011 tuta

2443 1021 2614 1086 ratio
2693 1024 2908 1105 potuit
2984 1021 3243 1102 haberi,
3324 1032 3631 1091 conatum
3692 1026 4069 1094 Ambrosius
4129 1038 4197 1093 et
4272 1052 4396 1115 ego

2443 1119 2740 1172 nostrum
2781 1129 3044 1173 omnem
3097 1110 3168 1174 in
3223 1110 3347 1177 hoc
3390 1111 3685 1177 meditati
3733 1134 3961 1179 sumus
4002 1120 4080 1178 ut
4119 1114 4395 1181 honesto

2443 1193 2662 1275 aliquo
2727 1191 2896 1258 dono
2973 1195 3447 1276 aliquantulum
3511 1208 3740 1263 auctus
3803 1197 3887 1262 ad
3952 1221 4067 1266 vos
4134 1201 4393 1267 rediret.

2444 1276 2579 1343 Sed
2626 1300 2838 1362 neque
2889 1279 3016 1344 fuit
3056 1279 3218 1347 haec
3269 1281 3557 1347 hominis
3597 1283 3960 1349 calamitosi
4002 1293 4072 1350 et
4111 1285 4394 1353 fortunis

2442 1364 2749 1429 omnibus
2784 1365 2972 1430 eiecti
3011 1365 3286 1431 iuvandi
3319 1367 3483 1433 satis
3516 1376 3903 1451 exprompta
3922 1371 4104 1435 rati0.
4171 1372 4396 1455 Rogas

2441 1450 2905 1531 quamobrem?
2988 1453 3205 1516 Tanta
3247 1461 3348 1518 est
3391 1453 3728 1519 hominum
3771 1454 3897 1520 hac
3941 1454 4021 1520 de
4062 1476 4257 1522 causa
4299 1457 4395 1522 la-

2442 1533 2821 1601 borantium
2865 1537 3072 1620 copia,
3117 1558 3394 1620 quorum
3430 1541 3643 1604 omnis
3676 1538 3807 1606 huc
3849 1541 4069 1624 inopia
4111 1549 4178 1607 et
4220 1542 4393 1608 cala-

2441 1621 2640 1687 mitas
2685 1643 3050 1687 commeare
3097 1623 3281 1701 solet,
3337 1632 3416 1688 ut
3456 1625 3660 1690 mirer
3701 1647 4167 1708 saepenumero
4209 1629 4394 1710 prin-

2442 1706 2605 1789 cipis
2669 1707 3126 1773 liberalitatem
3192 1730 3328 1774 non
3388 1710 3669 1793 fatigari.
3756 1711 3977 1776 Huius
4035 1721 4252 1778 autem
4295 1714 4395 1778 rei

2442 1793 2893 1857 testimonium
2935 1795 3008 1858 in
3055 1793 3256 1860 Coelio
3300 1795 3428 1859 erit
3469 1796 3744 1862 illustre.
3811 1797 3916 1861 Ro
4006 1799 4226 1863 ntibus
4269 1799 4394 1863 ita-

2441 1898 2567 1960 que
2611 1877 2797 1943 nobis
2841 1887 2909 1943 et
2959 1880 3202 1945 obnixe
3258 1902 3377 1964 pro
3421 1880 3685 1947 homine
3740 1892 3932 1966 postu
3964 1883 4245 1963 antibus,
4289 1885 4394 1950 sui

2441 1963 2567 2028 sibi
2601 1963 2867 2029 tandem
2903 1964 3273 2031 habendam
3308 1967 3631 2032 rationem
3665 1966 4032 2050 respondit:
4072 1971 4395 2052 imparem

2442 2069 2511 2113 se
2556 2056 2694 2115 tam
2730 2049 2958 2115 multis
3001 2052 3385 2133 sumptibus,
3428 2053 3674 2135 vixque
3718 2054 4071 2120 excessisse
4106 2053 4419 2134 biduum„

2439 2154 2644 2216 quum
2696 2136 2815 2201 uni
2858 2158 2924 2212 x,
2982 2135 3173 2201 alteri
3229 2161 3323 2202 xx
3377 2147 3910 2204 numerarentur:
3969 2150 4039 2204 et
4091 2139 4161 2204 id
4219 2147 4395 2207 certe

2439 2242 2689 2285 verum.
2777 2221 2956 2288 Huic
3011 2222 3219 2306 igitur
3274 2224 3670 2290 confecimus
3733 2232 4054 2306 quantum
4106 2226 4395 2290 maxime
4448 2239 4467 2258 ·

2438 2306 2644 2385 licuit,
2690 2315 2758 2372 et
2800 2307 2868 2372 id
2911 2308 3193 2389 quidem,
3252 2330 3379 2390 quo
3422 2318 3524 2375 est
3566 2331 3606 2374 a
3648 2309 3839 2375 nobis
3883 2310 4103 2375 animo
4147 2309 4394 2390 datum,

2440 2413 2516 2456 eo
2541 2393 2805 2475 abipso,
2849 2412 2979 2475 qua
3006 2403 3106 2458 est
3127 2393 3453 2473 facilitate,
3497 2405 3599 2460 est
3619 2402 3973 2477 acceptum.
4044 2395 4397 2462 Caeterum

2441 2478 2497 2553 si
2542 2479 2651 2561 qui
2694 2478 2842 2543 istic
2886 2488 3083 2543 erunt
3124 2478 3317 2544 valde
3360 2481 3606 2564 inopes,
3667 2481 3850 2546 effice
3894 2481 4114 2563 potius
4159 2490 4234 2546 ut
4274 2502 4396 2546 nos

2439 2583 2560 2646 per
2599 2563 2824 2628 literas
2857 2564 3169 2630 certiores
3203 2564 3466 2645 faciant,
3513 2586 3705 2649 quam
3745 2574 3821 2631 ut
3854 2566 4060 2631 tantis
4103 2588 4255 2633 cum
4292 2568 4395 2631 in-

2442 2650 2798 2714 commodis
2862 2649 2991 2715 huc
3055 2659 3427 2734 properent.
3534 2651 3701 2727 Nos,
3778 2659 4101 2734 quantum
4178 2652 4396 2717 studio

2440 2736 2654 2800 officio
2697 2754 2773 2800 ac
2827 2755 3026 2818 opera
3076 2737 3395 2819 praestari
3438 2737 3665 2819 possit,
3720 2737 3853 2803 tuis
3908 2737 4117 2803 literis
4160 2737 4398 2802 moniti

2443 2821 2664 2886 statim
2724 2822 3152 2903 perficiemus.
3241 2823 3337 2887 'Pe
3392 2822 3612 2887 Princ.
3655 2821 3742 2886 D.
3793 2822 3970 2888 Pone.
4015 2823 4309 2901 maritus,
4338 2821 4396 2909 ὅ)

2446 2906 2758 2987 Sinapius
2809 2915 2875 2970 et
2929 2928 3098 2971 uxor
3161 2928 3327 2990 quae
3390 2914 3605 2991 gestat
3665 2915 3946 2987 uterum,
4006 2908 4397 2974 Ambrosius

2440 2990 2617 3056 idem
2680 3001 2834 3057 tuus
2900 2991 3076 3056 idem
3140 3014 3344 3071 meus,
3410 2992 3779 3076 caeterique
3834 3015 4061 3058 omnes
4115 2992 4397 3059 officiose

2440 3078 2826 3158 resalutant,
2883 3085 3246 3160 rogantque
3290 3077 3394 3143 sui
3436 3086 3513 3143 ut
3552 3078 3932 3145 memineris
3985 3081 4046 3143 ἐν
4094 3078 4168 3160 τῇ
4207 3100 4397 3160 προσ-

2439 3165 2619 3246 ευχῇε
2688 3164 2976 3228 maxime
3033 3184 3192 3229 vero
3243 3164 3429 3229 Prin.
3500 3172 3567 3229 et
3627 3164 3826 3229 Ponm
3876 3184 4045 3247 quae
4100 3164 4273 3230 Bar-⁰
4318 3172 4398 3228 ut

2440 3270 2560 3314 suo
2596 3250 2861 3315 nomine
2897 3270 2973 3314 ac
3002 3247 3089 3315 D.
3117 3249 3354 3334 ,Ma-9²⁴⁰
3393 3250 3671 3315 salutem
3719 3248 3895 3316 dicas
3933 3259 3997 3313 te
4032 3250 4393 3329 obsecrant,

2439 3335 2610 3416 quod
2654 3346 2722 3400 et
2762 3356 2884 3400 nos
2926 3336 3216 3400 facimus.
3283 3336 3390 3401 Ab
3435 3335 3711 3400 humore
3747 3335 4214 3401 melancholico
4255 3354 4397 3399 mo-

2439 3419 2602 3486 leste
2657 3422 2742 3486 D.
2794 3421 3026 3485 Pontus
3073 3422 3331 3504 saepius
3392 3429 3719 3504 aegrotat,
3776 3421 3959 3486 cuius
4015 3420 4226 3485 morbi
4284 3419 4395 3484 de-

2439 3506 2725 3589 pellendi
2769 3506 2841 3571 in
2887 3507 3154 3571 Christo
3211 3528 3361 3589 spes
3414 3508 3625 3571 omnis
3679 3515 3797 3572 est.
3884 3508 3987 3571 Tu
4034 3515 4102 3570 et
4143 3505 4254 3589 qui
4296 3513 4395 3570 te-

2442 3611 2589 3656 cum
2656 3599 2813 3657 sunt
2875 3592 3027 3657 boui
3095 3593 3221 3656 viri
3280 3601 3533 3675 patrem
3594 3599 3774 3656 orate
3838 3613 3957 3674 pro
4020 3613 4116 3657 ea.
4205 3589 4395 3669 Vale,

2441 3677 2648 3742 frater
2689 3678 2761 3741 in
2805 3676 3075 3743 Christo
3120 3677 3369 3743 dilecte.
3448 3677 3737 3760 Bon0.⁶)
3792 3677 4001 3759 pridie
4057 3697 4206 3740 non.
4264 3675 4397 3741 No·

2443 3764 2656 3828 vemb.
2710 3767 2890 3827 1542.

2795 3900 2979 3965 Tuus
3022 3898 3231 3964 modis
3275 3900 3576 3965 omnibus
3617 3899 3823 3964 frater
3863 3895 4310 3963 Bartaudiere.

2652 4191 2712 4254 4)
2752 4190 2969 4245 Scilicet
2986 4189 3241 4254 marim,
3272 4186 3521 4255 politicis
3552 4186 3863 4240 rationibus
3897 4191 4094 4252 motus,
4132 4183 4394 4238 arctiori·

2446 4261 2548 4315 bus
2579 4259 2761 4314 indies
2806 4258 3072 4312 limittbus
3105 4256 3578 4311 circumscribebat
3622 4257 3742 4309 eius
3788 4256 4087 4309 libertatem
4144 4254 4209 4307 in
4254 4255 4391 4307 reci-

2439 4330 2669 4400 piendis
2720 4333 2771 4382 et
2816 4327 3159 4381 adiuvanda
3209 4324 3388 4379 Gallis
3438 4324 3736 4379 exsulibus.
3823 4325 3984 4378 Inter
4036 4323 4176 4377 alios
4231 4322 4396 4376 Olem.

2446 4400 2521 4454 M
2518 4405 2643 4453 arot
2674 4403 2806 4450 tunc
2840 4396 3028 4450 aulam
3063 4397 3183 4449 eius
3238 4394 3542 4463 relinquere
3583 4399 3802 4447 coactus
3848 4398 3943 4446 est.
4017 4390 4200 4445 Plura
4244 4393 4395 4446 inve·

2445 4471 2568 4523 πίω
2602 4466 2760 4535 apud
2796 4467 3096 4532 Bltlmmer,
3136 4463 3358 4517 Renata
3439 4506 3446 4515 .
3488 4462 3588 4515 104
3624 4468 3674 4514 et
3701 4462 3933 4530 passim.

2654 4539 2714 4596 5)
2749 4535 2880 4588 Ant.
2918 4534 2984 4587 de
3020 4533 3193 4600 Pons,
3234 4532 3327 4587 Sr.
3463 4532 3789 4599 Maremtes,
3837 4531 3999 4584 maius
4043 4544 4188 4583 umor
4222 4529 4397 4582 Arma

2447 4605 2514 4660 de
2552 4605 2891 4674 Parthenay,
2930 4603 3178 4658 Soubieii
3210 4602 3349 4669 filia.

2655 4675 2714 4740 6)
2750 4674 3058 4728 Bonomae.
