5050 6167
260 471 265 476 .
389 415 505 479 ‘181

1286 602 1443 674 ⁵80.

783 773 1276 843 MYOONIUS
1318 772 1959 843 BULLINGERO.

568 964 967 1030 Trans-mittit
1008 964 1227 1031 literas
1273 962 1525 1029 Caluini
1580 968 1637 1029 et
1680 961 1925 1028 Farelli
1979 962 2057 1028 de
2110 964 2345 1046 neqotio

389 1049 907 1117 Neooomensiam
948 1054 1005 1115 et
1052 1048 1420 1131 Gapuneuli.

386 1238 497 1304 (Ex
534 1238 874 1321 autographo
909 1238 1131 1292 Archiv.
1168 1238 1349 1294 Turio.
1386 1236 1652 1292 Plut.V1.
1678 1237 1781 1318 vol.
1806 1235 1911 1290 155
1927 1236 2056 1318 olim
2083 1236 2234 1316 Tem.
2258 1233 2343 1288 33.

381 1307 487 1388 ῐοΙ.ἶ
511 1304 631 1361 207.
685 1308 854 1363 Aliud
889 1308 1172 1388 exemplar
1205 1308 1276 1361 ab
1310 1322 1627 1361 amanuensi
1659 1312 1922 1387 scriptum
1954 1305 2086 1359 ibid.
2124 1322 2181 1357 m
2211 1305 2344 1358 bibl.

382 1376 538 1432 eine.
583 1376 737 1432 MSS.
781 1377 844 1431 F.
881 1375 949 1430 81
990 1378 1120 1431 ohm
1167 1374 1239 1430 46
1282 1376 1377 1431 fol.
1411 1374 1516 1429 392
1560 1382 1619 1429 et
1663 1374 1809 1446 apud
1843 1375 2057 1429 simler.
2096 1373 2225 1430 Vol.
2259 1372 2346 1428 56.

380 1565 470 1632 D.
514 1565 878 1631 Heinricho
922 1566 1310 1649 Bullingero
1368 1563 1743 1630 doctissimo
1799 1564 2083 1629 antistiti
2137 1563 2345 1647 'Pigu-

378 1653 683 1717 rinorum
736 1651 914 1718 fideli
972 1652 1236 1718 domino
1290 1651 1365 1715 in
1408 1649 1675 1716 Christo
1730 1648 2137 1717 observando
2201 1670 2340 1714 suo.

377 1837 2344 1856 ——-—-———————————

557 1892 761 1958 Mitto
782 1891 1012 1957 literas
1039 1890 1291 1958 Calvini
1323 1903 1394 1955 et
1416 1889 1661 1956 Far-elli
1694 1891 1763 1955 in
1803 1888 1925 1955 hoc
1959 1889 2127 1956 mihi
2166 1908 2349 1956 com-·

376 1976 750 2044 mendatas.
840 1976 1178 2061 Scriptum
1223 1996 1478 2059 quoque
1526 1973 1798 2051 Caluini,
1849 1976 1982 2041 imo
2025 1973 2343 2040 iudicium

378 2062 466 2130 de
508 2065 713 2129 fratre
754 2063 904 2147 plus
946 2062 1108 2127 satis
1163 2062 1569 2128 contentioso
1624 2059 1798 2144 apud
1840 2061 1904 2125 N
1906 2082 2340 2127 eocomenses.

377 2148 566 2232 Quid
604 2158 831 2233 petant
865 2170 949 2214 ex
991 2147 1205 2214 literis
1247 2167 1618 2232 cognosces.
1686 2146 2017 2230 Equidem
2059 2147 2344 2213 fratrum

376 2237 650 2302 nomine
692 2235 927 2318 scripsi
970 2232 1198 2299 eadem
1242 2233 1324 2299 de
1366 2254 1441 2298 re
1485 2241 1639 2298 ante
1675 2252 1939 2298 mensos
1972 2233 2222 2316 aliquot
2257 2233 2341 2299 ad

379 2320 735 2399 Farellum,
792 2320 908 2387 sed
965 2340 1218 2403 parum,
1277 2328 1352 2386 ut
1400 2319 1614 2398 video,
1674 2317 1939 2401 profeci,
1999 2317 2154 2383 dum
2210 2318 2340 2398 ille,

376 2406 680 2491 quisquis
721 2416 842 2485 est,
884 2415 1137 2489 perstat
1177 2406 1249 2470 in
1292 2415 1607 2488 concepta
1649 2404 1893 2470 duritie
1920 2404 1986 2484 ¹).
2065 2404 2181 2471 Sic
2215 2402 2342 2470 Sa-

374 2501 500 2562 tan
543 2513 666 2558 nos
707 2500 922 2558 tentat
965 2491 1223 2574 ubique.
1312 2491 1637 2557 Miserum
1696 2489 1870 2575 quod
1914 2511 2049 2556 non
2091 2490 2341 2557 resisti·

374 2598 775 2731 ῗὲιὲἓέῗ
821 2599 1008 2731 Ἑῖἒῗ
1042 2576 1430 2730 &miz
1450 2587 1697 2662 ‘'m“
1745 2610 2340 2625 “““““

1442 2748 1556 2816 Os.
1603 2748 1951 2832 Myconius
1993 2756 2165 2814 tuus.

1164 3011 1565 3019 —-—-——---

1289 3209 1443 3281 591⁹.

822 3362 1439 3434 CAPUNOULUS
1481 3363 1917 3431 CALVINO.

562 3539 955 3607 Praemissis
994 3537 1322 3604 nonnullis
1359 3536 1437 3602 de
1481 3535 1754 3604 Corte-sio
1787 3556 1831 3602 a
1879 3534 2342 3603 Genevensibus

386 3647 513 3693 non
553 3632 623 3693 ut
664 3626 906 3692 decebat
960 3630 1235 3708 excepto,
1291 3624 1569 3709 lonqam,
1625 3623 1960 3707 diffiteam,
2018 3624 2343 3709 taedioque

379 3714 645 3796 plenam
692 3713 939 3779 inchoat
990 3711 1448 3779 ventilationem
1504 3710 1902 3778 scholasticae
1957 3711 2342 3794 quaestionis

321 3845 345 3861 .
389 3821 477 3866 an
522 3799 815 3866 Christus
856 3798 1157 3865 dicendus
1197 3800 1283 3863 sit
1325 3819 1369 3863 a
1407 3817 1476 3863 se
1518 3799 1657 3879 ipso
1698 3818 1829 3864 esse
1869 3816 1980 3864 neo
2019 3817 2114 3863 ne.

389 3973 506 4041 (Ex
539 3972 752 4026 duobus
785 3968 1117 4039 apographis
1151 3971 1367 4023 coaevis
1412 3970 1471 4022 in
1508 3968 1854 4022 Bibliotheca
1886 3975 2168 4091 gestorum
2204 3968 2348 4023 Neo·

391 4042 741 4122 comensium,
827 4055 1021 4119 norum
1046 4039 1315 4120 'alterum‘
1336 4040 1426 4119 (a)
1474 4037 1595 4093 Vol.
1633 4040 1697 4092 A.
1732 4038 1826 4092 sol.
1860 4038 1889 4091 1
1930 4078 1945 4104 ,
1976 4038 2227 4119 ‘alt-erum
2265 4039 2348 4120 (ρ)

390 4116 782 4258 ἔξοῖἒῖἶῒεω,
812 4106 2349 4257 tatianam?ssstss‘hztetttt?”“32?⁰3.}?ffi

393 4249 715 4302 varietatem
766 4245 1067 4299 indicamus
1102 4246 1464 4314 posteriorem
1497 4249 1682 4297 textus
1718 4244 1947 4298 sormam
1983 4244 2346 4311 exhibemus).

567 4434 804 4501 Ioanni
844 4432 1125 4500 Calvino
1168 4432 1316 4497 viro
1367 4453 1571 4516 quum
1615 4429 1982 4500 eruditione
2023 4438 2169 4497 tum
2210 4432 2350 4516 pie-

394 4527 533 4588 tate
573 4521 818 4604 insigni

1842 4601 2176 4670 Genevae.

744 4763 809 4773 --

431 4863 567 4928 589.
603 4864 661 4934 1)
697 4862 900 4918 Plures
931 4860 1123 4916 literas
1145 4862 1213 4917 de
1239 4861 1342 4917 hoc
1358 4860 1574 4930 neyotio
1601 4858 1845 4928 scriptas
1873 4858 2153 4942 interiisse
2173 4864 2348 4930 patet.

402 4935 804 4992 Neocomenses
824 4946 1088 4986 censurae
1116 4946 1251 4986 suae
1267 4933 1504 5012 {ov-marn
1531 4944 1656 4984 cum
1684 4934 1915 5011 caeteris
1941 4929 2180 4984 ecclesus
2205 4945 2347 5011 com-

396 5005 755 5060 municarant
787 4998 1229 5069 adprobandum,
1277 5007 1329 5055 et
1371 5013 1660 5055 vanorum
1705 4999 1941 5054 consata
1974 4998 2042 5053 de
2075 5013 2143 5052 ea
2175 5000 2345 5068 edita,

393 5081 462 5132 u
482 5073 705 5130 Calvisii
751 5069 1042 5140 pom-odo
1072 5067 1264 5124 iu‘deun
1296 5069 1671 5125 transntisiseo
1699 5067 1978 5124 videntum.
2034 5066 2191 5122 mad
2218 5073 2346 5122 tan-

393 5147 515 5202 Μ·
540 5111 777 5265 wa.
791 5138 1360 5264 restem
1241 5136 1726 5262 mm&
1753 5137 1920 5263 «εν
1875 5141 2346 5275 ...rma

396 5227 591 5270 mam

394 5281 742 5406 cepaeabati‘z,
789 5292 964 5346 neque
1006 5276 1192 5332 ubivis
1237 5275 1305 5331 de
1348 5282 1483 5333 utra
1526 5224 1906 5335 controfverna
1948 5281 2154 5345 anatur
2200 5276 2347 5333 clare

2095 418 2257 479 1544
2302 410 2712 480 Dnomffl.

4284 422 4412 485 782

2450 668 2688 736 Ioanni
2732 669 3014 736 Calvino
3056 669 3472 737 Genevensis
3512 670 3821 737 ecclesiae
3863 671 4171 739 ministro
4213 674 4409 742 Ioan-

2448 777 2569 822 nes
2613 755 3040 840 Oapunculus
3073 755 3138 821 N
3140 756 3541 822 eocomensis
3575 756 3886 824 ecclesiae
3919 758 4221 826 minister
4257 782 4410 846 gra-

2930 840 3093 907 tiam
3136 851 3205 907 et
3246 863 3471 926 pacem
3515 842 3587 908 in
3630 841 3915 910 Christo.

2621 980 2803 1044 Ante
2837 999 3099 1046 menses
3137 978 3402 1062 aliquot,
3441 980 3545 1045 vir
3579 979 3659 1046 de
3693 978 4054 1047 christiana
4087 982 4409 1069 religione

2450 1065 2699 1148 optime
2743 1086 3023 1144 merens,
3069 1066 3313 1130 nostris
3356 1066 3429 1130 in
3468 1066 3750 1131 comitiis
3793 1067 4080 1150 perlecta
4126 1078 4227 1134 est
4269 1071 4406 1154 epi·

2449 1150 2621 1215 stola
2646 1152 2698 1226 ¹)
2757 1170 2952 1233 quam
3013 1151 3129 1215 vix
3178 1159 3331 1217 ante
3383 1151 3768 1218 meditatam
3821 1154 3984 1218 mihi
4041 1158 4406 1237 persuasis-

2449 1256 2620 1315 sem,
2701 1238 2768 1300 ni
2850 1257 2929 1301 ea
3005 1256 3171 1319 quae
3259 1237 3380 1302 sub
3456 1239 3657 1303 finem
3727 1239 4220 1322 appendebatur
4293 1263 4407 1307 ur-

2449 1322 2643 1388 sisset
2709 1321 3119 1404 subscriptio.
3222 1321 3598 1389 Admodum
3668 1325 3844 1389 enim
3916 1325 4083 1391 mihi
4139 1326 4409 1393 dentata

2450 1409 2598 1474 visa
2641 1416 2759 1486 est,
2806 1416 2874 1472 et
2916 1407 3067 1489 plus
3110 1407 3282 1474 fellis
3325 1408 3569 1475 habere
3653 1430 3808 1476 uam
3853 1411 4112 1478 deceret
4167 1413 4408 1495 episto-

2449 1494 2585 1560 lam
2628 1514 2668 1558 a
2710 1493 2964 1560 Christi
3008 1493 3310 1559 ministro
3365 1495 3472 1560 vel
3529 1497 3619 1560 mi
3647 1495 3708 1560 le
3750 1496 4061 1563 conviciis
4108 1498 4410 1564 lacessito

2449 1580 2775 1645 emissam.
2843 1578 2921 1645 si
2956 1578 3114 1664 quid
3150 1601 3189 1645 a
3216 1578 3485 1646 Gortesio
3518 1580 3590 1644 in
3626 1589 3692 1647 te
3730 1591 3845 1646 aut
3884 1583 3951 1648 in
3978 1583 4311 1650 hominem
4327 1586 4406 1667 ²),

2446 1667 2637 1732 cuius
2691 1686 2955 1731 causam
3013 1687 3148 1730 non
3206 1667 3349 1731 sine
3406 1667 3627 1732 forsan
3687 1669 3786 1731 tui
3830 1669 4115 1735 nominis
4157 1670 4411 1736 iactura

2447 1752 2765 1818 tuendam
2801 1752 3162 1835 suscepisti,
3201 1752 3559 1818 admissum
3595 1752 3827 1830 fuerat,
3871 1774 3993 1837 pro
4031 1764 4184 1820 tuae
4216 1753 4410 1822 func·

2448 1838 2650 1904 tionis
2708 1839 2960 1903 ratione
3017 1836 3337 1903 debueras
3386 1837 3830 1904 declarantem
3880 1836 4232 1907 Gortesium
4285 1840 4410 1926 (sie

2449 1925 2627 1989 enim
2671 1924 2740 1988 ni
2784 1924 2975 1989 fallor
3017 1925 3242 2004 vocas)
3290 1923 3527 1990 blande
3563 1945 3639 1990 ac
3674 1923 3911 1990 leniter
3945 1926 4153 1992 bonae
4196 1926 4410 1992 menti

2448 2010 2796 2076 restituere
2852 2009 3241 2093 lapsumque
3300 2010 3571 2093 erigere,
3628 2031 3761 2075 non
3808 2010 4147 2077 absentem
4194 2014 4408 2079 saevis

2449 2096 2643 2162 dictis
2697 2096 3097 2178 proculcare.
3197 2094 3397 2160 Haud
3456 2095 3786 2179 egregiam
3846 2095 4108 2161 laudem
4162 2099 4407 2164 referes

2449 2183 2506 2247 si
2552 2184 2646 2247 sic
2689 2183 2948 2248 deserta
2993 2179 3196 2264 (quod
3240 2182 3456 2260 aiunt)
3501 2202 3702 2247 causa
3743 2180 3913 2247 velle
3950 2184 4213 2249 vincere
4256 2205 4406 2267 per-

2447 2269 2717 2332 rexeris.
2806 2268 2966 2333 Istic
3011 2277 3172 2344 erat,
3217 2276 3412 2350 atque
3454 2273 3521 2332 te
3554 2267 3801 2332 arbitro
3836 2289 3985 2333 cum
4015 2268 4329 2351 Campello
4346 2267 4404 2355 ⁸)

2446 2353 2615 2418 ratio
2678 2354 3041 2436 ponebatur
3088 2353 3340 2436 subque
3405 2362 3521 2417 tua
3585 2352 3807 2418 omnia
3869 2355 4408 2438 transigebantur

2447 2440 2835 2522 praesentia.
2924 2438 3217 2504 Protulit
3249 2438 3553 2520 inprimis
3591 2437 3950 2520 CampeIlus
3983 2461 4253 2506 suarum
4297 2462 4404 2506 ra·

2445 2524 2701 2590 tionum
2737 2523 3099 2601 codicellos,
3141 2544 3305 2607 quos
3341 2524 3549 2590 habeo
3585 2524 3756 2589 domi
3793 2525 4182 2606 reconditos,
4226 2527 4405 2592 frau-

2445 2610 2545 2676 dis
2592 2611 2843 2693 (nescio
2878 2630 2965 2676 an
3001 2609 3354 2676 debueram
3391 2609 3633 2686 dicere)
3683 2610 3938 2694 plenos:
3984 2611 4099 2677 sed
4141 2620 4405 2677 tantum

2446 2696 2623 2781 apud
2659 2705 2726 2761 te
2775 2704 3194 2779 caeterosque
3240 2695 3540 2775 arbitros,
3599 2717 3878 2779 quorum
3922 2696 4160 2764 iudicio
4196 2698 4405 2763 nolim

2444 2783 2612 2848 meis
2655 2782 2874 2848 verbis
2917 2781 3161 2866 aliquid
3205 2781 3589 2860 detractum,
3647 2782 4000 2868 imperiosa
4055 2781 4266 2849 valuit
4304 2782 4403 2849 lo-

2446 2868 2774 2952 quacitate
2815 2876 2894 2932 nt
2935 2874 3226 2938 vestram
3269 2869 3501 2932 vicerit
3550 2870 3965 2951 aequitatem.
4052 2869 4200 2936 Hoc
4244 2869 4405 2936 satis

2445 2953 2759 3032 modeste,
2813 2965 2892 3020 ut
2933 2953 3147 3032 audio,
3207 2975 3340 3018 non
3389 2954 3541 3018 tulit
3588 2952 3923 3034 Coo-tesia&
3980 2976 4192 3039 neque
4237 2956 4407 3022 bona

2444 3040 2845 3106 conscientia
2887 3048 3032 3104 erat
3072 3039 3347 3118 laturus,
3403 3039 3932 3123 quandoquidem
3976 3062 4017 3105 a
4055 3063 4162 3107 me
4205 3040 4407 3107 desti-

2443 3127 2732 3191 nabatur
2785 3145 2912 3209 quo
2968 3124 3250 3191 fideliter
3304 3124 3384 3190 de
3438 3125 3674 3210 legatis
3735 3127 3816 3192 ab
3860 3127 4107 3192 Anneto
4162 3127 4404 3192 transi-

2443 3221 2631 3295 geret
2645 3210 2722 3298 ⁴).
2809 3211 2945 3277 Pro
2988 3232 3117 3295 qua
3159 3231 3233 3276 re
3276 3211 3409 3277 iam
3454 3211 3704 3277 dudum
3738 3212 3844 3277 vel
3878 3212 4407 3296 frequentissime

2443 3318 2580 3363 non
2635 3300 2780 3363 sine
2841 3318 3082 3381 magno
3138 3297 3470 3381 impendio
3525 3298 3854 3376 miseram,
3900 3319 4031 3363 non
4073 3298 4407 3364 literariae

2444 3383 2917 3467 suppellectilis
2961 3382 3410 3467 congerendae
3464 3384 3678 3466 gratia
3734 3391 3760 3458 (
3848 3384 3983 3449 atia
4039 3383 4216 3449 enim
4272 3382 4408 3449 Dei

2444 3470 2744 3536 codicum
2787 3469 3008 3553 inopia
3050 3488 3190 3534 non
3231 3467 3636 3549 laboramus)
3825 3471 4226 3538 exercendae
4268 3468 4407 3555 pie-

2446 3556 2604 3623 tatis
2660 3555 2915 3624 studio:
2975 3578 3352 3642 quanquam
3411 3554 3605 3620 aliam
3662 3554 3743 3621 de
3786 3577 3913 3636 me,
3957 3567 4277 3640 quantum
4322 3578 4408 3622 ex

2446 3642 2664 3710 literis
2708 3645 2839 3709 tuis
2883 3643 3297 3720 subodoravi,
3355 3640 3603 3706 videris
3659 3641 3953 3707 induisse
4008 3642 4405 3724 opinionem.

2445 3730 2622 3797 Nam
2665 3739 3088 3816 posteaquam
3134 3727 3479 3795 Gortesium
3535 3728 3694 3792 satis
3750 3747 3938 3793 reum
3980 3728 4192 3811 egisti,
4251 3733 4408 3792 tuae

2447 3816 2857 3899 eloquentiae
2899 3817 3149 3881 flumen
3189 3814 3262 3878 in
3306 3833 3413 3878 me
3465 3819 3851 3895 retorquens
3908 3812 4192 3878 latenter
4233 3812 4408 3895 capti

2449 3903 2849 3979 testamenti,
2895 3901 2968 3966 ni
3010 3899 3219 3978 fallor,
3263 3898 3531 3966 incusas
3566 3918 3918 3980 monesque
3952 3907 4031 3962 ut
4072 3896 4156 3962 ad
4189 3896 4410 3981 legata

2449 3984 2736 4053 fideliter
2803 3985 3242 4070 dispensanda
3309 3982 3682 4133 adviffllem.
3798 3981 3987 4064 Quae
4045 3983 4410 4049 etiamnum

2453 4092 2533 4137 eo
2577 4073 2799 4137 animo
2841 4072 3062 4155 accepi
3095 4092 3234 4155 ‚quo
3274 4090 3441 4155 quae
3534 4068 3596 4135 ic
3638 4090 3678 4134 a
3720 4090 3827 4134 me
3871 4069 3954 4134 ad
3998 4077 4066 4134 te
4110 4069 4409 4135 scribun-

2451 4167 2566 4224 tur
2608 4157 2824 4240 excipi
2865 4158 3078 4242 cupio.

2625 4243 2816 4308 Inter
2849 4251 3069 4308 autem
3105 4247 3365 4307 caetera
3398 4240 3635 4323 quibus
3669 4241 3965 4305 animum
4000 4245 4187 4304 tuum
4224 4237 4411 4304 exul·

2456 4329 2707 4396 ceravit
2744 4327 3058 4395 cortesius
3101 4335 3297 4410 atque
3339 4325 3423 4391 ad
3458 4324 3873 4391 scribendum
3915 4324 4197 4409 impulit,
4242 4323 4409 4389 illud

2454 4436 2665 4481 unum
2703 4435 2847 4481 esse
2931 4421 3205 4478 utarunt
3233 4413 3489 4491 fratres,
3533 4410 3706 4495 quod
3737 4411 4001 4477 iactarit
4033 4431 4105 4476 se
4143 4431 4184 4474 a
4222 4408 4409 4476 Cam-

2443 4501 2613 4585 pello
2654 4522 2775 4568 sex
2818 4522 2900 4568 cu
2947 4500 3004 4563 is
3048 4518 3123 4564 ac
3167 4497 3314 4563 aliis
3358 4497 3613 4563 fortuiti
3651 4496 3790 4562 ludi
3827 4496 4256 4562 armamentis
4291 4517 4408 4561 ex·

2454 4596 2735 4672 ceptum.
2823 4585 2974 4652 Hoc
3016 4584 3361 4652 Genevam
3404 4604 3559 4648 mox
3602 4603 4006 4667 egressurus,
4065 4603 4152 4647 ne
4195 4582 4407 4646 homi-

2453 4694 2610 4739 nem
2644 4672 2976 4759 perditum
3010 4671 3134 4755 (sic
3156 4671 3333 4734 enim
3352 4675 3520 4733 teste
3557 4668 3958 4735 conscientia
3992 4667 4407 4750 loquebatur)

2453 4759 2600 4825 alea
2641 4758 2964 4844 perderet,
3021 4757 3143 4821 tibi
3185 4752 3693 4820 misericorditer
3744 4754 4083 4832 indicavit,
4137 4772 4410 4837 sperans

2454 4847 2537 4913 ab
2594 4846 2912 4912 effrenata
2967 4840 3236 4908 ludendi
3300 4839 3570 4906 libidine
3633 4840 3924 4905 fraterno
3968 4846 4079 4905 tuo
4134 4840 4409 4905 hortatu

2486 5133 2619 5196 ωε).
2658 5136 2716 5199 1)
2750 5133 2832 5190 N.
2867 5132 2991 5189 552.

2656 5204 2721 5336 {3
2752 5201 3106 5342 {mh
3144 5274 3197 5325 et
3229 5268 3311 5325 sic
3344 5266 3764 5394 mmmm·
3836 5266 4015 5338 Lege.-
4049 5267 4408 5337 camperello.

2660 5342 2718 5411 4)
2755 5341 2840 5409 Of.
2869 5345 3096 5410 praeter
3130 5354 3312 5409 supra
3667 5335 3748 5392 N.
3780 5335 3903 5391 498.
