<?xml version="1.0" encoding="UTF-8"?>
<!DOCTYPE html PUBLIC "-//W3C//DTD XHTML 1.0 Transitional//EN"
    "http://www.w3.org/TR/xhtml1/DTD/xhtml1-transitional.dtd">
<html xmlns="http://www.w3.org/1999/xhtml" xml:lang="en" lang="en">
 <head>
  <title>
</title>
<meta http-equiv="Content-Type" content="text/html;charset=utf-8" />
  <meta name='ocr-system' content='tesseract 3.04.00' />
  <meta name='ocr-capabilities' content='ocr_page ocr_carea ocr_par ocr_line ocrx_word'/>
</head>
<body>
  <div class='ocr_page' id='page_1' title='image "./ioanniscalvinio13unkngoog_0353.png"; bbox 0 0 5050 6167; ppageno 0'>
   <div class='ocr_carea' id='block_1_1' title="bbox 382 362 493 425">
    <p class='ocr_par' dir='ltr' id='par_1_1' title="bbox 382 362 493 425">
     <span class='ocr_line' id='line_1_1' title="bbox 382 362 493 425; baseline -0.018 0"><span class='ocrx_word' id='word_1_1' title='bbox 382 362 493 425; x_wconf 74' lang='lat'><strong><em>6⁶17</em></strong></span> 
     </span>
    </p>
   </div>
   <div class='ocr_carea' id='block_1_2' title="bbox 756 550 1909 756">
    <p class='ocr_par' dir='ltr' id='par_1_2' title="bbox 756 550 1909 756">
     <span class='ocr_line' id='line_1_2' title="bbox 1263 550 1415 621; baseline 0 0"><span class='ocrx_word' id='word_1_2' title='bbox 1263 550 1415 621; x_wconf 71' lang='lat'><strong><em>532.</em></strong></span> 
     </span>
     <span class='ocr_line' id='line_1_3' title="bbox 756 685 1909 756; baseline 0.001 -3"><span class='ocrx_word' id='word_1_3' title='bbox 756 686 1228 756; x_wconf 83' lang='lat' dir='ltr'>CALVINUS</span> <span class='ocrx_word' id='word_1_4' title='bbox 1271 685 1909 755; x_wconf 84' lang='lat' dir='ltr'>BULLINGERO.</span> 
     </span>
    </p>
   </div>
   <div class='ocr_carea' id='block_1_3' title="bbox 370 857 2315 1115">
    <p class='ocr_par' dir='ltr' id='par_1_3' title="bbox 370 857 2315 1115">
     <span class='ocr_line' id='line_1_4' title="bbox 534 857 2315 942; baseline 0 -18"><span class='ocrx_word' id='word_1_5' title='bbox 534 859 739 924; x_wconf 84' lang='lat' dir='ltr'><strong><em>Litem</em></strong></span> <span class='ocrx_word' id='word_1_6' title='bbox 771 857 953 923; x_wconf 83' lang='lat' dir='ltr'><strong><em>illam</em></strong></span> <span class='ocrx_word' id='word_1_7' title='bbox 992 858 1362 925; x_wconf 69' lang='lat' dir='ltr'><strong><em>ditdwrnam</em></strong></span> <span class='ocrx_word' id='word_1_8' title='bbox 1418 863 1473 923; x_wconf 83' lang='lat' dir='ltr'><strong><em>et</em></strong></span> <span class='ocrx_word' id='word_1_9' title='bbox 1528 879 1847 940; x_wconf 77' lang='lat' dir='ltr'><strong><em>operosam</em></strong></span> <span class='ocrx_word' id='word_1_10' title='bbox 1898 859 2141 942; x_wconf 76' lang='lat' dir='ltr'><strong><em>sibique</em></strong></span> <span class='ocrx_word' id='word_1_11' title='bbox 2183 860 2315 941; x_wconf 87' lang='lat' dir='ltr'><strong><em>ipsi</em></strong></span> 
     </span>
     <span class='ocr_line' id='line_1_5' title="bbox 372 942 2315 1013; baseline 0 -2"><span class='ocrx_word' id='word_1_12' title='bbox 372 944 864 1011; x_wconf 81' lang='lat' dir='ltr'><strong><em>molestissimam</em></strong></span> <span class='ocrx_word' id='word_1_13' title='bbox 905 942 1260 1010; x_wconf 72' lang='lat' dir='ltr'><strong><em>Beruenses</em></strong></span> <span class='ocrx_word' id='word_1_14' title='bbox 1302 946 1466 1010; x_wconf 83' lang='lat' dir='ltr'><strong><em>inter</em></strong></span> <span class='ocrx_word' id='word_1_15' title='bbox 1521 949 1579 1010; x_wconf 90' lang='lat' dir='ltr'><strong><em>et</em></strong></span> <span class='ocrx_word' id='word_1_16' title='bbox 1628 944 2007 1012; x_wconf 83' lang='lat' dir='ltr'><strong><em>Genevenses</em></strong></span> <span class='ocrx_word' id='word_1_17' title='bbox 2064 947 2315 1013; x_wconf 80' lang='lat' dir='ltr'><strong><em>tandem</em></strong></span> 
     </span>
     <span class='ocr_line' id='line_1_6' title="bbox 370 1030 1552 1115; baseline -0.005 -16"><span class='ocrx_word' id='word_1_18' title='bbox 370 1032 628 1115; x_wconf 77' lang='lat' dir='ltr'><strong><em>feliciter</em></strong></span> <span class='ocrx_word' id='word_1_19' title='bbox 667 1030 1064 1112; x_wconf 72' lang='lat' dir='ltr'><strong><em>compositam</em></strong></span> <span class='ocrx_word' id='word_1_20' title='bbox 1106 1049 1238 1095; x_wconf 85' lang='lat' dir='ltr'><strong><em>esse</em></strong></span> <span class='ocrx_word' id='word_1_21' title='bbox 1281 1030 1552 1096; x_wconf 81' lang='lat' dir='ltr'><strong><em>nunciat.</em></strong></span> 
     </span>
    </p>
   </div>
   <div class='ocr_carea' id='block_1_4' title="bbox 368 1198 2316 1476">
    <p class='ocr_par' dir='ltr' id='par_1_4' title="bbox 368 1198 2316 1476">
     <span class='ocr_line' id='line_1_7' title="bbox 370 1198 2313 1323; baseline 0 -69"><span class='ocrx_word' id='word_1_22' title='bbox 370 1202 472 1323; x_wconf 63' lang='grc' dir='ltr'><strong><em>(ξζι</em></strong></span> <span class='ocrx_word' id='word_1_23' title='bbox 528 1200 865 1271; x_wconf 85' lang='lat' dir='ltr'><strong><em>autographo</em></strong></span> <span class='ocrx_word' id='word_1_24' title='bbox 913 1200 1043 1254; x_wconf 84' lang='lat' dir='ltr'><strong><em>Ood.</em></strong></span> <span class='ocrx_word' id='word_1_25' title='bbox 1094 1199 1295 1255; x_wconf 77' lang='lat' dir='ltr'><strong><em>Genev.</em></strong></span> <span class='ocrx_word' id='word_1_26' title='bbox 1343 1198 1472 1281; x_wconf 72' lang='lat'><strong><em>196,</em></strong></span> <span class='ocrx_word' id='word_1_27' title='bbox 1515 1200 1606 1255; x_wconf 85' lang='lat' dir='ltr'><strong><em>fol.</em></strong></span> <span class='ocrx_word' id='word_1_28' title='bbox 1655 1200 1773 1257; x_wconf 88' lang='grc'><strong>100.</strong></span> <span class='ocrx_word' id='word_1_29' title='bbox 1854 1202 2052 1284; x_wconf 70' lang='lat' dir='ltr'><strong><em>Exstat</em></strong></span> <span class='ocrx_word' id='word_1_30' title='bbox 2097 1217 2313 1283; x_wconf 78' lang='lat' dir='ltr'><strong><em>quoque</em></strong></span> 
     </span>
     <span class='ocr_line' id='line_1_8' title="bbox 368 1266 2316 1419; baseline 0.001 -27"><span class='ocrx_word' id='word_1_31' title='bbox 368 1266 826 1408; x_wconf 68' lang='grc' dir='ltr'><strong><em>ξεεεεεεε</em></strong></span> <span class='ocrx_word' id='word_1_32' title='bbox 862 1267 1174 1419; x_wconf 50' lang='lat' dir='ltr'><strong><em>esc:</em></strong></span> <span class='ocrx_word' id='word_1_33' title='bbox 1218 1268 1556 1408; x_wconf 57' lang='grc' dir='ltr'>εεξεεκε</span> <span class='ocrx_word' id='word_1_34' title='bbox 1594 1270 1720 1392; x_wconf 76' lang='grc' dir='ltr'>ξεε·</span> <span class='ocrx_word' id='word_1_35' title='bbox 1756 1269 1839 1391; x_wconf 82' lang='grc' dir='ltr'><strong><em>εε-</em></strong></span> <span class='ocrx_word' id='word_1_36' title='bbox 1865 1271 2077 1409; x_wconf 52' lang='lat' dir='ltr'><strong><em>..aa</em></strong></span> <span class='ocrx_word' id='word_1_37' title='bbox 2119 1276 2209 1392; x_wconf 75' lang='grc' dir='ltr'><strong><em>εε</em></strong></span> <span class='ocrx_word' id='word_1_38' title='bbox 2228 1288 2316 1394; x_wconf 80' lang='grc' dir='ltr'><strong><em>εε.</em></strong></span> 
     </span>
     <span class='ocr_line' id='line_1_9' title="bbox 1011 1405 1659 1476; baseline -0.002 -16"><span class='ocrx_word' id='word_1_39' title='bbox 1011 1407 1210 1460; x_wconf 74' lang='lat' dir='ltr'><strong><em>Edmb.</em></strong></span> <span class='ocrx_word' id='word_1_40' title='bbox 1247 1407 1306 1460; x_wconf 82' lang='grc' dir='ltr'><strong><em>Τ.</em></strong></span> <span class='ocrx_word' id='word_1_41' title='bbox 1343 1406 1384 1460; x_wconf 92' lang='grc' dir='ltr'><strong><em>Ῑ.</em></strong></span> <span class='ocrx_word' id='word_1_42' title='bbox 1421 1424 1474 1476; x_wconf 90' lang='lat' dir='ltr'><strong><em>p.</em></strong></span> <span class='ocrx_word' id='word_1_43' title='bbox 1508 1405 1659 1475; x_wconf 90' lang='lat'>381.)</span> 
     </span>
    </p>
   </div>
   <div class='ocr_carea' id='block_1_5' title="bbox 364 1593 2315 1831">
    <p class='ocr_par' dir='ltr' id='par_1_5' title="bbox 364 1593 2315 1831">
     <span class='ocr_line' id='line_1_10' title="bbox 366 1593 2312 1679; baseline -0.001 -16"><span class='ocrx_word' id='word_1_44' title='bbox 366 1593 808 1663; x_wconf 81' lang='lat' dir='ltr'><strong><em>ornatissimo</em></strong></span> <span class='ocrx_word' id='word_1_45' title='bbox 865 1595 1012 1660; x_wconf 82' lang='lat' dir='ltr'><strong><em>viro</em></strong></span> <span class='ocrx_word' id='word_1_46' title='bbox 1073 1602 1140 1660; x_wconf 89' lang='lat' dir='ltr'><strong><em>et</em></strong></span> <span class='ocrx_word' id='word_1_47' title='bbox 1190 1595 1431 1659; x_wconf 84' lang='lat' dir='ltr'><strong><em>eximia</em></strong></span> <span class='ocrx_word' id='word_1_48' title='bbox 1473 1594 1840 1660; x_wconf 79' lang='lat' dir='ltr'><strong><em>eruditione</em></strong></span> <span class='ocrx_word' id='word_1_49' title='bbox 1892 1594 2185 1679; x_wconf 87' lang='lat' dir='ltr'><strong><em>praedito</em></strong></span> <span class='ocrx_word' id='word_1_50' title='bbox 2227 1595 2312 1661; x_wconf 87' lang='lat' dir='ltr'><strong><em>D.</em></strong></span> 
     </span>
     <span class='ocr_line' id='line_1_11' title="bbox 364 1679 2315 1765; baseline -0.002 -16"><span class='ocrx_word' id='word_1_51' title='bbox 364 1681 700 1749; x_wconf 88' lang='lat' dir='ltr'><strong><em>Henricbo</em></strong></span> <span class='ocrx_word' id='word_1_52' title='bbox 725 1679 1111 1764; x_wconf 86' lang='lat' dir='ltr'><strong><em>Bullingero</em></strong></span> <span class='ocrx_word' id='word_1_53' title='bbox 1133 1680 1492 1765; x_wconf 79' lang='lat' dir='ltr'><strong><em>Tigurinae</em></strong></span> <span class='ocrx_word' id='word_1_54' title='bbox 1525 1679 1834 1746; x_wconf 87' lang='lat' dir='ltr'><strong><em>ecclesiae</em></strong></span> <span class='ocrx_word' id='word_1_55' title='bbox 1868 1682 2116 1763; x_wconf 90' lang='lat' dir='ltr'><strong><em>pastori</em></strong></span> <span class='ocrx_word' id='word_1_56' title='bbox 2154 1680 2315 1746; x_wconf 88' lang='lat' dir='ltr'><strong><em>fide-</em></strong></span> 
     </span>
     <span class='ocr_line' id='line_1_12' title="bbox 671 1764 2025 1831; baseline -0.001 0"><span class='ocrx_word' id='word_1_57' title='bbox 671 1766 921 1831; x_wconf 87' lang='lat' dir='ltr'><strong><em>lissimo</em></strong></span> <span class='ocrx_word' id='word_1_58' title='bbox 963 1766 1150 1830; x_wconf 80' lang='lat' dir='ltr'><strong><em>fratri</em></strong></span> <span class='ocrx_word' id='word_1_59' title='bbox 1193 1772 1260 1831; x_wconf 88' lang='lat' dir='ltr'><strong><em>et</em></strong></span> <span class='ocrx_word' id='word_1_60' title='bbox 1301 1765 1512 1831; x_wconf 89' lang='lat' dir='ltr'><strong><em>amico</em></strong></span> <span class='ocrx_word' id='word_1_61' title='bbox 1554 1764 2025 1831; x_wconf 75' lang='lat' dir='ltr'><strong><em>colendissimo,</em></strong></span> 
     </span>
    </p>
   </div>
   <div class='ocr_carea' id='block_1_6' title="bbox 352 1900 2318 4114">
    <p class='ocr_par' dir='ltr' id='par_1_6' title="bbox 357 1900 2315 2926">
     <span class='ocr_line' id='line_1_13' title="bbox 535 1900 2313 1984; baseline -0.001 -16"><span class='ocrx_word' id='word_1_62' title='bbox 535 1901 851 1968; x_wconf 87' lang='lat' dir='ltr'><strong><em>Nondum</em></strong></span> <span class='ocrx_word' id='word_1_63' title='bbox 907 1902 1040 1967; x_wconf 90' lang='lat' dir='ltr'><strong><em>tuis</em></strong></span> <span class='ocrx_word' id='word_1_64' title='bbox 1083 1900 1291 1967; x_wconf 87' lang='lat' dir='ltr'><strong><em>literis</em></strong></span> <span class='ocrx_word' id='word_1_65' title='bbox 1321 1902 1367 1981; x_wconf 89' lang='lat'><strong><em>¹)</em></strong></span> <span class='ocrx_word' id='word_1_66' title='bbox 1422 1900 1730 1983; x_wconf 82' lang='lat' dir='ltr'><strong><em>respondi</em></strong></span> <span class='ocrx_word' id='word_1_67' title='bbox 1774 1902 2006 1984; x_wconf 90' lang='lat' dir='ltr'><strong><em>quibus</em></strong></span> <span class='ocrx_word' id='word_1_68' title='bbox 2050 1923 2157 1966; x_wconf 93' lang='lat' dir='ltr'><strong><em>me</em></strong></span> <span class='ocrx_word' id='word_1_69' title='bbox 2200 1903 2313 1967; x_wconf 89' lang='lat' dir='ltr'><strong><em>ad·</em></strong></span> 
     </span>
     <span class='ocr_line' id='line_1_14' title="bbox 362 1989 2312 2071; baseline 0 -17"><span class='ocrx_word' id='word_1_70' title='bbox 362 1989 676 2055; x_wconf 90' lang='lat' dir='ltr'><strong><em>monebas</em></strong></span> <span class='ocrx_word' id='word_1_71' title='bbox 752 1994 1153 2071; x_wconf 78' lang='lat' dir='ltr'><strong><em>quantopere</em></strong></span> <span class='ocrx_word' id='word_1_72' title='bbox 1228 2006 1494 2052; x_wconf 87' lang='lat' dir='ltr'><strong><em>necesse</em></strong></span> <span class='ocrx_word' id='word_1_73' title='bbox 1571 1994 1743 2052; x_wconf 89' lang='lat' dir='ltr'><strong><em>esset</em></strong></span> <span class='ocrx_word' id='word_1_74' title='bbox 1818 1989 2312 2067; x_wconf 80' lang='lat' dir='ltr'><strong><em>controversias,</em></strong></span> 
     </span>
     <span class='ocr_line' id='line_1_15' title="bbox 364 2073 2312 2158; baseline -0.001 -19"><span class='ocrx_word' id='word_1_75' title='bbox 364 2094 528 2158; x_wconf 88' lang='lat' dir='ltr'><strong><em>quae</em></strong></span> <span class='ocrx_word' id='word_1_76' title='bbox 582 2081 744 2139; x_wconf 88' lang='lat' dir='ltr'><strong><em>tunc</em></strong></span> <span class='ocrx_word' id='word_1_77' title='bbox 809 2073 984 2138; x_wconf 89' lang='lat' dir='ltr'><strong><em>inter</em></strong></span> <span class='ocrx_word' id='word_1_78' title='bbox 1036 2073 1360 2137; x_wconf 88' lang='lat' dir='ltr'><strong><em>Bernates</em></strong></span> <span class='ocrx_word' id='word_1_79' title='bbox 1425 2080 1492 2137; x_wconf 91' lang='lat' dir='ltr'><strong><em>et</em></strong></span> <span class='ocrx_word' id='word_1_80' title='bbox 1556 2081 1813 2138; x_wconf 87' lang='lat' dir='ltr'><strong><em>nostros</em></strong></span> <span class='ocrx_word' id='word_1_81' title='bbox 1879 2073 2312 2157; x_wconf 80' lang='lat' dir='ltr'><strong>agitabantur,</strong></span> 
     </span>
     <span class='ocr_line' id='line_1_16' title="bbox 363 2157 2313 2242; baseline -0.001 -17"><span class='ocrx_word' id='word_1_82' title='bbox 363 2160 576 2225; x_wconf 89' lang='lat' dir='ltr'><strong><em>amica</em></strong></span> <span class='ocrx_word' id='word_1_83' title='bbox 612 2158 1056 2224; x_wconf 79' lang='lat' dir='ltr'><strong><em>transactione</em></strong></span> <span class='ocrx_word' id='word_1_84' title='bbox 1097 2157 1413 2240; x_wconf 91' lang='lat' dir='ltr'><strong><em>componi,</em></strong></span> <span class='ocrx_word' id='word_1_85' title='bbox 1459 2178 1693 2241; x_wconf 90' lang='lat' dir='ltr'><strong><em>meque</em></strong></span> <span class='ocrx_word' id='word_1_86' title='bbox 1733 2157 2006 2242; x_wconf 87' lang='lat' dir='ltr'><strong><em>rogabas</em></strong></span> <span class='ocrx_word' id='word_1_87' title='bbox 2051 2167 2128 2223; x_wconf 88' lang='lat' dir='ltr'><strong><em>ut</em></strong></span> <span class='ocrx_word' id='word_1_88' title='bbox 2162 2179 2313 2223; x_wconf 92' lang='lat' dir='ltr'><strong><em>con-</em></strong></span> 
     </span>
     <span class='ocr_line' id='line_1_17' title="bbox 364 2242 2312 2327; baseline -0.001 -17"><span class='ocrx_word' id='word_1_89' title='bbox 364 2252 639 2323; x_wconf 85' lang='lat' dir='ltr'><strong><em>stanter,</em></strong></span> <span class='ocrx_word' id='word_1_90' title='bbox 694 2243 903 2327; x_wconf 89' lang='lat' dir='ltr'><strong><em>quoad</em></strong></span> <span class='ocrx_word' id='word_1_91' title='bbox 947 2242 1205 2320; x_wconf 89' lang='lat' dir='ltr'><strong><em>liceret,</em></strong></span> <span class='ocrx_word' id='word_1_92' title='bbox 1264 2263 1370 2307; x_wconf 91' lang='lat' dir='ltr'><strong><em>me</em></strong></span> <span class='ocrx_word' id='word_1_93' title='bbox 1424 2242 1937 2326; x_wconf 85' lang='lat' dir='ltr'><strong><em>interponerem,</em></strong></span> <span class='ocrx_word' id='word_1_94' title='bbox 1995 2264 2080 2308; x_wconf 90' lang='lat' dir='ltr'><strong><em>ne</em></strong></span> <span class='ocrx_word' id='word_1_95' title='bbox 2125 2242 2312 2309; x_wconf 88' lang='lat' dir='ltr'><strong><em>dissi-</em></strong></span> 
     </span>
     <span class='ocr_line' id='line_1_18' title="bbox 363 2328 2313 2413; baseline -0.001 -17"><span class='ocrx_word' id='word_1_96' title='bbox 363 2328 543 2396; x_wconf 86' lang='lat' dir='ltr'><strong><em>dium</em></strong></span> <span class='ocrx_word' id='word_1_97' title='bbox 591 2330 850 2413; x_wconf 86' lang='lat' dir='ltr'><strong><em>utrique</em></strong></span> <span class='ocrx_word' id='word_1_98' title='bbox 893 2329 1067 2412; x_wconf 90' lang='lat' dir='ltr'><strong><em>parti</em></strong></span> <span class='ocrx_word' id='word_1_99' title='bbox 1110 2328 1341 2393; x_wconf 89' lang='lat' dir='ltr'><strong><em>inutile</em></strong></span> <span class='ocrx_word' id='word_1_100' title='bbox 1383 2336 1515 2392; x_wconf 91' lang='lat' dir='ltr'><strong><em>tam</em></strong></span> <span class='ocrx_word' id='word_1_101' title='bbox 1556 2328 1769 2393; x_wconf 86' lang='lat' dir='ltr'><strong><em>alieno</em></strong></span> <span class='ocrx_word' id='word_1_102' title='bbox 1806 2336 2099 2412; x_wconf 89' lang='lat' dir='ltr'><strong><em>tempore</em></strong></span> <span class='ocrx_word' id='word_1_103' title='bbox 2143 2329 2313 2395; x_wconf 88' lang='lat' dir='ltr'><strong><em>ulte-</em></strong></span> 
     </span>
     <span class='ocr_line' id='line_1_19' title="bbox 359 2414 2311 2499; baseline -0.001 -18"><span class='ocrx_word' id='word_1_104' title='bbox 359 2416 496 2482; x_wconf 89' lang='lat' dir='ltr'><strong><em>rius</em></strong></span> <span class='ocrx_word' id='word_1_105' title='bbox 572 2420 883 2499; x_wconf 88' lang='lat' dir='ltr'><strong><em>serperet.</em></strong></span> <span class='ocrx_word' id='word_1_106' title='bbox 1001 2414 1291 2479; x_wconf 76' lang='lat' dir='ltr'><strong><em>Tametsi</em></strong></span> <span class='ocrx_word' id='word_1_107' title='bbox 1364 2424 1584 2479; x_wconf 90' lang='lat' dir='ltr'><strong><em>autem</em></strong></span> <span class='ocrx_word' id='word_1_108' title='bbox 1646 2422 1876 2497; x_wconf 90' lang='lat' dir='ltr'><strong><em>sponte</em></strong></span> <span class='ocrx_word' id='word_1_109' title='bbox 1941 2423 2311 2479; x_wconf 90' lang='lat' dir='ltr'><strong><em>currentem</em></strong></span> 
     </span>
     <span class='ocr_line' id='line_1_20' title="bbox 358 2499 2314 2582; baseline -0.002 -14"><span class='ocrx_word' id='word_1_110' title='bbox 358 2500 494 2569; x_wconf 86' lang='lat' dir='ltr'><strong><em>illic</em></strong></span> <span class='ocrx_word' id='word_1_111' title='bbox 535 2500 892 2578; x_wconf 88' lang='lat' dir='ltr'><strong><em>incitabas,</em></strong></span> <span class='ocrx_word' id='word_1_112' title='bbox 952 2519 1085 2564; x_wconf 91' lang='lat' dir='ltr'><strong><em>non</em></strong></span> <span class='ocrx_word' id='word_1_113' title='bbox 1147 2519 1382 2582; x_wconf 86' lang='lat' dir='ltr'><strong><em>parum</em></strong></span> <span class='ocrx_word' id='word_1_114' title='bbox 1426 2507 1644 2564; x_wconf 82' lang='lat' dir='ltr'><strong><em>tamen</em></strong></span> <span class='ocrx_word' id='word_1_115' title='bbox 1702 2521 1807 2564; x_wconf 89' lang='lat' dir='ltr'><strong><em>me</em></strong></span> <span class='ocrx_word' id='word_1_116' title='bbox 1862 2499 2055 2579; x_wconf 84' lang='lat' dir='ltr'><strong><em>iuvit,</em></strong></span> <span class='ocrx_word' id='word_1_117' title='bbox 2115 2520 2314 2582; x_wconf 90' lang='lat' dir='ltr'><strong><em>quum</em></strong></span> 
     </span>
     <span class='ocr_line' id='line_1_21' title="bbox 359 2584 2314 2669; baseline -0.001 -18"><span class='ocrx_word' id='word_1_118' title='bbox 359 2586 483 2653; x_wconf 93' lang='grc'>1100</span> <span class='ocrx_word' id='word_1_119' title='bbox 525 2606 770 2652; x_wconf 83' lang='lat' dir='ltr'><strong><em>saxum</em></strong></span> <span class='ocrx_word' id='word_1_120' title='bbox 813 2585 928 2650; x_wconf 91' lang='lat' dir='ltr'><strong><em>diu</em></strong></span> <span class='ocrx_word' id='word_1_121' title='bbox 984 2585 1230 2649; x_wconf 89' lang='lat' dir='ltr'><strong><em>frustra</em></strong></span> <span class='ocrx_word' id='word_1_122' title='bbox 1284 2584 1608 2650; x_wconf 86' lang='lat' dir='ltr'><strong><em>volvendo</em></strong></span> <span class='ocrx_word' id='word_1_123' title='bbox 1664 2585 1797 2650; x_wconf 88' lang='lat' dir='ltr'><strong><em>iam</em></strong></span> <span class='ocrx_word' id='word_1_124' title='bbox 1843 2587 2314 2669; x_wconf 89' lang='lat' dir='ltr'><strong><em>propemodum</em></strong></span> 
     </span>
     <span class='ocr_line' id='line_1_22' title="bbox 357 2670 2315 2757; baseline -0.001 -20"><span class='ocrx_word' id='word_1_125' title='bbox 357 2673 683 2757; x_wconf 84' lang='lat' dir='ltr'><strong><em>fatigatus</em></strong></span> <span class='ocrx_word' id='word_1_126' title='bbox 725 2691 955 2749; x_wconf 89' lang='lat' dir='ltr'><strong><em>essem,</em></strong></span> <span class='ocrx_word' id='word_1_127' title='bbox 1001 2691 1169 2737; x_wconf 84' lang='lat' dir='ltr'><strong><em>novo</em></strong></span> <span class='ocrx_word' id='word_1_128' title='bbox 1216 2670 1337 2736; x_wconf 90' lang='lat' dir='ltr'><strong><em>hoc</em></strong></span> <span class='ocrx_word' id='word_1_129' title='bbox 1382 2670 1644 2736; x_wconf 79' lang='lat' dir='ltr'><strong><em>stimulo</em></strong></span> <span class='ocrx_word' id='word_1_130' title='bbox 1687 2670 1951 2753; x_wconf 88' lang='lat' dir='ltr'><strong><em>impelli,</em></strong></span> <span class='ocrx_word' id='word_1_131' title='bbox 2006 2693 2091 2736; x_wconf 91' lang='lat' dir='ltr'><strong><em>ne</em></strong></span> <span class='ocrx_word' id='word_1_132' title='bbox 2133 2673 2315 2754; x_wconf 89' lang='lat' dir='ltr'><strong><em>prius</em></strong></span> 
     </span>
     <span class='ocr_line' id='line_1_23' title="bbox 358 2755 2313 2839; baseline -0.001 -15"><span class='ocrx_word' id='word_1_133' title='bbox 358 2757 746 2826; x_wconf 80' lang='lat' dir='ltr'><strong><em>desisterem</em></strong></span> <span class='ocrx_word' id='word_1_134' title='bbox 792 2777 986 2839; x_wconf 88' lang='lat' dir='ltr'><strong><em>quam</em></strong></span> <span class='ocrx_word' id='word_1_135' title='bbox 1047 2777 1152 2821; x_wconf 90' lang='lat' dir='ltr'><strong><em>res</em></strong></span> <span class='ocrx_word' id='word_1_136' title='bbox 1194 2755 1489 2822; x_wconf 85' lang='lat' dir='ltr'><strong><em>confecta</em></strong></span> <span class='ocrx_word' id='word_1_137' title='bbox 1528 2757 1712 2821; x_wconf 85' lang='lat' dir='ltr'><strong><em>foret.</em></strong></span> <span class='ocrx_word' id='word_1_138' title='bbox 1798 2758 2018 2838; x_wconf 85' lang='lat' dir='ltr'><strong><em>Atque</em></strong></span> <span class='ocrx_word' id='word_1_139' title='bbox 2060 2764 2136 2821; x_wconf 90' lang='lat' dir='ltr'><strong><em>ut</em></strong></span> <span class='ocrx_word' id='word_1_140' title='bbox 2179 2778 2313 2822; x_wconf 89' lang='lat' dir='ltr'><strong><em>me-</em></strong></span> 
     </span>
     <span class='ocr_line' id='line_1_24' title="bbox 357 2841 2315 2926; baseline -0.003 -15"><span class='ocrx_word' id='word_1_141' title='bbox 357 2842 485 2910; x_wconf 87' lang='lat' dir='ltr'><strong><em>lius</em></strong></span> <span class='ocrx_word' id='word_1_142' title='bbox 529 2844 703 2910; x_wconf 88' lang='lat' dir='ltr'><strong><em>scias</em></strong></span> <span class='ocrx_word' id='word_1_143' title='bbox 747 2851 1066 2926; x_wconf 86' lang='lat' dir='ltr'><strong><em>quantum</em></strong></span> <span class='ocrx_word' id='word_1_144' title='bbox 1099 2850 1254 2905; x_wconf 85' lang='lat' dir='ltr'><strong><em>tuae</em></strong></span> <span class='ocrx_word' id='word_1_145' title='bbox 1296 2850 1364 2905; x_wconf 91' lang='lat' dir='ltr'><strong><em>et</em></strong></span> <span class='ocrx_word' id='word_1_146' title='bbox 1397 2841 1675 2906; x_wconf 89' lang='lat' dir='ltr'><strong><em>aliorum</em></strong></span> <span class='ocrx_word' id='word_1_147' title='bbox 1718 2842 2117 2907; x_wconf 80' lang='lat' dir='ltr'><strong><em>hortationes</em></strong></span> <span class='ocrx_word' id='word_1_148' title='bbox 2153 2841 2315 2906; x_wconf 89' lang='lat' dir='ltr'><strong><em>mihi</em></strong></span> 
     </span>
    </p>

    <p class='ocr_par' dir='ltr' id='par_1_7' title="bbox 352 2926 2318 3611">
     <span class='ocr_line' id='line_1_25' title="bbox 403 2926 2315 3010; baseline -0.001 -16"><span class='ocrx_word' id='word_1_149' title='bbox 403 2930 750 3005; x_wconf 85' lang='lat' dir='ltr'><strong><em>rofuerint,</em></strong></span> <span class='ocrx_word' id='word_1_150' title='bbox 794 2948 1028 3010; x_wconf 87' lang='lat' dir='ltr'><strong><em>parum</em></strong></span> <span class='ocrx_word' id='word_1_151' title='bbox 1089 2926 1296 2992; x_wconf 79' lang='lat' dir='ltr'><strong><em>abfuit</em></strong></span> <span class='ocrx_word' id='word_1_152' title='bbox 1350 2927 1507 3009; x_wconf 90' lang='lat' dir='ltr'><strong><em>quin</em></strong></span> <span class='ocrx_word' id='word_1_153' title='bbox 1564 2926 1711 3009; x_wconf 91' lang='lat' dir='ltr'><strong><em>plus</em></strong></span> <span class='ocrx_word' id='word_1_154' title='bbox 1768 2926 1980 2992; x_wconf 90' lang='lat' dir='ltr'><strong><em>decies</em></strong></span> <span class='ocrx_word' id='word_1_155' title='bbox 2024 2929 2315 2992; x_wconf 89' lang='lat' dir='ltr'><strong><em>animum</em></strong></span> 
     </span>
     <span class='ocr_line' id='line_1_26' title="bbox 356 2948 2317 3097; baseline -0.001 -19"><span class='ocrx_word' id='word_1_156' title='bbox 356 2948 855 3097; x_wconf 56' lang='lat' dir='ltr'><strong><em>Responderem.</em></strong></span> <span class='ocrx_word' id='word_1_157' title='bbox 956 3012 1108 3078; x_wconf 90' lang='lat' dir='ltr'><strong><em>Non</em></strong></span> <span class='ocrx_word' id='word_1_158' title='bbox 1162 3013 1303 3077; x_wconf 89' lang='lat' dir='ltr'><strong><em>sine</em></strong></span> <span class='ocrx_word' id='word_1_159' title='bbox 1358 3033 1599 3097; x_wconf 88' lang='lat' dir='ltr'><strong><em>magna</em></strong></span> <span class='ocrx_word' id='word_1_160' title='bbox 1654 3010 2040 3078; x_wconf 86' lang='lat' dir='ltr'><strong><em>difficultate</em></strong></span> <span class='ocrx_word' id='word_1_161' title='bbox 2103 3014 2317 3077; x_wconf 87' lang='lat' dir='ltr'><strong><em>fuerat</em></strong></span> 
     </span>
     <span class='ocr_line' id='line_1_27' title="bbox 358 3097 2315 3181; baseline -0.003 -15"><span class='ocrx_word' id='word_1_162' title='bbox 358 3100 670 3166; x_wconf 87' lang='lat' dir='ltr'><strong><em>effectum</em></strong></span> <span class='ocrx_word' id='word_1_163' title='bbox 729 3107 806 3162; x_wconf 93' lang='lat' dir='ltr'><strong><em>ut</em></strong></span> <span class='ocrx_word' id='word_1_164' title='bbox 858 3099 1039 3181; x_wconf 90' lang='lat' dir='ltr'><strong><em>prior</em></strong></span> <span class='ocrx_word' id='word_1_165' title='bbox 1093 3097 1419 3163; x_wconf 87' lang='lat' dir='ltr'><strong><em>sententia</em></strong></span> <span class='ocrx_word' id='word_1_166' title='bbox 1433 3100 1492 3181; x_wconf 75' lang='lat'><strong><em>²)</em></strong></span> <span class='ocrx_word' id='word_1_167' title='bbox 1550 3119 1746 3180; x_wconf 91' lang='lat' dir='ltr'><strong><em>quam</em></strong></span> <span class='ocrx_word' id='word_1_168' title='bbox 1790 3097 2084 3163; x_wconf 87' lang='lat' dir='ltr'><strong><em>tulerant</em></strong></span> <span class='ocrx_word' id='word_1_169' title='bbox 2124 3098 2315 3163; x_wconf 89' lang='lat' dir='ltr'><strong><em>Basi-</em></strong></span> 
     </span>
     <span class='ocr_line' id='line_1_28' title="bbox 357 3182 2315 3265; baseline -0.002 -15"><span class='ocrx_word' id='word_1_170' title='bbox 357 3183 623 3250; x_wconf 88' lang='lat' dir='ltr'><strong><em>leenses</em></strong></span> <span class='ocrx_word' id='word_1_171' title='bbox 666 3184 774 3249; x_wconf 88' lang='lat' dir='ltr'><strong><em>hic</em></strong></span> <span class='ocrx_word' id='word_1_172' title='bbox 835 3185 1266 3265; x_wconf 73' lang='lat' dir='ltr'><strong><em>reciperetur:</em></strong></span> <span class='ocrx_word' id='word_1_173' title='bbox 1329 3182 1614 3248; x_wconf 90' lang='lat' dir='ltr'><strong><em>secunda</em></strong></span> <span class='ocrx_word' id='word_1_174' title='bbox 1630 3186 1688 3259; x_wconf 66' lang='grc'><strong><em>8)</em></strong></span> <span class='ocrx_word' id='word_1_175' title='bbox 1733 3182 1880 3265; x_wconf 85' lang='lat' dir='ltr'><strong><em>plus</em></strong></span> <span class='ocrx_word' id='word_1_176' title='bbox 1917 3183 2083 3247; x_wconf 86' lang='lat' dir='ltr'><strong><em>mihi</em></strong></span> <span class='ocrx_word' id='word_1_177' title='bbox 2126 3183 2315 3248; x_wconf 79' lang='lat' dir='ltr'><strong><em>exhi-</em></strong></span> 
     </span>
     <span class='ocr_line' id='line_1_29' title="bbox 356 3268 2315 3351; baseline -0.001 -15"><span class='ocrx_word' id='word_1_178' title='bbox 356 3270 501 3337; x_wconf 91' lang='lat' dir='ltr'><strong><em>buit</em></strong></span> <span class='ocrx_word' id='word_1_179' title='bbox 544 3268 906 3335; x_wconf 85' lang='lat' dir='ltr'><strong><em>molestiae.</em></strong></span> <span class='ocrx_word' id='word_1_180' title='bbox 980 3269 1153 3333; x_wconf 91' lang='lat' dir='ltr'><strong><em>Nam</em></strong></span> <span class='ocrx_word' id='word_1_181' title='bbox 1197 3277 1266 3332; x_wconf 91' lang='lat' dir='ltr'><strong><em>et</em></strong></span> <span class='ocrx_word' id='word_1_182' title='bbox 1304 3268 1450 3351; x_wconf 91' lang='lat' dir='ltr'><strong><em>plus</em></strong></span> <span class='ocrx_word' id='word_1_183' title='bbox 1492 3268 1563 3332; x_wconf 92' lang='lat' dir='ltr'><strong><em>in</em></strong></span> <span class='ocrx_word' id='word_1_184' title='bbox 1608 3289 1687 3333; x_wconf 87' lang='lat' dir='ltr'><strong><em>ea</em></strong></span> <span class='ocrx_word' id='word_1_185' title='bbox 1729 3288 2107 3335; x_wconf 83' lang='lat' dir='ltr'><strong><em>concessum</em></strong></span> <span class='ocrx_word' id='word_1_186' title='bbox 2148 3269 2315 3334; x_wconf 92' lang='lat' dir='ltr'><strong><em>Ber-</em></strong></span> 
     </span>
     <span class='ocr_line' id='line_1_30' title="bbox 355 3354 2318 3437; baseline -0.001 -14"><span class='ocrx_word' id='word_1_187' title='bbox 355 3356 630 3422; x_wconf 89' lang='lat' dir='ltr'><strong><em>natibus</em></strong></span> <span class='ocrx_word' id='word_1_188' title='bbox 668 3356 901 3433; x_wconf 84' lang='lat' dir='ltr'><strong><em>fuerat,</em></strong></span> <span class='ocrx_word' id='word_1_189' title='bbox 945 3361 1013 3419; x_wconf 90' lang='lat' dir='ltr'><strong><em>et</em></strong></span> <span class='ocrx_word' id='word_1_190' title='bbox 1054 3354 1277 3430; x_wconf 89' lang='lat' dir='ltr'><strong><em>nostri,</em></strong></span> <span class='ocrx_word' id='word_1_191' title='bbox 1364 3354 1477 3418; x_wconf 89' lang='lat' dir='ltr'><strong><em>uia</em></strong></span> <span class='ocrx_word' id='word_1_192' title='bbox 1516 3355 1649 3418; x_wconf 89' lang='lat' dir='ltr'><strong><em>iam</em></strong></span> <span class='ocrx_word' id='word_1_193' title='bbox 1692 3354 1902 3420; x_wconf 86' lang='lat' dir='ltr'><strong><em>officio</em></strong></span> <span class='ocrx_word' id='word_1_194' title='bbox 1943 3355 2318 3437; x_wconf 87' lang='lat' dir='ltr'><strong><em>perfunctos</em></strong></span> 
     </span>
     <span class='ocr_line' id='line_1_31' title="bbox 357 3439 2313 3522; baseline -0.002 -14"><span class='ocrx_word' id='word_1_195' title='bbox 357 3462 428 3508; x_wconf 90' lang='lat' dir='ltr'><strong><em>se</em></strong></span> <span class='ocrx_word' id='word_1_196' title='bbox 462 3463 615 3508; x_wconf 87' lang='lat' dir='ltr'><strong><em>esse</em></strong></span> <span class='ocrx_word' id='word_1_197' title='bbox 647 3439 1042 3518; x_wconf 87' lang='lat' dir='ltr'><strong><em>iudicabant,</em></strong></span> <span class='ocrx_word' id='word_1_198' title='bbox 1077 3448 1339 3522; x_wconf 88' lang='lat' dir='ltr'><strong><em>praesta</em></strong></span> <span class='ocrx_word' id='word_1_199' title='bbox 1383 3448 1497 3504; x_wconf 90' lang='lat' dir='ltr'><strong><em>ant</em></strong></span> <span class='ocrx_word' id='word_1_200' title='bbox 1530 3460 1601 3505; x_wconf 89' lang='lat' dir='ltr'><strong><em>se</em></strong></span> <span class='ocrx_word' id='word_1_201' title='bbox 1635 3439 1967 3522; x_wconf 90' lang='lat' dir='ltr'><strong><em>aliquanto</em></strong></span> <span class='ocrx_word' id='word_1_202' title='bbox 2002 3440 2313 3506; x_wconf 88' lang='lat' dir='ltr'><strong><em>duriores.</em></strong></span> 
     </span>
     <span class='ocr_line' id='line_1_32' title="bbox 352 3523 2312 3611; baseline -0.002 -18"><span class='ocrx_word' id='word_1_203' title='bbox 352 3526 592 3611; x_wconf 84' lang='lat' dir='ltr'><strong><em>Itaque</em></strong></span> <span class='ocrx_word' id='word_1_204' title='bbox 639 3547 769 3590; x_wconf 91' lang='lat' dir='ltr'><strong><em>non</em></strong></span> <span class='ocrx_word' id='word_1_205' title='bbox 814 3526 1049 3591; x_wconf 86' lang='lat' dir='ltr'><strong><em>leviter</em></strong></span> <span class='ocrx_word' id='word_1_206' title='bbox 1100 3523 1338 3589; x_wconf 88' lang='lat' dir='ltr'><strong><em>sudare</em></strong></span> <span class='ocrx_word' id='word_1_207' title='bbox 1380 3547 1486 3591; x_wconf 89' lang='lat' dir='ltr'><strong><em>me</em></strong></span> <span class='ocrx_word' id='word_1_208' title='bbox 1529 3526 1832 3608; x_wconf 87' lang='lat' dir='ltr'><strong><em>oportuit.</em></strong></span> <span class='ocrx_word' id='word_1_209' title='bbox 1923 3524 2115 3607; x_wconf 81' lang='lat' dir='ltr'><strong><em>Quan</em></strong></span> <span class='ocrx_word' id='word_1_210' title='bbox 2162 3545 2312 3590; x_wconf 88' lang='lat' dir='ltr'><strong><em>uam</em></strong></span> 
     </span>
    </p>

    <p class='ocr_par' dir='ltr' id='par_1_8' title="bbox 352 3609 2316 4114">
     <span class='ocr_line' id='line_1_33' title="bbox 525 3609 2313 3695; baseline -0.001 -18"><span class='ocrx_word' id='word_1_211' title='bbox 525 3635 597 3677; x_wconf 91' lang='lat' dir='ltr'><strong><em>m</em></strong></span> <span class='ocrx_word' id='word_1_212' title='bbox 645 3610 852 3677; x_wconf 86' lang='lat' dir='ltr'><strong><em>abfuit</em></strong></span> <span class='ocrx_word' id='word_1_213' title='bbox 895 3612 1054 3695; x_wconf 89' lang='lat' dir='ltr'><strong><em>quin</em></strong></span> <span class='ocrx_word' id='word_1_214' title='bbox 1099 3618 1271 3675; x_wconf 89' lang='lat' dir='ltr'><strong><em>totus</em></strong></span> <span class='ocrx_word' id='word_1_215' title='bbox 1316 3632 1500 3676; x_wconf 90' lang='lat' dir='ltr'><strong><em>meus</em></strong></span> <span class='ocrx_word' id='word_1_216' title='bbox 1544 3609 1728 3675; x_wconf 91' lang='lat' dir='ltr'><strong><em>labor</em></strong></span> <span class='ocrx_word' id='word_1_217' title='bbox 1766 3612 1994 3676; x_wconf 91' lang='lat' dir='ltr'><strong><em>irritus</em></strong></span> <span class='ocrx_word' id='word_1_218' title='bbox 2038 3631 2113 3676; x_wconf 90' lang='lat' dir='ltr'><strong><em>ca</em></strong></span> <span class='ocrx_word' id='word_1_219' title='bbox 2159 3620 2313 3676; x_wconf 86' lang='lat' dir='ltr'><strong><em>eret.</em></strong></span> 
     </span>
     <span class='ocr_line' id='line_1_34' title="bbox 353 3634 2313 3780; baseline -0.002 -16"><span class='ocrx_word' id='word_1_220' title='bbox 353 3634 747 3780; x_wconf 54' lang='grc' dir='ltr'><strong><em>ἕῗᾶυφωω</em></strong></span> <span class='ocrx_word' id='word_1_221' title='bbox 791 3697 923 3761; x_wconf 89' lang='lat' dir='ltr'><strong><em>iam</em></strong></span> <span class='ocrx_word' id='word_1_222' title='bbox 968 3697 1080 3760; x_wconf 84' lang='lat' dir='ltr'><strong><em>vix</em></strong></span> <span class='ocrx_word' id='word_1_223' title='bbox 1114 3695 1358 3760; x_wconf 89' lang='lat' dir='ltr'><strong><em>laetum</em></strong></span> <span class='ocrx_word' id='word_1_224' title='bbox 1393 3696 1645 3760; x_wconf 80' lang='lat' dir='ltr'><strong><em>exitum</em></strong></span> <span class='ocrx_word' id='word_1_225' title='bbox 1691 3716 1953 3778; x_wconf 85' lang='lat' dir='ltr'><strong><em>sperare</em></strong></span> <span class='ocrx_word' id='word_1_226' title='bbox 1988 3695 2313 3772; x_wconf 88' lang='lat' dir='ltr'><strong><em>auderem,</em></strong></span> 
     </span>
     <span class='ocr_line' id='line_1_35' title="bbox 353 3780 2312 3864; baseline -0.001 -17"><span class='ocrx_word' id='word_1_227' title='bbox 353 3781 698 3850; x_wconf 88' lang='lat' dir='ltr'><strong><em>Dominus</em></strong></span> <span class='ocrx_word' id='word_1_228' title='bbox 774 3803 859 3846; x_wconf 80' lang='lat' dir='ltr'><strong><em>cx</em></strong></span> <span class='ocrx_word' id='word_1_229' title='bbox 920 3783 1251 3864; x_wconf 87' lang='lat' dir='ltr'><strong><em>insperato</em></strong></span> <span class='ocrx_word' id='word_1_230' title='bbox 1330 3781 1515 3847; x_wconf 88' lang='lat' dir='ltr'><strong><em>nobis</em></strong></span> <span class='ocrx_word' id='word_1_231' title='bbox 1581 3780 1971 3847; x_wconf 89' lang='lat' dir='ltr'><strong><em>mirabiliter</em></strong></span> <span class='ocrx_word' id='word_1_232' title='bbox 2048 3781 2312 3847; x_wconf 88' lang='lat' dir='ltr'><strong><em>affulsit.</em></strong></span> 
     </span>
     <span class='ocr_line' id='line_1_36' title="bbox 352 3865 2313 3952; baseline -0.001 -19"><span class='ocrx_word' id='word_1_233' title='bbox 352 3866 552 3935; x_wconf 88' lang='lat' dir='ltr'><strong><em>Nunc</em></strong></span> <span class='ocrx_word' id='word_1_234' title='bbox 624 3888 780 3952; x_wconf 90' lang='lat' dir='ltr'><strong><em>ergo</em></strong></span> <span class='ocrx_word' id='word_1_235' title='bbox 838 3868 965 3932; x_wconf 92' lang='lat' dir='ltr'><strong><em>Dei</em></strong></span> <span class='ocrx_word' id='word_1_236' title='bbox 1031 3865 1342 3933; x_wconf 87' lang='lat' dir='ltr'><strong><em>beneflcio</em></strong></span> <span class='ocrx_word' id='word_1_237' title='bbox 1406 3887 1536 3930; x_wconf 90' lang='lat' dir='ltr'><strong><em>non</em></strong></span> <span class='ocrx_word' id='word_1_238' title='bbox 1612 3886 1840 3948; x_wconf 89' lang='lat' dir='ltr'><strong><em>pacem</em></strong></span> <span class='ocrx_word' id='word_1_239' title='bbox 1904 3866 2095 3931; x_wconf 90' lang='lat' dir='ltr'><strong><em>modo</em></strong></span> <span class='ocrx_word' id='word_1_240' title='bbox 2117 3916 2132 3944; x_wconf 94' lang='lat'><strong><em>,</em></strong></span> <span class='ocrx_word' id='word_1_241' title='bbox 2200 3866 2313 3931; x_wconf 89' lang='lat' dir='ltr'><strong><em>sed</em></strong></span> 
     </span>
     <span class='ocr_line' id='line_1_37' title="bbox 352 3950 2313 4036; baseline -0.002 -17"><span class='ocrx_word' id='word_1_242' title='bbox 352 3974 691 4020; x_wconf 87' lang='lat' dir='ltr'><strong><em>summam</em></strong></span> <span class='ocrx_word' id='word_1_243' title='bbox 750 3973 1003 4036; x_wconf 89' lang='lat' dir='ltr'><strong><em>quoque</em></strong></span> <span class='ocrx_word' id='word_1_244' title='bbox 1073 3951 1482 4018; x_wconf 87' lang='lat' dir='ltr'><strong><em>concordiam</em></strong></span> <span class='ocrx_word' id='word_1_245' title='bbox 1548 3950 1891 4028; x_wconf 88' lang='lat' dir='ltr'><strong><em>habemus,</em></strong></span> <span class='ocrx_word' id='word_1_246' title='bbox 1948 3972 2141 4035; x_wconf 89' lang='lat' dir='ltr'><strong><em>quam</em></strong></span> <span class='ocrx_word' id='word_1_247' title='bbox 2203 3953 2313 4015; x_wconf 89' lang='lat' dir='ltr'><strong><em>fir-</em></strong></span> 
     </span>
     <span class='ocr_line' id='line_1_38' title="bbox 353 4035 2316 4114; baseline -0.002 -9"><span class='ocrx_word' id='word_1_248' title='bbox 353 4059 532 4105; x_wconf 89' lang='lat' dir='ltr'><strong><em>mam</em></strong></span> <span class='ocrx_word' id='word_1_249' title='bbox 592 4039 736 4105; x_wconf 88' lang='lat' dir='ltr'><strong><em>fore</em></strong></span> <span class='ocrx_word' id='word_1_250' title='bbox 779 4038 1051 4104; x_wconf 86' lang='lat' dir='ltr'><strong><em>confido.</em></strong></span> <span class='ocrx_word' id='word_1_251' title='bbox 1142 4036 1329 4114; x_wconf 83' lang='lat' dir='ltr'><strong><em>Vale,</em></strong></span> <span class='ocrx_word' id='word_1_252' title='bbox 1375 4035 1813 4102; x_wconf 86' lang='lat' dir='ltr'><strong><em>eruditissime</em></strong></span> <span class='ocrx_word' id='word_1_253' title='bbox 1855 4037 1962 4100; x_wconf 85' lang='lat' dir='ltr'><strong><em>vir</em></strong></span> <span class='ocrx_word' id='word_1_254' title='bbox 2005 4045 2070 4102; x_wconf 91' lang='lat' dir='ltr'><strong><em>et</em></strong></span> <span class='ocrx_word' id='word_1_255' title='bbox 2111 4037 2316 4102; x_wconf 86' lang='lat' dir='ltr'><strong><em>frater</em></strong></span> 
     </span>
    </p>
   </div>
   <div class='ocr_carea' id='block_1_7' title="bbox 354 4212 780 4224">
    <p class='ocr_par' dir='ltr' id='par_1_9' title="bbox 354 4212 780 4224">
     <span class='ocr_line' id='line_1_39' title="bbox 354 4212 780 4224; baseline 0 1943"><span class='ocrx_word' id='word_1_256' title='bbox 354 4212 780 4224; x_wconf 95' lang='lat' dir='ltr'><strong><em> </em></strong></span> 
     </span>
    </p>
   </div>
   <div class='ocr_carea' id='block_1_8' title="bbox 352 4307 2318 5328">
    <p class='ocr_par' dir='ltr' id='par_1_10' title="bbox 406 4307 2316 4514">
     <span class='ocr_line' id='line_1_40' title="bbox 406 4307 1615 4376; baseline -0.002 -10"><span class='ocrx_word' id='word_1_257' title='bbox 406 4312 543 4374; x_wconf 71' lang='grc'><strong><em>582.</em></strong></span> <span class='ocrx_word' id='word_1_258' title='bbox 581 4311 646 4376; x_wconf 89' lang='grc'><strong><em>1)</em></strong></span> <span class='ocrx_word' id='word_1_259' title='bbox 683 4311 846 4365; x_wconf 78' lang='lat' dir='ltr'><strong><em>datas</em></strong></span> <span class='ocrx_word' id='word_1_260' title='bbox 878 4308 961 4362; x_wconf 78' lang='lat'><strong><em>14.</em></strong></span> <span class='ocrx_word' id='word_1_261' title='bbox 1007 4307 1120 4363; x_wconf 86' lang='lat' dir='ltr'><strong><em>Oct.</em></strong></span> <span class='ocrx_word' id='word_1_262' title='bbox 1157 4308 1292 4362; x_wconf 80' lang='lat'><strong>1543</strong></span> <span class='ocrx_word' id='word_1_263' title='bbox 1330 4310 1432 4371; x_wconf 89' lang='grc' dir='ltr'><strong><em>(Ν.</em></strong></span> <span class='ocrx_word' id='word_1_264' title='bbox 1467 4307 1615 4371; x_wconf 82' lang='grc'>507).</span> 
     </span>
     <span class='ocr_line' id='line_1_41' title="bbox 566 4376 2316 4449; baseline -0.002 -15"><span class='ocrx_word' id='word_1_265' title='bbox 566 4380 632 4449; x_wconf 78' lang='lat'><strong><em>2)</em></strong></span> <span class='ocrx_word' id='word_1_266' title='bbox 665 4394 842 4433; x_wconf 67' lang='lat' dir='ltr'><strong><em>mense</em></strong></span> <span class='ocrx_word' id='word_1_267' title='bbox 891 4378 1143 4447; x_wconf 67' lang='lat' dir='ltr'><strong><em>Anqusto</em></strong></span> <span class='ocrx_word' id='word_1_268' title='bbox 1191 4376 1319 4431; x_wconf 76' lang='lat'>1541</span> <span class='ocrx_word' id='word_1_269' title='bbox 1378 4380 1494 4433; x_wconf 83' lang='lat' dir='ltr'><strong><em>lata</em></strong></span> <span class='ocrx_word' id='word_1_270' title='bbox 1540 4394 1578 4431; x_wconf 87' lang='lat' dir='ltr'><strong><em>a</em></strong></span> <span class='ocrx_word' id='word_1_271' title='bbox 1624 4376 2018 4431; x_wconf 70' lang='lat' dir='ltr'><strong><em>Basilica-sibus</em></strong></span> <span class='ocrx_word' id='word_1_272' title='bbox 2074 4377 2316 4447; x_wconf 54' lang='lat' dir='ltr'><strong><em>arbitris,</em></strong></span> 
     </span>
     <span class='ocr_line' id='line_1_42' title="bbox 532 4443 2051 4514; baseline -0.005 -10"><span class='ocrx_word' id='word_1_273' title='bbox 532 4455 720 4505; x_wconf 75' lang='lat' dir='ltr'><strong><em>tamen</em></strong></span> <span class='ocrx_word' id='word_1_274' title='bbox 753 4448 936 4501; x_wconf 75' lang='lat' dir='ltr'><strong><em>neutri</em></strong></span> <span class='ocrx_word' id='word_1_275' title='bbox 963 4450 1118 4514; x_wconf 66' lang='lat' dir='ltr'><strong><em>paru</em></strong></span> <span class='ocrx_word' id='word_1_276' title='bbox 1143 4447 1373 4513; x_wconf 76' lang='lat' dir='ltr'><strong><em>placuit,</em></strong></span> <span class='ocrx_word' id='word_1_277' title='bbox 1408 4447 1534 4500; x_wconf 79' lang='lat' dir='ltr'><strong><em>eide</em></strong></span> <span class='ocrx_word' id='word_1_278' title='bbox 1571 4445 1788 4501; x_wconf 73' lang='lat' dir='ltr'><strong><em>Ruchat</em></strong></span> <span class='ocrx_word' id='word_1_279' title='bbox 1839 4446 1895 4500; x_wconf 84' lang='lat' dir='ltr'><strong><em>V.</em></strong></span> <span class='ocrx_word' id='word_1_280' title='bbox 1932 4443 2051 4498; x_wconf 81' lang='lat'><strong><em>239.</em></strong></span> 
     </span>
    </p>

    <p class='ocr_par' dir='ltr' id='par_1_11' title="bbox 352 4512 2318 5328">
     <span class='ocr_line' id='line_1_43' title="bbox 570 4512 2316 4584; baseline -0.003 -12"><span class='ocrx_word' id='word_1_281' title='bbox 570 4516 631 4583; x_wconf 79' lang='lat'><strong><em>3)</em></strong></span> <span class='ocrx_word' id='word_1_282' title='bbox 671 4516 824 4569; x_wconf 69' lang='lat' dir='ltr'><strong><em>Idem</em></strong></span> <span class='ocrx_word' id='word_1_283' title='bbox 900 4556 910 4567; x_wconf 90' lang='lat'><strong><em>.</em></strong></span> <span class='ocrx_word' id='word_1_284' title='bbox 948 4514 1076 4567; x_wconf 71' lang='lat'>240:</span> <span class='ocrx_word' id='word_1_285' title='bbox 1122 4515 1299 4580; x_wconf 81' lang='lat' dir='ltr'><strong><em>Enfin,</em></strong></span> <span class='ocrx_word' id='word_1_286' title='bbox 1337 4516 1417 4568; x_wconf 86' lang='lat' dir='ltr'><strong><em>les</em></strong></span> <span class='ocrx_word' id='word_1_287' title='bbox 1452 4515 1731 4584; x_wconf 88' lang='lat' dir='ltr'><strong><em>seigneurs</em></strong></span> <span class='ocrx_word' id='word_1_288' title='bbox 1767 4514 1835 4566; x_wconf 91' lang='lat' dir='ltr'><strong><em>de</em></strong></span> <span class='ocrx_word' id='word_1_289' title='bbox 1868 4515 2004 4568; x_wconf 76' lang='lat' dir='ltr'><strong><em>Bale</em></strong></span> <span class='ocrx_word' id='word_1_290' title='bbox 2039 4512 2316 4581; x_wconf 74' lang='lat' dir='ltr'><strong><em>reglerent</em></strong></span> 
     </span>
     <span class='ocr_line' id='line_1_44' title="bbox 353 4530 2316 4661; baseline -0.002 -23"><span class='ocrx_word' id='word_1_291' title='bbox 353 4585 438 4640; x_wconf 85' lang='lat' dir='ltr'><strong><em>les</em></strong></span> <span class='ocrx_word' id='word_1_292' title='bbox 451 4585 804 4656; x_wconf 76' lang='lat' dir='ltr'><strong><em>pretentions</em></strong></span> <span class='ocrx_word' id='word_1_293' title='bbox 839 4530 935 4637; x_wconf 64' lang='lat' dir='ltr'><strong><em>&lt;fes</em></strong></span> <span class='ocrx_word' id='word_1_294' title='bbox 970 4585 1110 4637; x_wconf 80' lang='lat' dir='ltr'><strong><em>deux</em></strong></span> <span class='ocrx_word' id='word_1_295' title='bbox 1131 4585 1288 4637; x_wconf 84' lang='lat' dir='ltr'><strong><em>villes</em></strong></span> <span class='ocrx_word' id='word_1_296' title='bbox 1322 4599 1422 4653; x_wconf 86' lang='lat' dir='ltr'><strong><em>par</em></strong></span> <span class='ocrx_word' id='word_1_297' title='bbox 1437 4600 1542 4636; x_wconf 87' lang='lat' dir='ltr'><strong><em>une</em></strong></span> <span class='ocrx_word' id='word_1_298' title='bbox 1561 4588 1814 4635; x_wconf 84' lang='lat' dir='ltr'><strong><em>sentence</em></strong></span> <span class='ocrx_word' id='word_1_299' title='bbox 1844 4583 1937 4651; x_wconf 89' lang='lat' dir='ltr'><strong><em>qui</em></strong></span> <span class='ocrx_word' id='word_1_300' title='bbox 1957 4582 2047 4661; x_wconf 63' lang='lat' dir='ltr'><strong><em>fut⁸</em></strong></span> <span class='ocrx_word' id='word_1_301' title='bbox 2064 4582 2316 4651; x_wconf 76' lang='lat' dir='ltr'><strong><em>acceptes</em></strong></span> 
     </span>
     <span class='ocr_line' id='line_1_45' title="bbox 353 4650 2316 4725; baseline -0.003 -17"><span class='ocrx_word' id='word_1_302' title='bbox 353 4654 427 4708; x_wconf 84' lang='lat' dir='ltr'><strong><em>de</em></strong></span> <span class='ocrx_word' id='word_1_303' title='bbox 461 4660 602 4725; x_wconf 82' lang='lat' dir='ltr'><strong><em>part</em></strong></span> <span class='ocrx_word' id='word_1_304' title='bbox 637 4660 695 4707; x_wconf 88' lang='lat' dir='ltr'><strong><em>et</em></strong></span> <span class='ocrx_word' id='word_1_305' title='bbox 727 4653 952 4706; x_wconf 86' lang='lat' dir='ltr'><strong><em>d‘autre.</em></strong></span> <span class='ocrx_word' id='word_1_306' title='bbox 1023 4651 1131 4706; x_wconf 87' lang='lat' dir='ltr'><strong><em>Les</em></strong></span> <span class='ocrx_word' id='word_1_307' title='bbox 1190 4653 1468 4719; x_wconf 84' lang='lat' dir='ltr'><strong><em>seigneurs</em></strong></span> <span class='ocrx_word' id='word_1_308' title='bbox 1513 4651 1581 4703; x_wconf 89' lang='lat' dir='ltr'><strong><em>de</em></strong></span> <span class='ocrx_word' id='word_1_309' title='bbox 1619 4652 1796 4703; x_wconf 79' lang='lat' dir='ltr'><strong><em>Berne</em></strong></span> <span class='ocrx_word' id='word_1_310' title='bbox 1850 4657 2187 4720; x_wconf 79' lang='lat' dir='ltr'><strong><em>envoyerent</em></strong></span> <span class='ocrx_word' id='word_1_311' title='bbox 2220 4650 2316 4703; x_wconf 87' lang='lat' dir='ltr'><strong><em>des</em></strong></span> 
     </span>
     <span class='ocr_line' id='line_1_46' title="bbox 353 4718 2316 4815; baseline -0.003 -38"><span class='ocrx_word' id='word_1_312' title='bbox 353 4722 597 4815; x_wconf 72' lang='lat' dir='ltr'><strong><em>deputes</em></strong></span> <span class='ocrx_word' id='word_1_313' title='bbox 645 4720 680 4774; x_wconf 75' lang='lat' dir='ltr'><strong><em>a</em></strong></span> <span class='ocrx_word' id='word_1_314' title='bbox 722 4737 858 4774; x_wconf 82' lang='lat' dir='ltr'><strong><em>ceux</em></strong></span> <span class='ocrx_word' id='word_1_315' title='bbox 904 4720 973 4773; x_wconf 90' lang='lat' dir='ltr'><strong><em>de</em></strong></span> <span class='ocrx_word' id='word_1_316' title='bbox 1019 4721 1179 4787; x_wconf 78' lang='lat' dir='ltr'><strong><em>Bale,</em></strong></span> <span class='ocrx_word' id='word_1_317' title='bbox 1225 4722 1277 4774; x_wconf 90' lang='lat' dir='ltr'><strong><em>lc</em></strong></span> <span class='ocrx_word' id='word_1_318' title='bbox 1312 4718 1398 4773; x_wconf 83' lang='grc'><strong><em>28.</em></strong></span> <span class='ocrx_word' id='word_1_319' title='bbox 1433 4719 1650 4773; x_wconf 76' lang='lat' dir='ltr'><strong><em>lanvier</em></strong></span> <span class='ocrx_word' id='word_1_320' title='bbox 1685 4718 1833 4781; x_wconf 77' lang='lat'><strong><em>1544,</em></strong></span> <span class='ocrx_word' id='word_1_321' title='bbox 1866 4736 2009 4801; x_wconf 80' lang='lat' dir='ltr'><strong><em>pour</em></strong></span> <span class='ocrx_word' id='word_1_322' title='bbox 2042 4720 2163 4772; x_wconf 85' lang='lat' dir='ltr'><strong><em>leur</em></strong></span> <span class='ocrx_word' id='word_1_323' title='bbox 2196 4719 2316 4772; x_wconf 86' lang='lat' dir='ltr'><strong><em>dire</em></strong></span> 
     </span>
     <span class='ocr_line' id='line_1_47' title="bbox 354 4786 2317 4862; baseline -0.003 -16"><span class='ocrx_word' id='word_1_324' title='bbox 354 4792 518 4862; x_wconf 77' lang='lat' dir='ltr'><strong><em>qnils</em></strong></span> <span class='ocrx_word' id='word_1_325' title='bbox 555 4789 900 4859; x_wconf 81' lang='lat' dir='ltr'><strong><em>acceptoient</em></strong></span> <span class='ocrx_word' id='word_1_326' title='bbox 933 4790 1052 4842; x_wconf 86' lang='lat' dir='ltr'><strong><em>leur</em></strong></span> <span class='ocrx_word' id='word_1_327' title='bbox 1084 4794 1338 4842; x_wconf 86' lang='lat' dir='ltr'><strong><em>sentence</em></strong></span> <span class='ocrx_word' id='word_1_328' title='bbox 1374 4803 1505 4842; x_wconf 82' lang='lat' dir='ltr'><strong><em>avec</em></strong></span> <span class='ocrx_word' id='word_1_329' title='bbox 1550 4804 1622 4840; x_wconf 89' lang='lat' dir='ltr'><strong><em>un</em></strong></span> <span class='ocrx_word' id='word_1_330' title='bbox 1667 4786 2121 4841; x_wconf 76' lang='lat' dir='ltr'><strong><em>eclaircissement</em></strong></span> <span class='ocrx_word' id='word_1_331' title='bbox 2155 4787 2317 4856; x_wconf 90' lang='lat' dir='ltr'><strong><em>qu&#39;on</em></strong></span> 
     </span>
     <span class='ocr_line' id='line_1_48' title="bbox 352 4855 2318 4932; baseline -0.003 -18"><span class='ocrx_word' id='word_1_332' title='bbox 352 4877 393 4932; x_wconf 76' lang='lat' dir='ltr'><strong><em>y</em></strong></span> <span class='ocrx_word' id='word_1_333' title='bbox 429 4861 592 4914; x_wconf 80' lang='lat' dir='ltr'><strong><em>avait</em></strong></span> <span class='ocrx_word' id='word_1_334' title='bbox 627 4857 821 4928; x_wconf 77' lang='lat' dir='ltr'><strong><em>ajoute,</em></strong></span> <span class='ocrx_word' id='word_1_335' title='bbox 859 4863 917 4911; x_wconf 84' lang='lat' dir='ltr'><strong><em>et</em></strong></span> <span class='ocrx_word' id='word_1_336' title='bbox 949 4873 1085 4926; x_wconf 87' lang='lat' dir='ltr'><strong><em>pour</em></strong></span> <span class='ocrx_word' id='word_1_337' title='bbox 1118 4858 1198 4911; x_wconf 85' lang='lat' dir='ltr'><strong><em>les</em></strong></span> <span class='ocrx_word' id='word_1_338' title='bbox 1233 4857 1521 4911; x_wconf 88' lang='lat' dir='ltr'><strong><em>remercier</em></strong></span> <span class='ocrx_word' id='word_1_339' title='bbox 1557 4856 1653 4909; x_wconf 84' lang='lat' dir='ltr'><strong><em>des</em></strong></span> <span class='ocrx_word' id='word_1_340' title='bbox 1686 4855 1873 4925; x_wconf 85' lang='lat' dir='ltr'><strong><em>peines</em></strong></span> <span class='ocrx_word' id='word_1_341' title='bbox 1911 4855 2066 4926; x_wconf 86' lang='lat' dir='ltr'><strong><em>qu’ils</em></strong></span> <span class='ocrx_word' id='word_1_342' title='bbox 2101 4856 2318 4909; x_wconf 84' lang='lat' dir='ltr'><strong><em>avoient</em></strong></span> 
     </span>
     <span class='ocr_line' id='line_1_49' title="bbox 353 4924 2317 4998; baseline -0.003 -15"><span class='ocrx_word' id='word_1_343' title='bbox 353 4930 539 4998; x_wconf 71' lang='lat' dir='ltr'><strong><em>prisea</em></strong></span> <span class='ocrx_word' id='word_1_344' title='bbox 603 4928 640 4982; x_wconf 70' lang='lat' dir='ltr'><strong><em>a</em></strong></span> <span class='ocrx_word' id='word_1_345' title='bbox 690 4933 835 4980; x_wconf 86' lang='lat' dir='ltr'><strong><em>cette</em></strong></span> <span class='ocrx_word' id='word_1_346' title='bbox 893 4926 1158 4980; x_wconf 80' lang='lat' dir='ltr'><strong><em>occasion.</em></strong></span> <span class='ocrx_word' id='word_1_347' title='bbox 1246 4925 1323 4979; x_wconf 83' lang='lat' dir='ltr'><strong><em>Le</em></strong></span> <span class='ocrx_word' id='word_1_348' title='bbox 1376 4925 1538 4978; x_wconf 71' lang='lat' dir='ltr'><strong><em>traite</em></strong></span> <span class='ocrx_word' id='word_1_349' title='bbox 1585 4925 1773 4978; x_wconf 87' lang='lat' dir='ltr'><strong><em>conclu</em></strong></span> <span class='ocrx_word' id='word_1_350' title='bbox 1818 4924 1902 4976; x_wconf 81' lang='lat' dir='ltr'><strong><em>fut</em></strong></span> <span class='ocrx_word' id='word_1_351' title='bbox 1948 4942 1980 4976; x_wconf 81' lang='lat' dir='ltr'><strong><em>a</em></strong></span> <span class='ocrx_word' id='word_1_352' title='bbox 2057 4924 2223 4977; x_wconf 63' lang='grc' dir='ltr'><strong>τοῦτό</strong></span> <span class='ocrx_word' id='word_1_353' title='bbox 2259 4930 2317 4978; x_wconf 87' lang='lat' dir='ltr'><strong><em>et</em></strong></span> 
     </span>
     <span class='ocr_line' id='line_1_50' title="bbox 352 4941 2055 5075; baseline -0.004 -23"><span class='ocrx_word' id='word_1_354' title='bbox 352 4996 542 5052; x_wconf 73' lang='lat' dir='ltr'><strong><em>ratifie</em></strong></span> <span class='ocrx_word' id='word_1_355' title='bbox 580 4995 618 5049; x_wconf 72' lang='lat' dir='ltr'><strong><em>a</em></strong></span> <span class='ocrx_word' id='word_1_356' title='bbox 651 4993 871 5050; x_wconf 79' lang='lat' dir='ltr'><strong><em>Gen&#39;eve</em></strong></span> <span class='ocrx_word' id='word_1_357' title='bbox 909 5012 1007 5064; x_wconf 87' lang='lat' dir='ltr'><strong><em>par</em></strong></span> <span class='ocrx_word' id='word_1_358' title='bbox 1039 4996 1091 5047; x_wconf 89' lang='lat' dir='ltr'><strong><em>le</em></strong></span> <span class='ocrx_word' id='word_1_359' title='bbox 1111 4993 1327 5048; x_wconf 78' lang='grc'>00110011</span> <span class='ocrx_word' id='word_1_360' title='bbox 1345 4993 1561 5063; x_wconf 76' lang='lat' dir='ltr'><strong><em>general</em></strong></span> <span class='ocrx_word' id='word_1_361' title='bbox 1583 4992 1656 5046; x_wconf 86' lang='lat' dir='ltr'><strong><em>du</em></strong></span> <span class='ocrx_word' id='word_1_362' title='bbox 1674 4993 1882 5075; x_wconf 41' lang='lat' dir='ltr'><strong><em>peuple·</em></strong></span> <span class='ocrx_word' id='word_1_363' title='bbox 1900 4994 1952 5046; x_wconf 92' lang='lat' dir='ltr'><strong><em>le</em></strong></span> <span class='ocrx_word' id='word_1_364' title='bbox 1972 4941 2055 5045; x_wconf 54' lang='grc'>111)</span> 
     </span>
     <span class='ocr_line' id='line_1_51' title="bbox 353 5060 2317 5185; baseline -0.002 -66"><span class='ocrx_word' id='word_1_365' title='bbox 353 5091 424 5105; x_wconf 85' lang='lat'><strong><em>—-</em></strong></span> <span class='ocrx_word' id='word_1_366' title='bbox 496 5079 642 5135; x_wconf 81' lang='lat' dir='ltr'><strong><em>psos</em></strong></span> <span class='ocrx_word' id='word_1_367' title='bbox 673 5069 940 5119; x_wconf 66' lang='lat' dir='ltr'><strong><em>tractatum</em></strong></span> <span class='ocrx_word' id='word_1_368' title='bbox 973 5064 1235 5118; x_wconf 72' lang='lat' dir='ltr'><strong><em>articulos</em></strong></span> <span class='ocrx_word' id='word_1_369' title='bbox 1267 5063 1355 5118; x_wconf 74' lang='lat' dir='ltr'><strong><em>hic</em></strong></span> <span class='ocrx_word' id='word_1_370' title='bbox 1388 5064 1596 5129; x_wconf 78' lang='lat' dir='ltr'><strong><em>referre</em></strong></span> <span class='ocrx_word' id='word_1_371' title='bbox 1627 5078 1739 5117; x_wconf 81' lang='lat' dir='ltr'><strong><em>non</em></strong></span> <span class='ocrx_word' id='word_1_372' title='bbox 1777 5067 1984 5116; x_wconf 70' lang='lat' dir='ltr'><strong><em>namet.</em></strong></span> <span class='ocrx_word' id='word_1_373' title='bbox 2063 5060 2317 5185; x_wconf 41' lang='lat' dir='ltr'><strong><em>emacem</em></strong></span> 
     </span>
     <span class='ocr_line' id='line_1_52' title="bbox 353 5130 2315 5202; baseline -0.003 -13"><span class='ocrx_word' id='word_1_374' title='bbox 353 5136 527 5189; x_wconf 55' lang='lat' dir='ltr'><strong><em>&amp;aas</em></strong></span> <span class='ocrx_word' id='word_1_375' title='bbox 640 5138 798 5187; x_wconf 76' lang='lat' dir='ltr'><strong><em>esunt</em></strong></span> <span class='ocrx_word' id='word_1_376' title='bbox 826 5138 1046 5200; x_wconf 83' lang='lat' dir='ltr'><strong><em>praeter</em></strong></span> <span class='ocrx_word' id='word_1_377' title='bbox 1084 5131 1345 5202; x_wconf 73' lang='lat' dir='ltr'><strong><em>Royetum</em></strong></span> <span class='ocrx_word' id='word_1_378' title='bbox 1381 5146 1553 5200; x_wconf 77' lang='lat' dir='ltr'><strong><em>supra</em></strong></span> <span class='ocrx_word' id='word_1_379' title='bbox 1586 5131 1806 5200; x_wconf 74' lang='lat' dir='ltr'><strong><em>saepius</em></strong></span> <span class='ocrx_word' id='word_1_380' title='bbox 1839 5130 2123 5185; x_wconf 75' lang='lat' dir='ltr'><strong><em>laudatum</em></strong></span> <span class='ocrx_word' id='word_1_381' title='bbox 2210 5132 2221 5144; x_wconf 76' lang='lat'>⁸</span> <span class='ocrx_word' id='word_1_382' title='bbox 2247 5135 2315 5198; x_wconf 86' lang='lat' dir='ltr'><strong><em>ot,</em></strong></span> 
     </span>
     <span class='ocr_line' id='line_1_53' title="bbox 353 5150 2316 5328; baseline -0.002 -72"><span class='ocrx_word' id='word_1_383' title='bbox 353 5150 849 5328; x_wconf 53' lang='grc' dir='ltr'><strong><em>ξκὸᾶξυθοῖὲκ</em></strong></span> <span class='ocrx_word' id='word_1_384' title='bbox 874 5198 1072 5324; x_wconf 50' lang='grc' dir='ltr'><strong><em>,ἔωὸὃῖ</em></strong></span> <span class='ocrx_word' id='word_1_385' title='bbox 1108 5216 1178 5255; x_wconf 74' lang='lat' dir='ltr'><strong><em>ss.</em></strong></span> <span class='ocrx_word' id='word_1_386' title='bbox 1212 5198 1317 5255; x_wconf 80' lang='lat'><strong><em>394</em></strong></span> <span class='ocrx_word' id='word_1_387' title='bbox 1350 5215 1421 5255; x_wconf 75' lang='lat' dir='ltr'><strong><em>ss.</em></strong></span> <span class='ocrx_word' id='word_1_388' title='bbox 1455 5207 1509 5256; x_wconf 81' lang='lat' dir='ltr'><strong><em>et</em></strong></span> <span class='ocrx_word' id='word_1_389' title='bbox 1544 5199 1791 5266; x_wconf 80' lang='lat' dir='ltr'><strong><em>Gautier,</em></strong></span> <span class='ocrx_word' id='word_1_390' title='bbox 1826 5199 1969 5256; x_wconf 74' lang='lat' dir='ltr'><strong><em>dans</em></strong></span> <span class='ocrx_word' id='word_1_391' title='bbox 2006 5198 2157 5268; x_wconf 78' lang='lat' dir='ltr'><strong><em>Spon</em></strong></span> <span class='ocrx_word' id='word_1_392' title='bbox 2190 5200 2316 5255; x_wconf 71' lang='lat' dir='ltr'><strong><em>hist.</em></strong></span> 
     </span>
    </p>
   </div>
   <div class='ocr_carea' id='block_1_9' title="bbox 2075 4992 2315 5046">
    <p class='ocr_par' dir='ltr' id='par_1_12' title="bbox 2075 4992 2315 5046">
     <span class='ocr_line' id='line_1_54' title="bbox 2075 4992 2315 5046; baseline 0.004 -1"><span class='ocrx_word' id='word_1_393' title='bbox 2075 4992 2315 5046; x_wconf 75' lang='lat' dir='ltr'><strong><em>Fevrier.</em></strong></span> 
     </span>
    </p>
   </div>
   <div class='ocr_carea' id='block_1_10' title="bbox 2030 363 2704 433">
    <p class='ocr_par' dir='ltr' id='par_1_13' title="bbox 2030 363 2704 433">
     <span class='ocr_line' id='line_1_55' title="bbox 2030 363 2704 433; baseline 0.003 -5"><span class='ocrx_word' id='word_1_394' title='bbox 2030 368 2195 429; x_wconf 80' lang='lat'>1544</span> <span class='ocrx_word' id='word_1_395' title='bbox 2237 363 2704 433; x_wconf 75' lang='lat' dir='ltr'><strong><em>FEBRUAR.</em></strong></span> 
     </span>
    </p>
   </div>
   <div class='ocr_carea' id='block_1_11' title="bbox 2366 587 2376 5333">
    <p class='ocr_par' dir='ltr' id='par_1_14' title="bbox 2366 587 2376 5333">
     <span class='ocr_line' id='line_1_56' title="bbox 2366 587 2376 5333; baseline 0 0"><span class='ocrx_word' id='word_1_396' title='bbox 2366 587 2376 5333; x_wconf 95' lang='lat' dir='ltr'><strong><em> </em></strong></span> 
     </span>
    </p>
   </div>
   <div class='ocr_carea' id='block_1_12' title="bbox 4242 373 4367 440">
    <p class='ocr_par' dir='ltr' id='par_1_15' title="bbox 4242 373 4367 440">
     <span class='ocr_line' id='line_1_57' title="bbox 4242 373 4367 440; baseline 0.032 -4"><span class='ocrx_word' id='word_1_397' title='bbox 4242 373 4367 440; x_wconf 80' lang='lat'><strong><em>678</em></strong></span> 
     </span>
    </p>
   </div>
   <div class='ocr_carea' id='block_1_13' title="bbox 2416 551 4373 977">
    <p class='ocr_par' dir='ltr' id='par_1_16' title="bbox 2416 551 4373 977">
     <span class='ocr_line' id='line_1_58' title="bbox 2419 551 4371 627; baseline 0.005 -12"><span class='ocrx_word' id='word_1_398' title='bbox 2419 551 2589 617; x_wconf 88' lang='lat' dir='ltr'><strong><em>mihi</em></strong></span> <span class='ocrx_word' id='word_1_399' title='bbox 2641 553 2713 616; x_wconf 89' lang='lat' dir='ltr'><strong><em>in</em></strong></span> <span class='ocrx_word' id='word_1_400' title='bbox 2765 551 3055 617; x_wconf 89' lang='lat' dir='ltr'><strong><em>Domino</em></strong></span> <span class='ocrx_word' id='word_1_401' title='bbox 3113 551 3463 619; x_wconf 74' lang='lat' dir='ltr'><strong><em>carissime.</em></strong></span> <span class='ocrx_word' id='word_1_402' title='bbox 3574 551 3812 620; x_wconf 82' lang='lat' dir='ltr'><strong><em>Saluta</em></strong></span> <span class='ocrx_word' id='word_1_403' title='bbox 3864 563 4239 623; x_wconf 84' lang='lat' dir='ltr'><strong><em>reverenter</em></strong></span> <span class='ocrx_word' id='word_1_404' title='bbox 4280 558 4371 627; x_wconf 90' lang='lat' dir='ltr'><strong><em>D.</em></strong></span> 
     </span>
     <span class='ocr_line' id='line_1_59' title="bbox 2426 636 4373 724; baseline 0.005 -23"><span class='ocrx_word' id='word_1_405' title='bbox 2426 636 2832 718; x_wconf 82' lang='lat' dir='ltr'><strong><em>Pellicanum,</em></strong></span> <span class='ocrx_word' id='word_1_406' title='bbox 2889 636 3298 720; x_wconf 76' lang='lat' dir='ltr'><strong><em>Theodorum,</em></strong></span> <span class='ocrx_word' id='word_1_407' title='bbox 3349 639 3790 724; x_wconf 75' lang='lat' dir='ltr'><strong><em>Meyandrum,</em></strong></span> <span class='ocrx_word' id='word_1_408' title='bbox 3846 640 4262 709; x_wconf 73' lang='lat' dir='ltr'><strong><em>Gualtherum</em></strong></span> <span class='ocrx_word' id='word_1_409' title='bbox 4304 652 4373 710; x_wconf 93' lang='lat' dir='ltr'><strong><em>et</em></strong></span> 
     </span>
     <span class='ocr_line' id='line_1_60' title="bbox 2417 722 4371 812; baseline 0.004 -24"><span class='ocrx_word' id='word_1_410' title='bbox 2417 722 2705 805; x_wconf 89' lang='lat' dir='ltr'><strong><em>reliquos</em></strong></span> <span class='ocrx_word' id='word_1_411' title='bbox 2761 724 3015 789; x_wconf 84' lang='lat' dir='ltr'><strong><em>fratres.</em></strong></span> <span class='ocrx_word' id='word_1_412' title='bbox 3105 724 3436 790; x_wconf 88' lang='lat' dir='ltr'><strong><em>Dominus</em></strong></span> <span class='ocrx_word' id='word_1_413' title='bbox 3503 745 3620 791; x_wconf 83' lang='lat' dir='ltr'><strong><em>vos</em></strong></span> <span class='ocrx_word' id='word_1_414' title='bbox 3673 747 3901 791; x_wconf 90' lang='lat' dir='ltr'><strong><em>omnes</em></strong></span> <span class='ocrx_word' id='word_1_415' title='bbox 3960 749 4081 794; x_wconf 91' lang='lat' dir='ltr'><strong><em>suo</em></strong></span> <span class='ocrx_word' id='word_1_416' title='bbox 4134 729 4371 812; x_wconf 86' lang='lat' dir='ltr'><strong><em>spiritu</em></strong></span> 
     </span>
     <span class='ocr_line' id='line_1_61' title="bbox 2418 809 4366 893; baseline 0.004 -21"><span class='ocrx_word' id='word_1_417' title='bbox 2418 827 2678 890; x_wconf 89' lang='lat' dir='ltr'><strong><em>semper</em></strong></span> <span class='ocrx_word' id='word_1_418' title='bbox 2751 809 3090 893; x_wconf 80' lang='lat' dir='ltr'><strong><em>gubernet.</em></strong></span> <span class='ocrx_word' id='word_1_419' title='bbox 3206 809 3550 890; x_wconf 81' lang='lat' dir='ltr'><strong><em>Genavae,</em></strong></span> <span class='ocrx_word' id='word_1_420' title='bbox 3635 815 3732 877; x_wconf 84' lang='lat'><strong><em>17.</em></strong></span> <span class='ocrx_word' id='word_1_421' title='bbox 3803 812 4118 878; x_wconf 82' lang='lat' dir='ltr'><strong><em>Februar.</em></strong></span> <span class='ocrx_word' id='word_1_422' title='bbox 4185 818 4366 882; x_wconf 74' lang='lat'><strong><em>1544.</em></strong></span> 
     </span>
     <span class='ocr_line' id='line_1_62' title="bbox 2416 891 3685 977; baseline 0.003 -20"><span class='ocrx_word' id='word_1_423' title='bbox 2416 891 2730 977; x_wconf 78' lang='lat' dir='ltr'><strong><em>Collegae</em></strong></span> <span class='ocrx_word' id='word_1_424' title='bbox 2771 895 2903 959; x_wconf 91' lang='lat' dir='ltr'><strong><em>mei</em></strong></span> <span class='ocrx_word' id='word_1_425' title='bbox 2947 914 3068 960; x_wconf 79' lang='lat' dir='ltr'><strong><em>vos</em></strong></span> <span class='ocrx_word' id='word_1_426' title='bbox 3115 914 3342 961; x_wconf 89' lang='lat' dir='ltr'><strong><em>omnes</em></strong></span> <span class='ocrx_word' id='word_1_427' title='bbox 3376 896 3685 961; x_wconf 87' lang='lat' dir='ltr'><strong><em>salutant.</em></strong></span> 
     </span>
    </p>
   </div>
   <div class='ocr_carea' id='block_1_14' title="bbox 3340 1030 4197 1101">
    <p class='ocr_par' dir='ltr' id='par_1_17' title="bbox 3340 1030 4197 1101">
     <span class='ocr_line' id='line_1_63' title="bbox 3340 1030 4197 1101; baseline 0.005 -5"><span class='ocrx_word' id='word_1_428' title='bbox 3340 1030 3621 1098; x_wconf 88' lang='lat' dir='ltr'><strong><em>Ioannes</em></strong></span> <span class='ocrx_word' id='word_1_429' title='bbox 3664 1030 3983 1099; x_wconf 80' lang='lat' dir='ltr'><strong><em>Calvinus</em></strong></span> <span class='ocrx_word' id='word_1_430' title='bbox 4024 1040 4197 1101; x_wconf 84' lang='lat' dir='ltr'><strong><em>tuus.</em></strong></span> 
     </span>
    </p>
   </div>
   <div class='ocr_carea' id='block_1_15' title="bbox 2853 1556 3923 1763">
    <p class='ocr_par' dir='ltr' id='par_1_18' title="bbox 2853 1556 3923 1763">
     <span class='ocr_line' id='line_1_64' title="bbox 3328 1556 3481 1628; baseline 0.02 -3"><span class='ocrx_word' id='word_1_431' title='bbox 3328 1556 3481 1628; x_wconf 80' lang='lat'><strong><em>583.</em></strong></span> 
     </span>
     <span class='ocr_line' id='line_1_65' title="bbox 2853 1691 3923 1763; baseline 0.005 -6"><span class='ocrx_word' id='word_1_432' title='bbox 2853 1691 3440 1760; x_wconf 71' lang='lat' dir='ltr'>LIBERTETUS</span> <span class='ocrx_word' id='word_1_433' title='bbox 3487 1691 3923 1763; x_wconf 79' lang='lat' dir='ltr'><strong>GALVINO.</strong></span> 
     </span>
    </p>
   </div>
   <div class='ocr_carea' id='block_1_16' title="bbox 2418 1861 4368 2118">
    <p class='ocr_par' dir='ltr' id='par_1_19' title="bbox 2418 1861 4368 2118">
     <span class='ocr_line' id='line_1_66' title="bbox 2598 1861 4367 1952; baseline 0.006 -26"><span class='ocrx_word' id='word_1_434' title='bbox 2598 1862 2768 1945; x_wconf 72' lang='lat' dir='ltr'><strong><em>Quid</em></strong></span> <span class='ocrx_word' id='word_1_435' title='bbox 2810 1861 3067 1928; x_wconf 86' lang='lat' dir='ltr'><strong><em>Bernae</em></strong></span> <span class='ocrx_word' id='word_1_436' title='bbox 3109 1863 3301 1946; x_wconf 75' lang='lat' dir='ltr'><strong><em>eyerit</em></strong></span> <span class='ocrx_word' id='word_1_437' title='bbox 3340 1863 3411 1929; x_wconf 83' lang='lat' dir='ltr'><strong><em>in</em></strong></span> <span class='ocrx_word' id='word_1_438' title='bbox 3453 1866 3687 1947; x_wconf 74' lang='lat' dir='ltr'><strong><em>neyotio</em></strong></span> <span class='ocrx_word' id='word_1_439' title='bbox 3731 1867 3807 1932; x_wconf 81' lang='lat' dir='ltr'><strong><em>de</em></strong></span> <span class='ocrx_word' id='word_1_440' title='bbox 3843 1867 4367 1952; x_wconf 79' lang='lat' dir='ltr'><strong><em>eleemosynarum</em></strong></span> 
     </span>
     <span class='ocr_line' id='line_1_67' title="bbox 2419 1948 4368 2040; baseline 0.004 -27"><span class='ocrx_word' id='word_1_441' title='bbox 2419 1948 2969 2014; x_wconf 78' lang='lat' dir='ltr'><strong><em>administratione</em></strong></span> <span class='ocrx_word' id='word_1_442' title='bbox 3011 1950 3082 2013; x_wconf 88' lang='lat' dir='ltr'><strong><em>in</em></strong></span> <span class='ocrx_word' id='word_1_443' title='bbox 3110 1948 3517 2031; x_wconf 77' lang='lat' dir='ltr'><strong><em>praefectura</em></strong></span> <span class='ocrx_word' id='word_1_444' title='bbox 3545 1951 3925 2018; x_wconf 84' lang='lat' dir='ltr'><strong><em>Tononiensi</em></strong></span> <span class='ocrx_word' id='word_1_445' title='bbox 3964 1955 4177 2019; x_wconf 85' lang='lat' dir='ltr'><strong><em>minus</em></strong></span> <span class='ocrx_word' id='word_1_446' title='bbox 4217 1955 4368 2040; x_wconf 70' lang='grc'>1091·-</span> 
     </span>
     <span class='ocr_line' id='line_1_68' title="bbox 2418 2034 4195 2118; baseline 0.005 -21"><span class='ocrx_word' id='word_1_447' title='bbox 2418 2034 2564 2098; x_wconf 87' lang='lat' dir='ltr'><strong><em>time</em></strong></span> <span class='ocrx_word' id='word_1_448' title='bbox 2593 2034 2849 2115; x_wconf 83' lang='lat' dir='ltr'><strong><em>pridem</em></strong></span> <span class='ocrx_word' id='word_1_449' title='bbox 2889 2035 3079 2116; x_wconf 82' lang='lat' dir='ltr'><strong><em>facta,</em></strong></span> <span class='ocrx_word' id='word_1_450' title='bbox 3121 2053 3261 2101; x_wconf 84' lang='lat' dir='ltr'><strong><em>cnm</em></strong></span> <span class='ocrx_word' id='word_1_451' title='bbox 3304 2036 3457 2100; x_wconf 79' lang='lat' dir='ltr'><strong><em>aliis</em></strong></span> <span class='ocrx_word' id='word_1_452' title='bbox 3501 2036 3877 2118; x_wconf 77' lang='lat' dir='ltr'><strong><em>quibusdam</em></strong></span> <span class='ocrx_word' id='word_1_453' title='bbox 3924 2044 4195 2106; x_wconf 84' lang='lat' dir='ltr'><strong><em>enarrat.</em></strong></span> 
     </span>
    </p>
   </div>
   <div class='ocr_carea' id='block_1_17' title="bbox 2753 2203 4030 2277">
    <p class='ocr_par' dir='ltr' id='par_1_20' title="bbox 2753 2203 4030 2277">
     <span class='ocr_line' id='line_1_69' title="bbox 2753 2203 4030 2277; baseline 0.007 -22"><span class='ocrx_word' id='word_1_454' title='bbox 2753 2204 2861 2268; x_wconf 77' lang='lat' dir='ltr'><strong><em>(Ex</em></strong></span> <span class='ocrx_word' id='word_1_455' title='bbox 2897 2203 3233 2275; x_wconf 83' lang='lat' dir='ltr'><strong><em>autographo</em></strong></span> <span class='ocrx_word' id='word_1_456' title='bbox 3270 2204 3401 2259; x_wconf 86' lang='lat' dir='ltr'><strong><em>Ood.</em></strong></span> <span class='ocrx_word' id='word_1_457' title='bbox 3437 2204 3599 2260; x_wconf 87' lang='lat' dir='ltr'><strong><em>Goth.</em></strong></span> <span class='ocrx_word' id='word_1_458' title='bbox 3635 2205 3755 2274; x_wconf 82' lang='lat'><strong><em>405,</em></strong></span> <span class='ocrx_word' id='word_1_459' title='bbox 3791 2209 3883 2262; x_wconf 82' lang='lat' dir='ltr'><strong><em>fol.</em></strong></span> <span class='ocrx_word' id='word_1_460' title='bbox 3917 2208 4030 2277; x_wconf 79' lang='lat'><strong><em>36.)</em></strong></span> 
     </span>
    </p>
   </div>
   <div class='ocr_carea' id='block_1_18' title="bbox 2416 2387 4371 2632">
    <p class='ocr_par' dir='ltr' id='par_1_21' title="bbox 2416 2387 4371 2632">
     <span class='ocr_line' id='line_1_70' title="bbox 2587 2387 4371 2476; baseline 0.007 -26"><span class='ocrx_word' id='word_1_461' title='bbox 2587 2387 3104 2474; x_wconf 79' lang='lat' dir='ltr'><strong><em>vigilantissimo</em></strong></span> <span class='ocrx_word' id='word_1_462' title='bbox 3140 2390 3447 2457; x_wconf 87' lang='lat' dir='ltr'><strong><em>ecclesiae</em></strong></span> <span class='ocrx_word' id='word_1_463' title='bbox 3469 2391 3723 2457; x_wconf 84' lang='lat' dir='ltr'><strong><em>Christi</em></strong></span> <span class='ocrx_word' id='word_1_464' title='bbox 3756 2395 4000 2476; x_wconf 89' lang='lat' dir='ltr'><strong><em>pastori</em></strong></span> <span class='ocrx_word' id='word_1_465' title='bbox 4021 2396 4105 2461; x_wconf 90' lang='lat' dir='ltr'><strong><em>D.</em></strong></span> <span class='ocrx_word' id='word_1_466' title='bbox 4129 2395 4371 2462; x_wconf 88' lang='lat' dir='ltr'><strong><em>Ioanni</em></strong></span> 
     </span>
     <span class='ocr_line' id='line_1_71' title="bbox 2416 2472 4268 2632; baseline 0.003 -92"><span class='ocrx_word' id='word_1_467' title='bbox 2416 2472 2698 2540; x_wconf 83' lang='lat' dir='ltr'><strong><em>Calvino</em></strong></span> <span class='ocrx_word' id='word_1_468' title='bbox 2740 2476 2927 2540; x_wconf 85' lang='lat' dir='ltr'><strong><em>fratri</em></strong></span> <span class='ocrx_word' id='word_1_469' title='bbox 2969 2484 3038 2540; x_wconf 91' lang='lat' dir='ltr'><strong><em>et</em></strong></span> <span class='ocrx_word' id='word_1_470' title='bbox 3079 2476 3287 2541; x_wconf 89' lang='lat' dir='ltr'><strong><em>amico</em></strong></span> <span class='ocrx_word' id='word_1_471' title='bbox 3330 2476 3873 2561; x_wconf 85' lang='lat' dir='ltr'><strong><em>singularissimo.</em></strong></span> <span class='ocrx_word' id='word_1_472' title='bbox 3954 2563 4268 2632; x_wconf 65' lang='lat' dir='ltr'><strong>Genovae</strong></span> 
     </span>
    </p>
   </div>
   <div class='ocr_carea' id='block_1_19' title="bbox 2418 2693 4374 4996">
    <p class='ocr_par' dir='ltr' id='par_1_22' title="bbox 2418 2693 4374 4996">
     <span class='ocr_line' id='line_1_72' title="bbox 2593 2693 4371 2779; baseline 0.004 -19"><span class='ocrx_word' id='word_1_473' title='bbox 2593 2693 2662 2761; x_wconf 78' lang='lat' dir='ltr'><strong><em>S.</em></strong></span> <span class='ocrx_word' id='word_1_474' title='bbox 2731 2694 2906 2777; x_wconf 77' lang='lat' dir='ltr'><strong><em>Quid</em></strong></span> <span class='ocrx_word' id='word_1_475' title='bbox 2965 2697 3033 2762; x_wconf 92' lang='lat' dir='ltr'><strong><em>in</em></strong></span> <span class='ocrx_word' id='word_1_476' title='bbox 3087 2696 3213 2762; x_wconf 88' lang='lat' dir='ltr'><strong><em>hac</em></strong></span> <span class='ocrx_word' id='word_1_477' title='bbox 3270 2697 3667 2779; x_wconf 87' lang='lat' dir='ltr'><strong><em>profectione</em></strong></span> <span class='ocrx_word' id='word_1_478' title='bbox 3725 2698 4051 2765; x_wconf 88' lang='lat' dir='ltr'><strong><em>Dominus</em></strong></span> <span class='ocrx_word' id='word_1_479' title='bbox 4106 2701 4371 2768; x_wconf 89' lang='lat' dir='ltr'><strong><em>tandem</em></strong></span> 
     </span>
     <span class='ocr_line' id='line_1_73' title="bbox 2419 2781 4371 2869; baseline 0.005 -25"><span class='ocrx_word' id='word_1_480' title='bbox 2419 2781 2709 2846; x_wconf 85' lang='lat' dir='ltr'><strong><em>effecerit</em></strong></span> <span class='ocrx_word' id='word_1_481' title='bbox 2750 2783 2985 2865; x_wconf 82' lang='lat' dir='ltr'><strong><em>accipe.</em></strong></span> <span class='ocrx_word' id='word_1_482' title='bbox 3053 2784 3116 2847; x_wconf 88' lang='lat' dir='ltr'>A</span> <span class='ocrx_word' id='word_1_483' title='bbox 3161 2782 3446 2848; x_wconf 82' lang='lat' dir='ltr'><strong><em>triennio</em></strong></span> <span class='ocrx_word' id='word_1_484' title='bbox 3480 2783 3866 2848; x_wconf 88' lang='lat' dir='ltr'><strong><em>mandatum</em></strong></span> <span class='ocrx_word' id='word_1_485' title='bbox 3900 2806 3940 2850; x_wconf 89' lang='lat' dir='ltr'><strong><em>a</em></strong></span> <span class='ocrx_word' id='word_1_486' title='bbox 3975 2785 4371 2869; x_wconf 89' lang='lat' dir='ltr'><strong><em>principibus</em></strong></span> 
     </span>
     <span class='ocr_line' id='line_1_74' title="bbox 2420 2867 4370 2951; baseline 0.004 -22"><span class='ocrx_word' id='word_1_487' title='bbox 2420 2885 2765 2930; x_wconf 88' lang='lat' dir='ltr'><strong><em>exoraram</em></strong></span> <span class='ocrx_word' id='word_1_488' title='bbox 2782 2917 2799 2945; x_wconf 93' lang='lat'><strong><em>,</em></strong></span> <span class='ocrx_word' id='word_1_489' title='bbox 2860 2887 2988 2949; x_wconf 91' lang='lat' dir='ltr'><strong><em>quo</em></strong></span> <span class='ocrx_word' id='word_1_490' title='bbox 3045 2867 3394 2933; x_wconf 89' lang='lat' dir='ltr'><strong><em>iubebatur</em></strong></span> <span class='ocrx_word' id='word_1_491' title='bbox 3448 2869 3816 2951; x_wconf 85' lang='lat' dir='ltr'><strong><em>praefectus</em></strong></span> <span class='ocrx_word' id='word_1_492' title='bbox 3869 2869 4089 2935; x_wconf 88' lang='lat' dir='ltr'><strong><em>solitas</em></strong></span> <span class='ocrx_word' id='word_1_493' title='bbox 4144 2891 4370 2938; x_wconf 92' lang='lat' dir='ltr'><strong><em>omnes</em></strong></span> 
     </span>
     <span class='ocr_line' id='line_1_75' title="bbox 2420 2950 4371 3041; baseline 0.004 -26"><span class='ocrx_word' id='word_1_494' title='bbox 2420 2950 2872 3036; x_wconf 85' lang='lat' dir='ltr'><strong><em>eleemosynas</em></strong></span> <span class='ocrx_word' id='word_1_495' title='bbox 2938 2953 3289 3018; x_wconf 88' lang='lat' dir='ltr'><strong><em>aestimare</em></strong></span> <span class='ocrx_word' id='word_1_496' title='bbox 3347 2960 3652 3037; x_wconf 89' lang='lat' dir='ltr'><strong><em>rectoque</em></strong></span> <span class='ocrx_word' id='word_1_497' title='bbox 3718 2953 3944 3020; x_wconf 90' lang='lat' dir='ltr'><strong><em>ordine</em></strong></span> <span class='ocrx_word' id='word_1_498' title='bbox 4008 2956 4371 3041; x_wconf 90' lang='lat' dir='ltr'><strong><em>erogandas</em></strong></span> 
     </span>
     <span class='ocr_line' id='line_1_76' title="bbox 2419 3035 4372 3123; baseline 0.003 -22"><span class='ocrx_word' id='word_1_499' title='bbox 2419 3057 2668 3101; x_wconf 87' lang='lat' dir='ltr'><strong><em>curare.</em></strong></span> <span class='ocrx_word' id='word_1_500' title='bbox 2744 3035 3184 3118; x_wconf 80' lang='lat' dir='ltr'><strong><em>Quamobrem</em></strong></span> <span class='ocrx_word' id='word_1_501' title='bbox 3231 3037 3529 3121; x_wconf 86' lang='lat' dir='ltr'><strong><em>superior</em></strong></span> <span class='ocrx_word' id='word_1_502' title='bbox 3568 3048 3795 3106; x_wconf 89' lang='lat' dir='ltr'><strong><em>noster</em></strong></span> <span class='ocrx_word' id='word_1_503' title='bbox 3837 3041 4203 3123; x_wconf 86' lang='lat' dir='ltr'><strong><em>praefectus</em></strong></span> <span class='ocrx_word' id='word_1_504' title='bbox 4229 3041 4372 3107; x_wconf 85' lang='lat' dir='ltr'><strong><em>Fil-</em></strong></span> 
     </span>
     <span class='ocr_line' id='line_1_77' title="bbox 2418 3121 4371 3221; baseline 0.003 -36"><span class='ocrx_word' id='word_1_505' title='bbox 2418 3121 2646 3221; x_wconf 71' lang='grc'>110011)</span> <span class='ocrx_word' id='word_1_506' title='bbox 2691 3122 3175 3207; x_wconf 80' lang='lat' dir='ltr'><strong><em>eleemosynam</em></strong></span> <span class='ocrx_word' id='word_1_507' title='bbox 3218 3125 3737 3207; x_wconf 85' lang='lat' dir='ltr'><strong><em>septuagesimae</em></strong></span> <span class='ocrx_word' id='word_1_508' title='bbox 3779 3125 3848 3190; x_wconf 92' lang='lat' dir='ltr'><strong><em>in</em></strong></span> <span class='ocrx_word' id='word_1_509' title='bbox 3895 3131 3931 3189; x_wconf 83' lang='lat'>5</span> <span class='ocrx_word' id='word_1_510' title='bbox 3976 3126 4195 3191; x_wconf 90' lang='lat' dir='ltr'><strong><em>modia</em></strong></span> <span class='ocrx_word' id='word_1_511' title='bbox 4234 3127 4371 3191; x_wconf 85' lang='lat' dir='ltr'><strong><em>fru-</em></strong></span> 
     </span>
     <span class='ocr_line' id='line_1_78' title="bbox 2419 3208 4374 3293; baseline 0.004 -23"><span class='ocrx_word' id='word_1_512' title='bbox 2419 3215 2630 3271; x_wconf 76' lang='lat' dir='ltr'><strong><em>menti</em></strong></span> <span class='ocrx_word' id='word_1_513' title='bbox 2663 3208 3022 3293; x_wconf 87' lang='lat' dir='ltr'><strong><em>redegerat,</em></strong></span> <span class='ocrx_word' id='word_1_514' title='bbox 3061 3229 3228 3291; x_wconf 87' lang='lat' dir='ltr'><strong><em>quae</em></strong></span> <span class='ocrx_word' id='word_1_515' title='bbox 3257 3209 3446 3275; x_wconf 81' lang='lat' dir='ltr'><strong><em>iuxta</em></strong></span> <span class='ocrx_word' id='word_1_516' title='bbox 3482 3209 3890 3293; x_wconf 82' lang='lat' dir='ltr'><strong><em>singulorum</em></strong></span> <span class='ocrx_word' id='word_1_517' title='bbox 3924 3212 4374 3277; x_wconf 88' lang='lat' dir='ltr'><strong><em>ministrorum</em></strong></span> 
     </span>
     <span class='ocr_line' id='line_1_79' title="bbox 2420 3293 4370 3382; baseline 0.004 -26"><span class='ocrx_word' id='word_1_518' title='bbox 2420 3313 2504 3356; x_wconf 83' lang='lat' dir='ltr'><strong><em>ex</em></strong></span> <span class='ocrx_word' id='word_1_519' title='bbox 2547 3294 2815 3358; x_wconf 91' lang='lat' dir='ltr'><strong><em>consilio</em></strong></span> <span class='ocrx_word' id='word_1_520' title='bbox 2859 3293 3190 3359; x_wconf 86' lang='lat' dir='ltr'><strong><em>seniorum</em></strong></span> <span class='ocrx_word' id='word_1_521' title='bbox 3229 3294 3620 3378; x_wconf 89' lang='lat' dir='ltr'><strong><em>compositos</em></strong></span> <span class='ocrx_word' id='word_1_522' title='bbox 3662 3316 4024 3379; x_wconf 88' lang='lat' dir='ltr'><strong><em>pauperum</em></strong></span> <span class='ocrx_word' id='word_1_523' title='bbox 4046 3297 4370 3382; x_wconf 87' lang='lat' dir='ltr'><strong><em>catalogos</em></strong></span> 
     </span>
     <span class='ocr_line' id='line_1_80' title="bbox 2419 3376 4371 3464; baseline 0.004 -23"><span class='ocrx_word' id='word_1_524' title='bbox 2419 3386 2487 3441; x_wconf 90' lang='lat' dir='ltr'><strong><em>et</em></strong></span> <span class='ocrx_word' id='word_1_525' title='bbox 2553 3376 2636 3443; x_wconf 87' lang='lat' dir='ltr'><strong><em>ab</em></strong></span> <span class='ocrx_word' id='word_1_526' title='bbox 2698 3378 2839 3461; x_wconf 90' lang='lat' dir='ltr'><strong><em>ipso</em></strong></span> <span class='ocrx_word' id='word_1_527' title='bbox 2915 3379 3244 3461; x_wconf 86' lang='lat' dir='ltr'><strong><em>praefecto</em></strong></span> <span class='ocrx_word' id='word_1_528' title='bbox 3315 3380 3726 3462; x_wconf 90' lang='lat' dir='ltr'><strong><em>subsignatos</em></strong></span> <span class='ocrx_word' id='word_1_529' title='bbox 3804 3380 4371 3464; x_wconf 87' lang='lat' dir='ltr'><strong><em>dispertiebantur.</em></strong></span> 
     </span>
     <span class='ocr_line' id='line_1_81' title="bbox 2419 3462 4367 3546; baseline 0.003 -18"><span class='ocrx_word' id='word_1_530' title='bbox 2419 3462 2763 3528; x_wconf 88' lang='lat' dir='ltr'><strong><em>Publicani</em></strong></span> <span class='ocrx_word' id='word_1_531' title='bbox 2820 3484 2974 3529; x_wconf 86' lang='lat' dir='ltr'><strong><em>vero</em></strong></span> <span class='ocrx_word' id='word_1_532' title='bbox 3028 3474 3174 3546; x_wconf 92' lang='lat' dir='ltr'><strong><em>post</em></strong></span> <span class='ocrx_word' id='word_1_533' title='bbox 3215 3464 3397 3530; x_wconf 89' lang='lat' dir='ltr'><strong><em>illius</em></strong></span> <span class='ocrx_word' id='word_1_534' title='bbox 3441 3465 3797 3530; x_wconf 88' lang='lat' dir='ltr'><strong><em>discessum</em></strong></span> <span class='ocrx_word' id='word_1_535' title='bbox 3843 3466 4015 3531; x_wconf 88' lang='lat' dir='ltr'><strong><em>hanc</em></strong></span> <span class='ocrx_word' id='word_1_536' title='bbox 4056 3468 4367 3533; x_wconf 80' lang='lat' dir='ltr'><strong><em>frumenti</em></strong></span> 
     </span>
     <span class='ocr_line' id='line_1_82' title="bbox 2419 3550 4370 3634; baseline 0.003 -22"><span class='ocrx_word' id='word_1_537' title='bbox 2419 3568 2747 3613; x_wconf 89' lang='lat' dir='ltr'><strong><em>summam</em></strong></span> <span class='ocrx_word' id='word_1_538' title='bbox 2780 3558 3186 3628; x_wconf 86' lang='lat' dir='ltr'><strong><em>recusarunt,</em></strong></span> <span class='ocrx_word' id='word_1_539' title='bbox 3231 3570 3308 3615; x_wconf 89' lang='lat' dir='ltr'><strong><em>ac</em></strong></span> <span class='ocrx_word' id='word_1_540' title='bbox 3351 3570 3506 3615; x_wconf 85' lang='lat' dir='ltr'><strong><em>mox</em></strong></span> <span class='ocrx_word' id='word_1_541' title='bbox 3542 3550 3831 3615; x_wconf 89' lang='lat' dir='ltr'><strong><em>Bernam</em></strong></span> <span class='ocrx_word' id='word_1_542' title='bbox 3872 3553 4141 3634; x_wconf 88' lang='lat' dir='ltr'><strong><em>profecti</em></strong></span> <span class='ocrx_word' id='word_1_543' title='bbox 4185 3574 4370 3618; x_wconf 90' lang='lat' dir='ltr'><strong><em>men-</em></strong></span> 
     </span>
     <span class='ocr_line' id='line_1_83' title="bbox 2420 3632 4372 3720; baseline 0.003 -23"><span class='ocrx_word' id='word_1_544' title='bbox 2420 3633 2622 3699; x_wconf 89' lang='lat' dir='ltr'><strong><em>daciis</em></strong></span> <span class='ocrx_word' id='word_1_545' title='bbox 2666 3632 2836 3716; x_wconf 87' lang='lat' dir='ltr'><strong><em>quod</em></strong></span> <span class='ocrx_word' id='word_1_546' title='bbox 2881 3633 3233 3699; x_wconf 86' lang='lat' dir='ltr'><strong><em>voluerunt</em></strong></span> <span class='ocrx_word' id='word_1_547' title='bbox 3276 3636 3651 3700; x_wconf 88' lang='lat' dir='ltr'><strong><em>effecerunt.</em></strong></span> <span class='ocrx_word' id='word_1_548' title='bbox 3742 3637 3886 3720; x_wconf 88' lang='lat' dir='ltr'><strong><em>Ego</em></strong></span> <span class='ocrx_word' id='word_1_549' title='bbox 3929 3657 4089 3703; x_wconf 79' lang='lat' dir='ltr'><strong><em>vero</em></strong></span> <span class='ocrx_word' id='word_1_550' title='bbox 4133 3638 4372 3703; x_wconf 84' lang='lat' dir='ltr'><strong><em>verita-</em></strong></span> 
     </span>
     <span class='ocr_line' id='line_1_84' title="bbox 2419 3718 4374 3803; baseline 0.002 -21"><span class='ocrx_word' id='word_1_551' title='bbox 2419 3728 2555 3782; x_wconf 91' lang='lat' dir='ltr'><strong><em>tem</em></strong></span> <span class='ocrx_word' id='word_1_552' title='bbox 2596 3718 2980 3801; x_wconf 89' lang='lat' dir='ltr'><strong><em>simpliciter</em></strong></span> <span class='ocrx_word' id='word_1_553' title='bbox 3035 3738 3403 3802; x_wconf 87' lang='lat' dir='ltr'><strong><em>proponens</em></strong></span> <span class='ocrx_word' id='word_1_554' title='bbox 3448 3720 3807 3786; x_wconf 91' lang='lat' dir='ltr'><strong><em>Dominum</em></strong></span> <span class='ocrx_word' id='word_1_555' title='bbox 3850 3722 4252 3803; x_wconf 87' lang='lat' dir='ltr'><strong><em>praefectum</em></strong></span> <span class='ocrx_word' id='word_1_556' title='bbox 4295 3721 4374 3785; x_wconf 92' lang='lat' dir='ltr'><strong><em>il-</em></strong></span> 
     </span>
     <span class='ocr_line' id='line_1_85' title="bbox 2418 3803 4374 3889; baseline 0.002 -22"><span class='ocrx_word' id='word_1_557' title='bbox 2418 3803 2556 3867; x_wconf 91' lang='lat' dir='ltr'><strong><em>lum</em></strong></span> <span class='ocrx_word' id='word_1_558' title='bbox 2602 3805 2675 3867; x_wconf 90' lang='lat' dir='ltr'><strong><em>in</em></strong></span> <span class='ocrx_word' id='word_1_559' title='bbox 2718 3805 3281 3870; x_wconf 85' lang='lat' dir='ltr'><strong><em>confirmationem</em></strong></span> <span class='ocrx_word' id='word_1_560' title='bbox 3341 3805 3556 3870; x_wconf 87' lang='lat' dir='ltr'><strong><em>audiri</em></strong></span> <span class='ocrx_word' id='word_1_561' title='bbox 3615 3807 3878 3889; x_wconf 86' lang='lat' dir='ltr'><strong><em>rogavi,</em></strong></span> <span class='ocrx_word' id='word_1_562' title='bbox 3936 3826 4011 3871; x_wconf 89' lang='lat' dir='ltr'><strong><em>ac</em></strong></span> <span class='ocrx_word' id='word_1_563' title='bbox 4064 3808 4156 3873; x_wconf 91' lang='lat' dir='ltr'><strong><em>sic</em></strong></span> <span class='ocrx_word' id='word_1_564' title='bbox 4200 3805 4374 3889; x_wconf 91' lang='lat' dir='ltr'><strong><em>quod</em></strong></span> 
     </span>
     <span class='ocr_line' id='line_1_86' title="bbox 2419 3888 4374 3957; baseline 0.001 -4"><span class='ocrx_word' id='word_1_565' title='bbox 2419 3889 2501 3953; x_wconf 89' lang='lat' dir='ltr'><strong><em>ab</em></strong></span> <span class='ocrx_word' id='word_1_566' title='bbox 2546 3888 2677 3953; x_wconf 90' lang='lat' dir='ltr'><strong><em>illis</em></strong></span> <span class='ocrx_word' id='word_1_567' title='bbox 2719 3889 2884 3954; x_wconf 84' lang='lat' dir='ltr'><strong><em>falso</em></strong></span> <span class='ocrx_word' id='word_1_568' title='bbox 2928 3891 3001 3954; x_wconf 89' lang='lat' dir='ltr'><strong><em>in</em></strong></span> <span class='ocrx_word' id='word_1_569' title='bbox 3054 3911 3174 3955; x_wconf 89' lang='lat' dir='ltr'><strong><em>nos</em></strong></span> <span class='ocrx_word' id='word_1_570' title='bbox 3217 3891 3531 3954; x_wconf 88' lang='lat' dir='ltr'><strong><em>iactatum</em></strong></span> <span class='ocrx_word' id='word_1_571' title='bbox 3588 3890 3800 3955; x_wconf 86' lang='lat' dir='ltr'><strong><em>fuerat</em></strong></span> <span class='ocrx_word' id='word_1_572' title='bbox 3843 3890 4036 3956; x_wconf 90' lang='lat' dir='ltr'><strong><em>huius</em></strong></span> <span class='ocrx_word' id='word_1_573' title='bbox 4079 3892 4374 3957; x_wconf 87' lang='lat' dir='ltr'><strong><em>testimo-</em></strong></span> 
     </span>
     <span class='ocr_line' id='line_1_87' title="bbox 2418 3972 4373 4043; baseline 0.002 -6"><span class='ocrx_word' id='word_1_574' title='bbox 2418 3972 2529 4037; x_wconf 92' lang='lat' dir='ltr'><strong><em>nio</em></strong></span> <span class='ocrx_word' id='word_1_575' title='bbox 2573 3974 2979 4039; x_wconf 85' lang='lat' dir='ltr'><strong><em>confutatum</em></strong></span> <span class='ocrx_word' id='word_1_576' title='bbox 3024 3983 3150 4040; x_wconf 87' lang='lat' dir='ltr'><strong><em>est:</em></strong></span> <span class='ocrx_word' id='word_1_577' title='bbox 3215 3980 3251 4039; x_wconf 83' lang='lat'><strong>5</strong></span> <span class='ocrx_word' id='word_1_578' title='bbox 3298 3975 3412 4040; x_wconf 90' lang='lat' dir='ltr'><strong><em>illa</em></strong></span> <span class='ocrx_word' id='word_1_579' title='bbox 3466 3973 3689 4040; x_wconf 90' lang='lat' dir='ltr'><strong><em>modia</em></strong></span> <span class='ocrx_word' id='word_1_580' title='bbox 3743 3995 3927 4040; x_wconf 90' lang='lat' dir='ltr'><strong><em>more</em></strong></span> <span class='ocrx_word' id='word_1_581' title='bbox 3983 3976 4172 4042; x_wconf 91' lang='lat' dir='ltr'><strong><em>solito</em></strong></span> <span class='ocrx_word' id='word_1_582' title='bbox 4229 3997 4373 4043; x_wconf 91' lang='lat' dir='ltr'><strong><em>ero-</em></strong></span> 
     </span>
     <span class='ocr_line' id='line_1_88' title="bbox 2419 4056 4373 4144; baseline 0.003 -23"><span class='ocrx_word' id='word_1_583' title='bbox 2419 4056 2635 4142; x_wconf 87' lang='lat' dir='ltr'><strong><em>ganda</em></strong></span> <span class='ocrx_word' id='word_1_584' title='bbox 2678 4057 2833 4124; x_wconf 90' lang='lat' dir='ltr'><strong><em>dare</em></strong></span> <span class='ocrx_word' id='word_1_585' title='bbox 2876 4061 3212 4138; x_wconf 90' lang='lat' dir='ltr'><strong><em>iubentur,</em></strong></span> <span class='ocrx_word' id='word_1_586' title='bbox 3269 4061 3438 4139; x_wconf 79' lang='lat' dir='ltr'><strong><em>miro</em></strong></span> <span class='ocrx_word' id='word_1_587' title='bbox 3498 4058 3671 4144; x_wconf 87' lang='lat' dir='ltr'><strong><em>apud</em></strong></span> <span class='ocrx_word' id='word_1_588' title='bbox 3727 4081 3952 4127; x_wconf 89' lang='lat' dir='ltr'><strong><em>omnes</em></strong></span> <span class='ocrx_word' id='word_1_589' title='bbox 3992 4061 4115 4126; x_wconf 91' lang='lat' dir='ltr'><strong><em>sibi</em></strong></span> <span class='ocrx_word' id='word_1_590' title='bbox 4158 4064 4373 4128; x_wconf 87' lang='lat' dir='ltr'><strong><em>conci-</em></strong></span> 
     </span>
     <span class='ocr_line' id='line_1_89' title="bbox 2419 4143 4373 4229; baseline 0.001 -21"><span class='ocrx_word' id='word_1_591' title='bbox 2419 4143 2576 4209; x_wconf 89' lang='lat' dir='ltr'><strong><em>liato</em></strong></span> <span class='ocrx_word' id='word_1_592' title='bbox 2628 4144 2874 4227; x_wconf 87' lang='lat' dir='ltr'><strong><em>pudore</em></strong></span> <span class='ocrx_word' id='word_1_593' title='bbox 2939 4145 3110 4229; x_wconf 89' lang='lat' dir='ltr'><strong><em>quod</em></strong></span> <span class='ocrx_word' id='word_1_594' title='bbox 3165 4145 3411 4229; x_wconf 89' lang='lat' dir='ltr'><strong><em>passim</em></strong></span> <span class='ocrx_word' id='word_1_595' title='bbox 3470 4166 3643 4211; x_wconf 83' lang='lat' dir='ltr'><strong><em>vana</em></strong></span> <span class='ocrx_word' id='word_1_596' title='bbox 3694 4147 3903 4211; x_wconf 88' lang='lat' dir='ltr'><strong><em>multa</em></strong></span> <span class='ocrx_word' id='word_1_597' title='bbox 3959 4147 4373 4228; x_wconf 78' lang='lat' dir='ltr'><strong><em>impudenter</em></strong></span> 
     </span>
     <span class='ocr_line' id='line_1_90' title="bbox 2420 4228 4372 4313; baseline 0.002 -21"><span class='ocrx_word' id='word_1_598' title='bbox 2420 4228 2746 4293; x_wconf 90' lang='lat' dir='ltr'><strong><em>iactarint.</em></strong></span> <span class='ocrx_word' id='word_1_599' title='bbox 2810 4230 3142 4296; x_wconf 89' lang='lat' dir='ltr'><strong><em>Dixerant</em></strong></span> <span class='ocrx_word' id='word_1_600' title='bbox 3176 4232 3351 4295; x_wconf 88' lang='lat' dir='ltr'><strong><em>enim</em></strong></span> <span class='ocrx_word' id='word_1_601' title='bbox 3394 4252 3518 4297; x_wconf 92' lang='grc'>1100</span> <span class='ocrx_word' id='word_1_602' title='bbox 3561 4233 3826 4313; x_wconf 87' lang='lat' dir='ltr'><strong><em>propria</em></strong></span> <span class='ocrx_word' id='word_1_603' title='bbox 3869 4232 4221 4297; x_wconf 88' lang='lat' dir='ltr'><strong><em>autoritate</em></strong></span> <span class='ocrx_word' id='word_1_604' title='bbox 4264 4253 4372 4298; x_wconf 86' lang='lat' dir='ltr'><strong><em>ca-</em></strong></span> 
     </span>
     <span class='ocr_line' id='line_1_91' title="bbox 2422 4312 4370 4398; baseline 0.002 -21"><span class='ocrx_word' id='word_1_605' title='bbox 2422 4312 2673 4398; x_wconf 84' lang='lat' dir='ltr'><strong><em>talogos</em></strong></span> <span class='ocrx_word' id='word_1_606' title='bbox 2715 4315 2978 4381; x_wconf 87' lang='lat' dir='ltr'><strong><em>mittere</em></strong></span> <span class='ocrx_word' id='word_1_607' title='bbox 3023 4316 3234 4393; x_wconf 89' lang='lat' dir='ltr'><strong><em>(nulla</em></strong></span> <span class='ocrx_word' id='word_1_608' title='bbox 3278 4317 3610 4381; x_wconf 90' lang='lat' dir='ltr'><strong><em>mentione</em></strong></span> <span class='ocrx_word' id='word_1_609' title='bbox 3652 4316 3824 4381; x_wconf 87' lang='lat' dir='ltr'><strong><em>facta</em></strong></span> <span class='ocrx_word' id='word_1_610' title='bbox 3868 4316 4133 4382; x_wconf 90' lang='lat' dir='ltr'><strong><em>huiusce</em></strong></span> <span class='ocrx_word' id='word_1_611' title='bbox 4178 4320 4370 4383; x_wconf 87' lang='lat' dir='ltr'><strong><em>aesti-</em></strong></span> 
     </span>
     <span class='ocr_line' id='line_1_92' title="bbox 2419 4398 4372 4486; baseline 0.003 -24"><span class='ocrx_word' id='word_1_612' title='bbox 2419 4400 2723 4464; x_wconf 87' lang='lat' dir='ltr'><strong><em>mationis</em></strong></span> <span class='ocrx_word' id='word_1_613' title='bbox 2766 4407 2832 4464; x_wconf 85' lang='lat' dir='ltr'><strong><em>et</em></strong></span> <span class='ocrx_word' id='word_1_614' title='bbox 2876 4400 3153 4486; x_wconf 89' lang='lat' dir='ltr'><strong><em>ordinis)</em></strong></span> <span class='ocrx_word' id='word_1_615' title='bbox 3196 4409 3623 4485; x_wconf 88' lang='lat' dir='ltr'><strong><em>nostrumque</em></strong></span> <span class='ocrx_word' id='word_1_616' title='bbox 3660 4401 3927 4484; x_wconf 87' lang='lat' dir='ltr'><strong><em>aliquot,</em></strong></span> <span class='ocrx_word' id='word_1_617' title='bbox 3973 4398 4145 4483; x_wconf 88' lang='lat' dir='ltr'><strong><em>quod</em></strong></span> <span class='ocrx_word' id='word_1_618' title='bbox 4189 4402 4372 4467; x_wconf 90' lang='lat' dir='ltr'><strong><em>iussu</em></strong></span> 
     </span>
     <span class='ocr_line' id='line_1_93' title="bbox 2422 4485 4374 4569; baseline 0.004 -23"><span class='ocrx_word' id='word_1_619' title='bbox 2422 4494 2646 4549; x_wconf 88' lang='lat' dir='ltr'><strong><em>nostro</em></strong></span> <span class='ocrx_word' id='word_1_620' title='bbox 2704 4485 2938 4569; x_wconf 84' lang='lat' dir='ltr'><strong><em>legatis</em></strong></span> <span class='ocrx_word' id='word_1_621' title='bbox 2996 4487 3241 4552; x_wconf 89' lang='lat' dir='ltr'><strong><em>nostris</em></strong></span> <span class='ocrx_word' id='word_1_622' title='bbox 3296 4485 3706 4552; x_wconf 88' lang='lat' dir='ltr'><strong><em>tradiderant</em></strong></span> <span class='ocrx_word' id='word_1_623' title='bbox 3757 4488 4194 4568; x_wconf 87' lang='lat' dir='ltr'><strong><em>frumentum,</em></strong></span> <span class='ocrx_word' id='word_1_624' title='bbox 4262 4488 4374 4554; x_wconf 90' lang='lat' dir='ltr'><strong><em>de·</em></strong></span> 
     </span>
     <span class='ocr_line' id='line_1_94' title="bbox 2421 4570 4372 4655; baseline 0.003 -23"><span class='ocrx_word' id='word_1_625' title='bbox 2421 4589 2603 4634; x_wconf 89' lang='lat' dir='ltr'><strong><em>mum</em></strong></span> <span class='ocrx_word' id='word_1_626' title='bbox 2647 4570 3035 4636; x_wconf 85' lang='lat' dir='ltr'><strong><em>vendidisse.</em></strong></span> <span class='ocrx_word' id='word_1_627' title='bbox 3126 4570 3448 4650; x_wconf 82' lang='lat' dir='ltr'><strong><em>Secunde,</em></strong></span> <span class='ocrx_word' id='word_1_628' title='bbox 3504 4570 3915 4654; x_wconf 89' lang='lat' dir='ltr'><strong><em>quotidianas</em></strong></span> <span class='ocrx_word' id='word_1_629' title='bbox 3958 4592 4077 4655; x_wconf 85' lang='lat' dir='ltr'><strong><em>per</em></strong></span> <span class='ocrx_word' id='word_1_630' title='bbox 4120 4594 4372 4639; x_wconf 88' lang='lat' dir='ltr'><strong><em>annum</em></strong></span> 
     </span>
     <span class='ocr_line' id='line_1_95' title="bbox 2422 4653 4372 4739; baseline 0.003 -22"><span class='ocrx_word' id='word_1_631' title='bbox 2422 4653 2871 4739; x_wconf 78' lang='lat' dir='ltr'><strong><em>eleemosynas</em></strong></span> <span class='ocrx_word' id='word_1_632' title='bbox 2916 4660 3000 4721; x_wconf 88' lang='lat'><strong><em>30</em></strong></span> <span class='ocrx_word' id='word_1_633' title='bbox 3045 4656 3277 4721; x_wconf 90' lang='lat' dir='ltr'><strong><em>modiis</em></strong></span> <span class='ocrx_word' id='word_1_634' title='bbox 3322 4657 3593 4721; x_wconf 90' lang='lat' dir='ltr'><strong><em>Domini</em></strong></span> <span class='ocrx_word' id='word_1_635' title='bbox 3638 4657 4090 4738; x_wconf 85' lang='lat' dir='ltr'><strong><em>aestimarunt,</em></strong></span> <span class='ocrx_word' id='word_1_636' title='bbox 4136 4666 4205 4725; x_wconf 90' lang='lat' dir='ltr'><strong><em>et</em></strong></span> <span class='ocrx_word' id='word_1_637' title='bbox 4245 4658 4372 4724; x_wconf 90' lang='lat' dir='ltr'><strong><em>alio</em></strong></span> 
     </span>
     <span class='ocr_line' id='line_1_96' title="bbox 2424 4738 4373 4828; baseline 0.004 -26"><span class='ocrx_word' id='word_1_638' title='bbox 2424 4738 2653 4803; x_wconf 91' lang='lat' dir='ltr'><strong><em>ordine</em></strong></span> <span class='ocrx_word' id='word_1_639' title='bbox 2697 4759 2892 4823; x_wconf 91' lang='lat' dir='ltr'><strong><em>quam</em></strong></span> <span class='ocrx_word' id='word_1_640' title='bbox 2935 4740 3254 4808; x_wconf 87' lang='lat' dir='ltr'><strong><em>hactenus</em></strong></span> <span class='ocrx_word' id='word_1_641' title='bbox 3297 4740 3394 4805; x_wconf 91' lang='lat' dir='ltr'><strong><em>illi</em></strong></span> <span class='ocrx_word' id='word_1_642' title='bbox 3438 4741 3732 4819; x_wconf 85' lang='lat' dir='ltr'><strong><em>fecerint,</em></strong></span> <span class='ocrx_word' id='word_1_643' title='bbox 3779 4741 4035 4825; x_wconf 87' lang='lat' dir='ltr'><strong><em>aliaque</em></strong></span> <span class='ocrx_word' id='word_1_644' title='bbox 4078 4751 4145 4808; x_wconf 88' lang='lat' dir='ltr'><strong><em>et</em></strong></span> <span class='ocrx_word' id='word_1_645' title='bbox 4186 4765 4373 4828; x_wconf 88' lang='lat' dir='ltr'><strong><em>prae-</em></strong></span> 
     </span>
     <span class='ocr_line' id='line_1_97' title="bbox 2420 4823 4372 4912; baseline 0.004 -25"><span class='ocrx_word' id='word_1_646' title='bbox 2420 4823 2577 4888; x_wconf 87' lang='lat' dir='ltr'><strong><em>fecti</em></strong></span> <span class='ocrx_word' id='word_1_647' title='bbox 2622 4834 2688 4889; x_wconf 88' lang='lat' dir='ltr'><strong><em>et</em></strong></span> <span class='ocrx_word' id='word_1_648' title='bbox 2729 4824 3015 4891; x_wconf 90' lang='lat' dir='ltr'><strong><em>ministri</em></strong></span> <span class='ocrx_word' id='word_1_649' title='bbox 3067 4825 3188 4892; x_wconf 90' lang='lat' dir='ltr'><strong><em>loci</em></strong></span> <span class='ocrx_word' id='word_1_650' title='bbox 3243 4827 3819 4908; x_wconf 87' lang='lat' dir='ltr'><strong><em>circumspectione</em></strong></span> <span class='ocrx_word' id='word_1_651' title='bbox 3865 4830 4123 4912; x_wconf 86' lang='lat' dir='ltr'><strong><em>erogari</em></strong></span> <span class='ocrx_word' id='word_1_652' title='bbox 4164 4830 4372 4895; x_wconf 90' lang='lat' dir='ltr'><strong><em>iusse-</em></strong></span> 
     </span>
     <span class='ocr_line' id='line_1_98' title="bbox 2420 4910 4369 4996; baseline 0.003 -22"><span class='ocrx_word' id='word_1_653' title='bbox 2420 4917 2597 4974; x_wconf 88' lang='lat' dir='ltr'><strong><em>runt.</em></strong></span> <span class='ocrx_word' id='word_1_654' title='bbox 2663 4910 2908 4991; x_wconf 77' lang='lat' dir='ltr'><strong><em>Tertio,</em></strong></span> <span class='ocrx_word' id='word_1_655' title='bbox 2953 4910 3171 4977; x_wconf 91' lang='lat' dir='ltr'><strong><em>nullos</em></strong></span> <span class='ocrx_word' id='word_1_656' title='bbox 3213 4933 3530 4996; x_wconf 85' lang='lat' dir='ltr'><strong><em>pauperes</em></strong></span> <span class='ocrx_word' id='word_1_657' title='bbox 3574 4912 3644 4975; x_wconf 91' lang='lat' dir='ltr'><strong><em>in</em></strong></span> <span class='ocrx_word' id='word_1_658' title='bbox 3689 4911 3941 4996; x_wconf 91' lang='lat' dir='ltr'><strong><em>Ripalli</em></strong></span> <span class='ocrx_word' id='word_1_659' title='bbox 3983 4934 4124 4978; x_wconf 88' lang='lat' dir='ltr'><strong><em>esse</em></strong></span> <span class='ocrx_word' id='word_1_660' title='bbox 4167 4936 4369 4980; x_wconf 83' lang='lat' dir='ltr'><strong><em>xeno-</em></strong></span> 
     </span>
    </p>
   </div>
   <div class='ocr_carea' id='block_1_20' title="bbox 2421 5082 2828 5094">
    <p class='ocr_par' dir='ltr' id='par_1_23' title="bbox 2421 5082 2828 5094">
     <span class='ocr_line' id='line_1_99' title="bbox 2421 5082 2828 5094; baseline 0 1073"><span class='ocrx_word' id='word_1_661' title='bbox 2421 5082 2828 5094; x_wconf 95' lang='lat' dir='ltr'><strong><em> </em></strong></span> 
     </span>
    </p>
   </div>
   <div class='ocr_carea' id='block_1_21' title="bbox 2418 5196 4375 5409">
    <p class='ocr_par' dir='ltr' id='par_1_24' title="bbox 2418 5196 4375 5409">
     <span class='ocr_line' id='line_1_100' title="bbox 2451 5196 4375 5273; baseline 0.005 -23"><span class='ocrx_word' id='word_1_662' title='bbox 2451 5196 2583 5260; x_wconf 69' lang='grc'><strong><em>533.</em></strong></span> <span class='ocrx_word' id='word_1_663' title='bbox 2624 5198 2682 5265; x_wconf 91' lang='grc'><strong><em>1)</em></strong></span> <span class='ocrx_word' id='word_1_664' title='bbox 2722 5198 2874 5270; x_wconf 66' lang='lat' dir='ltr'><strong><em>My</em></strong></span> <span class='ocrx_word' id='word_1_665' title='bbox 2906 5200 3061 5255; x_wconf 75' lang='lat' dir='ltr'><strong><em>vicus</em></strong></span> <span class='ocrx_word' id='word_1_666' title='bbox 3092 5205 3172 5256; x_wconf 72' lang='lat' dir='ltr'><strong><em>eet</em></strong></span> <span class='ocrx_word' id='word_1_667' title='bbox 3203 5200 3265 5255; x_wconf 74' lang='lat' dir='ltr'><strong><em>in</em></strong></span> <span class='ocrx_word' id='word_1_668' title='bbox 3299 5216 3434 5269; x_wconf 74' lang='lat' dir='ltr'><strong><em>aqro</em></strong></span> <span class='ocrx_word' id='word_1_669' title='bbox 3461 5200 3810 5271; x_wconf 77' lang='lat' dir='ltr'><strong><em>Tononienci,</em></strong></span> <span class='ocrx_word' id='word_1_670' title='bbox 3848 5202 3991 5258; x_wconf 78' lang='lat' dir='ltr'><strong><em>sicut</em></strong></span> <span class='ocrx_word' id='word_1_671' title='bbox 4023 5207 4075 5257; x_wconf 83' lang='lat' dir='ltr'><strong><em>et</em></strong></span> <span class='ocrx_word' id='word_1_672' title='bbox 4096 5201 4375 5273; x_wconf 64' lang='lat' dir='ltr'><strong><em>Ripaazes</em></strong></span> 
     </span>
     <span class='ocr_line' id='line_1_101' title="bbox 2418 5268 3959 5409; baseline 0.005 -86"><span class='ocrx_word' id='word_1_673' title='bbox 2418 5268 2567 5339; x_wconf 68' lang='lat' dir='ltr'><strong><em>quoa</em></strong></span> <span class='ocrx_word' id='word_1_674' title='bbox 2598 5268 2754 5336; x_wconf 66' lang='lat' dir='ltr'><strong><em>infra</em></strong></span> <span class='ocrx_word' id='word_1_675' title='bbox 2786 5271 3036 5325; x_wconf 72' lang='lat' dir='ltr'><strong><em>ocem-it.</em></strong></span> <span class='ocrx_word' id='word_1_676' title='bbox 3803 5319 3816 5330; x_wconf 90' lang='lat'><strong><em>.</em></strong></span> <span class='ocrx_word' id='word_1_677' title='bbox 3857 5354 3959 5409; x_wconf 59' lang='lat'><strong><em>43·</em></strong></span> 
     </span>
    </p>
   </div>
  </div>
 </body>
</html>
