5050 6167
377 426 497 489 473

377 613 660 696 erigatis,
718 612 1163 692 consolemini,
1219 621 1299 679 ut
1351 615 1519 680 bono
1575 615 1713 681 sint
1754 616 1991 696 animo,
2051 619 2326 700 promit-

376 708 587 764 tentes
641 700 862 764 omnia
917 700 1082 765 haec
1135 699 1258 765 sibi
1314 702 1458 765 fieri
1516 699 1601 765 ad
1657 702 1960 780 salutem,
2018 703 2114 769 ita
2157 714 2233 769 ut
2274 705 2323 769 ii

375 786 464 851 sic
509 806 550 849 a
591 785 777 851 vobis
833 785 1106 850 animati
1163 787 1516 870 refectique
1567 787 1717 870 plus
1760 788 2120 871 voluptatis
2160 790 2325 854 acci-

373 870 558 954 piant
599 891 798 954 quam
842 872 1159 936 moeroris
1202 893 1285 936 ex
1337 873 1590 939 iactura
1631 893 1851 938 rerum
1897 874 2021 940 sibi
2063 876 2324 942 carissi-

371 977 646 1035 mm,
703 976 867 1039 quas
931 965 1199 1039 propter
1260 958 1673 1042 evangelium
1739 962 2004 1026 omnino
2058 963 2325 1026 fuerant

372 1042 695 1121 relicturi,
762 1061 899 1106 non
964 1062 1151 1108 secus
1218 1063 1295 1108 ac
1359 1043 1417 1107 si
1481 1063 1563 1108 ex
1629 1064 1871 1128 magna
1933 1054 2322 1130 tempestate

373 1129 580 1211 erepti
623 1128 694 1193 in
729 1128 1009 1211 aliquem
1047 1135 1306 1211 portum
1343 1150 1485 1194 sese
1521 1129 1937 1212 recepissent,
1983 1133 2092 1198 ubi
2130 1154 2319 1216 prae-

371 1214 600 1278 teritae
663 1213 1053 1281 calamitatis
1118 1215 1533 1279 immemores
1613 1235 1840 1281 secure
1906 1236 1982 1282 ac
2043 1218 2320 1285 feliciter
2397 1255 2404 1260 ·

370 1300 615 1364 vivant.
726 1298 845 1398 Sic
919 1300 1133 1398 enim·
1172 1301 1512 1367 consuevit
1573 1299 1902 1367 Dominus
1966 1324 2115 1369 cum
2181 1305 2319 1370 suis

362 1392 931 1554 ΐέιῗὶξιῗιέἒὲ
954 1405 1138 1554 3512
1117 1394 1700 1549 ¹⁸t‚²‘m‘{‚¹}-1913u2¹‹²1²33⁵’
1713 1395 2100 1540 Βὲἓέιίῗᾞ
2127 1397 2318 1541 ‘5531

361 1557 531 1632 ficet,
584 1565 660 1621 ut
714 1556 1043 1623 discamus
1086 1577 1208 1640 per
1247 1555 1429 1632 haec,
1486 1556 1609 1622 sub
1652 1578 1894 1642 magna
1932 1569 2317 1642 paupertate

362 1642 648 1720 divitias,
712 1642 836 1708 sub
900 1643 1156 1726 ingenti
1212 1642 1478 1707 miseria
1539 1664 1864 1708 summam
1919 1644 2314 1724 felicitatem,

360 1726 482 1795 sub
526 1727 679 1792 altis
719 1726 1047 1794 doloribus
1091 1728 1410 1794 laetitiam
1455 1728 1658 1793 latere
1703 1729 1806 1794 vel
1849 1730 2315 1812 incredibilem,

357 1812 657 1896 nihilque
699 1814 885 1879 nobis
928 1812 1153 1879 deesse
1206 1815 1319 1879 ubi
1361 1811 1548 1879 Deus
1599 1814 1881 1891 affuerit,
1941 1816 2056 1898 qui
2113 1837 2314 1899 quum

354 1899 568 1965 filium
625 1920 817 1964 suum
875 1899 1064 1964 nobis
1118 1899 1409 1977 donarit,
1477 1920 1694 1964 annon
1758 1900 2012 1983 reliqua
2074 1902 2313 1981 omnia,

359 1984 614 2057 coelum
660 1993 726 2049 et
771 1993 1012 2050 terram
1059 1985 1258 2049 etiam
1304 2004 1453 2050 cum
1497 1985 1610 2050 illo
1650 1994 1827 2051 recte
1862 1985 2102 2053 dicitur
2145 2008 2317 2053 com-

354 2071 745 2148 municasse,
790 2069 1205 2154 potissimum
1243 2091 1446 2153 quum
1479 2070 1537 2137 is
1575 2070 1749 2155 apud
1784 2080 2039 2155 patrem
2075 2074 2312 2156 sempi-

352 2164 588 2221 ternus
652 2177 772 2239 pro
839 2156 1025 2222 nobis
1099 2154 1552 2238 interpellator
1613 2157 1933 2223 exsistat?
2024 2159 2312 2224 Tantum

352 2240 543 2307 abest
586 2251 661 2306 ut
716 2262 1091 2319 vereamur,
1150 2262 1230 2306 ea
1286 2241 1474 2307 nobis
1531 2243 1806 2307 firmiter
1857 2263 2165 2310 concessa
2207 2245 2311 2311 vel

350 2325 704 2409 aliquando
757 2326 1078 2392 defutura.
1167 2326 1500 2391 Tenemur
1556 2328 1775 2410 itaque
1831 2328 2012 2395 vobis
2066 2329 2312 2413 duplici

349 2412 513 2491 iure,
574 2433 776 2495 quum
819 2415 976 2495 quia
1029 2414 1163 2476 iam
1204 2411 1461 2494 pridem
1505 2416 1905 2496 provocastis
1947 2436 2066 2481 nos
2110 2416 2311 2481 verbo

348 2499 653 2565 veritatis
695 2497 780 2564 ad
821 2499 1119 2576 salutem,
1173 2506 1248 2562 ut
1289 2498 1704 2582 evangelium
1764 2499 2014 2583 gloriae
2058 2498 2312 2566 Christi

345 2584 824 2668 reciperemus,
897 2593 1038 2649 tum
1107 2582 1308 2648 ctiam
1373 2582 1548 2666 quod
1611 2605 1805 2667 opere
1867 2586 2311 2672 complevistis

344 2669 499 2735 fidei
540 2683 801 2735 vestrae
841 2669 1284 2735 sinceritatem
1321 2688 1396 2733 ac
1431 2668 1861 2749 dilectionem,
1906 2672 2000 2737 ita
2033 2680 2112 2736 ut
2153 2671 2309 2737 facti

342 2756 494 2821 sitis
537 2756 751 2820 forma
845 2754 1122 2821 uaedam
1173 2775 1307 2837 qua
1361 2754 1529 2819 scire
1569 2756 1924 2838 possimus,
1981 2778 2114 2822 non
2170 2767 2308 2823 tam

344 2840 504 2923 quid
552 2839 791 2907 creden
839 2861 972 2919 um,
1026 2861 1221 2923 quam
1279 2839 1435 2921 quid
1489 2859 1642 2905 cum
1684 2842 1959 2907 caeteris
2002 2843 2307 2909 omnibus

341 2927 625 3009 posthac
689 2927 778 2992 sit
840 2926 1029 2992 nobis
1092 2924 1437 3010 agendum.
1541 2926 1676 2990 Pro
1733 2947 1863 3009 qua
1916 2946 1989 2991 rc
2047 2929 2304 3012 agimus

339 3013 490 3078 Deo
528 3012 782 3097 gratias
816 3013 1266 3095 sempiternas,
1303 3008 1477 3094 quod
1512 3010 1763 3077 dederit
1794 3012 1983 3077 nobis
2005 3012 2303 3079 homines

341 3097 438 3164 sic
479 3096 777 3165 eruditos
819 3107 1082 3180 tamque
1125 3098 1285 3181 pios,
1340 3097 1450 3178 qui
1494 3105 1793 3179 potentes
1837 3098 1972 3163 sint
2014 3118 2090 3163 ac
2133 3120 2304 3164 sem·

336 3204 459 3266 per
503 3184 742 3267 parati,
786 3182 1031 3248 nedum
1067 3202 1231 3248 sana
1273 3179 1568 3248 doctrina
1601 3203 1724 3248 nos
1767 3184 2105 3248 instituere
2150 3184 2302 3249 hor·

337 3271 625 3354 tarique,
681 3277 748 3335 et
788 3269 900 3351 qui
953 3267 1137 3333 illam
1180 3268 1622 3350 oppugnarint
1660 3268 1850 3335 facile
1892 3269 2300 3349 convincere,

336 3354 454 3422 sed
494 3357 701 3422 etiam
736 3354 1029 3420 caritatis
1057 3351 1574 3436 promptitudine
1594 3374 1669 3419 ac
1691 3374 1984 3420 summae
2004 3355 2301 3440 benig-ni-

335 3442 501 3508 tatis
545 3441 914 3506 ministerio
957 3439 1288 3505 liberrime
1341 3440 1441 3503 uti
1486 3458 1643 3522 erga
1685 3448 1940 3506 sanctos
1981 3441 2132 3519 Dei,
2190 3442 2302 3523 qui

335 3526 812 3594 contumeliam
857 3526 1203 3609 patiuntur
1256 3539 1521 3607 propter
1563 3523 1921 3591 Christum.
2006 3525 2088 3590 Id
2127 3526 2300 3609 quod

335 3633 551 3695 quum
607 3611 950 3680 vinculum
1006 3610 1419 3694 perfectionis
1475 3609 1729 3676 dicatur
1769 3633 1940 3690 esse,
1999 3632 2074 3676 eo
2129 3611 2301 3695 quod

334 3698 648 3764 homines
715 3718 868 3764 vere
929 3697 1166 3781 iungat
1217 3695 1609 3778 eosdemque
1665 3706 1976 3779 perpetuo
2035 3704 2300 3763 tueatur

333 3793 538 3867 atque
585 3784 932 3849 unanimffl
975 3790 1211 3859 servet,
1266 3801 1399 3848 non
1441 3789 1543 3847 est
1584 3782 1824 3847 mirum
1868 3804 1985 3847 vos
2029 3804 2069 3848 a
2109 3782 2299 3849 nobis

333 3869 586 3936 idcirco
641 3883 778 3934 tam
832 3868 1108 3933 mirifice
1163 3867 1369 3951 diligi,
1427 3868 1616 3933 unice
1675 3868 2028 3945 observari,
2084 3876 2151 3933 et
2193 3889 2298 3932 ar-

331 3954 580 4021 denter
623 3957 850 4033 amari,
909 3965 1173 4037 tamque
1214 3954 1421 4020 vestri
1463 3953 1596 4016 iam
1639 3975 1757 4020 nos
1800 3953 2121 4020 studiosos
2164 3953 2298 4020 fac-

331 4047 436 4106 tos
482 4062 653 4108 esse.
744 4040 851 4105 Ita
891 4039 1077 4105 Deus
1131 4040 1295 4104 faxit
1349 4046 1428 4104 ut
1480 4039 1677 4105 etiam
1734 4040 1903 4104 facto
1953 4038 2022 4103 id
2069 4040 2299 4105 testari

326 4127 688 4209 possimus,
769 4147 968 4210 quam
1044 4123 1472 4189 libentissime
1550 4122 1961 4190 traderemus
2046 4125 2300 4189 animas

329 4223 604 4278 nostras
659 4232 778 4294 pro
833 4210 1036 4277 vobis.
1127 4212 1222 4275 At
1281 4230 1419 4288 vos,
1486 4230 1648 4292 quos
1691 4211 2018 4276 Dominus
2082 4211 2301 4293 posuit

325 4296 414 4362 ad
449 4296 826 4365 custodiam
861 4316 1061 4379 super
1094 4315 1363 4380 gregem
1399 4316 1609 4373 suum,
1647 4293 2000 4378 advigilate
2032 4296 2298 4360 interim

327 4391 396 4448 et
431 4392 662 4449 arcete
697 4382 886 4466 lupos
909 4382 1020 4465 qui
1042 4382 1280 4465 ubique
1305 4379 1411 4446 hic
1445 4381 1809 4460 imminent,
1848 4403 1929 4446 ne
1965 4381 2058 4447 sic
2094 4380 2300 4446 libere

325 4477 719 4536 crassentur
744 4471 804 4550 ²)
847 4487 923 4533 ac
979 4466 1246 4533 omnino
1290 4465 1606 4531 devorent
1646 4488 1803 4533 oves
1855 4468 2015 4544 eius,
2071 4467 2298 4532 simul-

324 4575 454 4637 que
539 4553 897 4636 expendite
947 4563 1189 4636 quanto
1268 4549 1644 4617 adiumento
1696 4561 2066 4635 quantoque
2144 4553 2296 4616 usui

323 4639 543 4706 futuri
592 4640 752 4706 estis
796 4640 853 4705 si
895 4637 1257 4716 volueritis,
1301 4637 1821 4721 quandoquidem
1857 4638 2119 4722 egregie
2155 4659 2298 4703 coe·

322 4728 542 4809 pistis,
611 4725 858 4810 gloriae
900 4724 1147 4790 Christi
1193 4723 1669 4807 propagandae,
1717 4745 1916 4807 quam
1961 4723 2134 4806 apud
2179 4744 2298 4788 nos

321 4812 418 4878 ita
473 4820 853 4896 promotam
907 4810 1235 4888 videmus,
1296 4818 1372 4874 ut
1427 4810 1696 4875 omnino
1753 4808 2149 4893 sperandum
2189 4809 2294 4886 sit,

323 4899 745 4982 approbante
808 4897 1106 4972 Christo,
1170 4896 1358 4962 vobis
1423 4915 1705 4978 quoque,
1778 4896 1892 4979 qui
1956 4896 2294 4962 nobiscum

323 4985 486 5051 socii
543 4984 711 5049 estis
771 4981 1189 5065 eiusdemque
1247 4981 1525 5047 foederis
1577 4993 1928 5060 consortes,
1987 4981 2059 5046 in
2103 5002 2182 5046 ea
2224 5002 2295 5045 re

320 5068 737 5147 iuvantibus,
782 5069 855 5133 in
897 5077 1187 5135 veterem
1230 5066 1413 5132 illam
1448 5067 1820 5133 libertatem
1856 5077 2050 5150 atque
2086 5065 2297 5152 digni-

535 5343 605 5409 2)
644 5341 740 5398 sic.

2080 433 2244 495 1542
2288 430 2697 500 DEGEMB.

4255 451 4384 514 474

2431 628 2638 686 tatem
2682 623 3078 690 vindicatam
3120 647 3261 692 esse
3305 647 3380 693 ac
3423 648 3627 713 prope
3666 633 4058 698 restitutam.
4144 636 4381 703 Valete

2429 708 2501 771 in
2545 709 2853 790 Domin0‚
2899 730 3092 793 quem
3139 732 3255 795 pro
3297 713 3487 778 nobis
3530 723 3770 798 rogate,
3814 718 4005 784 sicuti
4041 740 4159 802 pro
4194 722 4379 787 vobis

2428 793 2687 877 agimus
2731 817 2866 860 non
2909 798 3119 862 inviti.
3207 797 3497 877 Fratres,
3555 807 3689 865 tam
3747 804 3857 885 qui
3900 824 3941 867 a
3982 805 4171 871 vobis
4223 817 4380 872 sunt

2430 879 2810 946 humaniter
2860 883 3125 965 recepti,
3182 902 3375 966 quam
3431 885 3546 967 qui
3601 886 3800 953 isthic
3853 889 3957 972 pie
4013 891 4253 956 vivunt
4305 894 4377 958 in

2428 965 2713 1065 Christo,
2759 988 2869 1034 eos
2911 969 3197 1033 maxime
3240 970 3352 1052 qui
3407 969 3710 1037 laborant
3759 973 3829 1038 in
3874 975 4075 1041 verbo
4116 985 4185 1042 et
4226 977 4376 1045 doc-

2426 1061 2629 1132 trina,
2695 1055 2902 1120 nostri
2968 1056 3260 1120 omnium
3327 1056 3595 1121 nomine
3657 1060 3854 1123 etiam
3918 1069 4113 1144 atque
4176 1064 4375 1130 etiam

2424 1138 2722 1205 salutate.
2770 1140 2981 1206 Datae
3009 1141 3310 1206 Venetiis
3345 1141 3480 1225 viij.
3511 1141 3672 1208 Idus
3706 1144 3892 1210 xbris
3912 1145 4005 1211 M.
4037 1148 4120 1213 D.
4149 1148 4374 1215 XLII.

2941 1275 3255 1343 Universi
3293 1278 3530 1344 statres
3569 1278 3879 1345 ecclesiae
3920 1282 4371 1364 Venetiamm,

2938 1361 3300 1441 vicentiae,
3338 1365 3633 1445 Tervisii,
3672 1367 3857 1432 vobis
3891 1366 4294 1436 deditissimi.
4313 1372 4372 1455 ⁸)

3288 1645 3525 1652 *ἑᾷ-
3550 1645 3601 1651 φ...

3324 1861 3481 1933 439.

2902 1995 3366 2067 CALVINUS
3409 2000 3869 2068 FARELLO.

2591 2167 2885 2235 Breviter
2905 2174 3145 2235 tantum
3174 2172 3334 2237 inter
3366 2172 3823 2239 lucubrationes
3841 2175 4062 2241 varias
4073 2179 4366 2258 proxime

2416 2255 2823 2322 absolvendas
2845 2275 2971 2337 pro
3003 2260 3268 2338 tempore
3288 2278 3411 2339 per
3426 2261 3800 2325 occasionem
3832 2259 4059 2325 scribit.
4111 2261 4365 2328 Literas

2417 2341 2664 2407 Farelli
2706 2341 2927 2425 cupide
2970 2346 3294 2425 exspectat.

2415 2512 2529 2579 (Ex
2565 2511 2902 2583 autographo
2938 2512 3067 2567 Cod.
3105 2512 3340 2651 Gothagi
3375 2511 3495 2649 ³224),
3530 2512 3624 2568 fol.
3657 2512 3745 2568 27.
3800 2514 3897 2568 Ed.
3923 2515 4356 2570 Bretschneider.

2409 2769 2831 2837 Fidelissimo
2894 2790 3085 2837 servo
3143 2769 3392 2837 Christi
3456 2770 3659 2837 Guill.
3718 2770 3981 2837 Farello
4042 2771 4233 2857 isratri
4290 2780 4360 2839 et

2954 2856 3241 2941 collegae
3281 2877 3427 2922 meo
3466 2856 3818 2922 carissimo.

2580 2993 2809 3076 Nuper
2881 3014 3086 3076 quum
3162 2995 3479 3060 nuncium
3542 2994 3626 3060 ad
3689 3003 3753 3061 te
3813 2994 4078 3060 missuri
4140 3003 4360 3062 essent

2407 3078 2915 3158 Neocomenses,
2998 3079 3208 3145 Vireto
3279 3088 3345 3145 et
3410 3079 3645 3146 Iacobo
3716 3079 3902 3145 Gallo
3962 3078 4354 3147 indicarunt.

2407 3164 2555 3249 Ego
2594 3172 2817 3229 autem
2870 3163 3002 3229 illis
3043 3185 3176 3230 non
3210 3164 3392 3230 visus
3447 3186 3597 3230 sum
3643 3164 3882 3249 dignus
3926 3166 4112 3232 cuius
4152 3167 4355 3234 ratio-

2405 3271 2560 3315 nem
2618 3250 2956 3316 haberent.
3043 3249 3438 3332 Quanquam
3491 3250 3623 3315 illis
3679 3249 3867 3315 facile
3923 3250 4187 3335 ignosco
4244 3251 4355 3319 vel

2403 3336 2486 3401 ob
2531 3335 2703 3402 hanc
2756 3355 3025 3401 causam
3069 3356 3234 3417 quae
3277 3355 3454 3401 nunc
3495 3357 3602 3402 me
3644 3335 3820 3420 cogit
3856 3334 4198 3402 brevitatis
4238 3360 4354 3406 ve-

2405 3422 2583 3486 niam
2629 3421 2745 3487 abs
2785 3430 2850 3486 te
2902 3430 3142 3506 petere.
3231 3421 3584 3488 Distrahor
3638 3423 3833 3500 enim,
3890 3430 3967 3486 ut
4020 3424 4224 3488 nosti:
4282 3425 4355 3488 in

2403 3506 2788 3591 corrigendo
2845 3507 3037 3572 Novo
3096 3508 3513 3573 Testamento
3578 3529 3725 3573 sum
3781 3513 4152 3590 occupatus,
4182 3507 4229 3594 ¹)
4289 3517 4357 3575 et

2403 3592 2677 3658 Alberto
2703 3592 2929 3677 Piyhio
2952 3592 3330 3676 respondeo,
3369 3595 3478 3676 qui
3516 3614 3832 3678 mag-num
3866 3594 3938 3658 in
3961 3614 4079 3659 nos
4112 3592 4353 3659 librum

2402 3676 2609 3743 edidit
2662 3679 2732 3743 in
2787 3700 2914 3761 quo
2955 3701 3062 3743 me
3105 3680 3490 3744 nominatim
3531 3686 3846 3763 provocat
3896 3700 3972 3745 ac
4024 3679 4149 3743 sibi
4190 3680 4355 3763 petit

2402 3773 2559 3828 anta
2606 3765 2906 3829 onistam.
3016 3765 3226 3847 Cupio
3293 3773 3511 3830 autem
3576 3766 3834 3831 efficere
3898 3772 3975 3828 ut
4036 3766 4353 3848 proximis

2401 3786 2720 3915 nunginis
2776 3858 2968 3914 exeat
3024 3851 3379 3933 responsio.
3405 3854 3461 3932 ²)
3558 3851 3745 3917 Haec
3798 3851 3943 3933 ipsa
3996 3870 4195 3916 causa
4250 3857 4351 3917 est

2402 3956 2521 4001 cur
2559 3935 2871 4000 fratribus
2898 3935 2954 4020 ⁸)
2990 3936 3158 4000 nihil
3193 3937 3492 4014 scribam,
3537 3955 3913 4019 quanquam
3946 3942 4091 4001 tuto
4124 3957 4350 4019 super-

2402 4020 2628 4087 sedere
2669 4041 2930 4104 possum
2990 4023 3102 4088 ubi
3162 4029 3233 4086 tu
3280 4020 3451 4087 ades.
3542 4019 4086 4086 Exhortationem
4130 4028 4350 4087 tamen

2403 4107 2688 4190 aliquam
2732 4126 2773 4170 a
2815 4127 2921 4172 me
2967 4107 3380 4186 habuissent,
3438 4107 3565 4172 nisi
3620 4107 3906 4172 obstaret
3957 4105 4132 4189 quod
4183 4106 4347 4173 dico.

2616 4264 2803 4272 ἡὴ..

2610 4365 2669 4426 3)
2708 4366 2889 4420 Iidem
2916 4368 3120 4432 paucis
3156 4363 3347 4419 diebus
3379 4371 3544 4420 cmm
3584 4363 3700 4418 scil.
3734 4380 3787 4417 α.
3823 4362 3878 4417 d.
3921 4362 4022 4418 VI.
4060 4360 4177 4417 Gal.
4213 4363 4343 4418 Dec.

2402 4435 2610 4488 similia
2643 4435 2720 4489 ad
2756 4433 3065 4490 Lathon-um
3098 4436 3473 4503 scripse-ame,
3516 4439 3763 4501 petentes
3804 4438 3871 4486 ut
3917 4431 4185 4486 Germami
4224 4433 4344 4500 pri-

2402 4504 2554 4572 cipes
2599 4519 2708 4572 pro
2754 4505 2895 4572 ipsis
2939 4504 3285 4559 mercedum
3328 4504 3487 4572 apud
3529 4509 3779 4556 senatum
3820 4500 4099 4555 me.
4175 4499 4348 4555 Cuius

2402 4588 2431 4625 e
2467 4573 2662 4626 istolae
2697 4579 2880 4640 autor,
2929 4579 2994 4627 ut
3024 4573 3286 4640 {massis
3321 4578 3371 4626 et
3404 4572 3590 4640 huius,
3640 4572 3751 4638 fuit
3797 4571 4104 4625 Balthasar
4144 4568 4347 4625 Altieri

2459 4642 2726 4709 quilensis
2762 4642 3188 4710 Neapolitanus.
3262 4641 3344 4708 Cf.
3395 4640 3740 4706 Seckendorf
3775 4640 3901 4695 ΙΙΙ.
3937 4638 4058 4693 401.
4128 4638 4348 4693 M‘Grie

2397 4729 2456 4778 p.
2495 4712 2564 4763 93
2600 4727 2673 4765 ss.
2745 4711 3031 4765 Gaeterwm
3064 4712 3179 4764 iam
3214 4711 3425 4764 dudum
3466 4710 3709 4764 Venetiis
3746 4715 3798 4763 et
3831 4707 4070 4764 Lutheri
4115 4712 4165 4762 et
4208 4708 4343 4761 Hel-

2401 4780 2672 4834 vetiorum
2706 4782 2919 4848 scripta
2952 4796 3133 4834 semen
3166 4780 3437 4848 evangelii
3476 4780 3678 4846 purius
3723 4778 3953 4832 docendi
4000 4782 4343 4846 sparserant,

2401 4850 2550 4916 quod
2577 4849 2841 4917 pluribus
2884 4848 3259 4903 dmonstrant
3294 4849 3513 4908 M‘Crie
3549 4863 3614 4915 p.
3661 4846 3731 4900 88
3776 4862 3849 4901 ss.
3921 4846 4130 4901 Gentes
4169 4846 4347 4900 Italia

2399 4919 2614 5041 '13'pr
2660 4917 2772 5040 {35
2798 4917 2938 4973 Vide
2986 4925 3036 4973 et
3080 4918 3237 4985 ΕΜ).
3285 4917 3523 4972 Lutheri
3568 4932 3660 4984 ap.
3710 4915 3799 4969 De
3841 4915 4009 4970 Wette
4053 4914 4178 4969 ΙΙΙ.
4223 4914 4343 4968 289.

2434 5055 2571 5115 43⁹.
2616 5057 2667 5112 1)
2706 5055 2864 5109 Hinc
2897 5055 3103 5123 aliquis
3149 5054 3414 5109 coniicere
3454 5059 3635 5122 posset
3680 5053 3869 5108 Biblia
3948 5051 4111 5107 allica
4157 5051 4345 5105 saitem

2401 5130 2531 5178 ante
2564 5142 2615 5177 α.
2662 5125 2791 5178 1543
2829 5124 3050 5178 Caluini
3083 5140 3309 5178 mamm
3343 5139 3458 5177 non
3489 5124 3738 5177 sensisse.
3811 5123 3884 5178 Se
3958 5121 4177 5175 illorum
4219 5120 4345 5186 lata

2400 5194 2693 5248 cimmeriis
2727 5193 2911 5247 adhuc
2943 5194 3180 5247 tenebris
3213 5193 3469 5247 obvoluta

2606 5263 2668 5322 2)
2712 5262 2853 5316 Vide
2878 5264 3267 5331 proleyomena
3298 5267 3491 5316 nostra
3521 5262 3586 5315 in
3627 5261 3688 5314 T.
3731 5259 3831 5315 VI.
3865 5277 3920 5329 p.
3956 5257 4040 5314 23.

2605 5332 2664 5402 3)
2700 5332 3058 5387 Meton-sibus.
