5050 6167
272 380 277 385 ’
400 395 515 459 21⁷

1290 600 1444 674 ³⁰0.

867 736 1342 807 CALVINUS
1394 740 1858 809 PARELLO.

562 909 740 975 Idem
783 916 1220 997 arqumentum
1263 915 1676 979 continuatur.

392 1081 497 1147 (Ex
547 1088 775 1152 autogr·
814 1082 886 1137 ho
935 1084 1078 1139 Bibl.
1138 1085 1342 1140 Genov.
1401 1084 1534 1139 Cod.
1590 1083 1709 1151 106,
1758 1085 1852 1139 fol.
1898 1083 1982 1138 63.
2030 1084 2182 1138 Alibi
2226 1084 2340 1137 MS.

391 1160 748 1344 ὲᾞῗζῗξ
804 1169 1147 1293 afim?
1188 1156 1451 1289 33⁶3:ss
1485 1152 1920 1292 ῗῖἕῖᾎξὲιῗὲς
1955 1152 2341 1302 {1⁸3⁸·‚‚¹f²·2{3t

634 1291 865 1344 ersionis
900 1296 1060 1346 autor
1096 1293 1379 1362 exemplar
1412 1292 1782 1346 authenticum
1819 1308 1926 1346 non
1962 1290 2137 1358 vidit.)

557 1476 828 1562 Optimo
879 1490 947 1544 et
995 1479 1421 1565 integerrimo
1476 1480 1624 1546 viro
1679 1479 1763 1546 G.
1820 1479 2085 1545 Farello
2148 1478 2339 1544 tratri

385 1584 531 1629 meo
576 1563 995 1632 dilectissimo
1039 1567 1506 1632 Neoeomensis
1546 1565 1855 1632 eeclesiae
1898 1564 2160 1649 pastori.

556 1699 850 1766 Nuncius
906 1700 1012 1768 die
1066 1723 1202 1768 uno
1257 1703 1470 1769 serius
1527 1702 1689 1769 abiit
1740 1721 1936 1785 quam
1995 1701 2334 1786 putabam:

382 1786 489 1851 hic
524 1785 663 1852 dies
706 1786 893 1853 nobis
948 1787 1194 1871 aliquid
1252 1788 1521 1872 peperit.
1618 1788 2083 1854 Granvellanus
2131 1809 2335 1871 quum

380 1893 563 1956 spem
607 1893 867 1938 omnem
903 1895 1024 1939 suo
1067 1895 1383 1958 responso
1426 1874 1667 1939 nostris
1704 1874 2108 1953 abscidisset,
2151 1883 2335 1958 post-

380 1979 577 2042 quam
655 1958 737 2023 de
812 1958 1003 2024 Ekcii
1076 1961 1423 2044 apoplexia
1455 1966 1502 2040 1)
1585 1957 1873 2038 audivit,
1950 1961 2118 2026 forte
2183 1961 2336 2043 quia

377 2044 556 2111 illius
609 2043 896 2111 hominis
949 2045 1510 2129 importunitatem
1561 2066 1887 2111 remoram
1952 2046 2335 2113 concordiae

366 2131 618 2195 afferre
680 2131 1026 2211 cernebat,
1089 2133 1287 2197 iussit
1364 2131 1648 2198 Pistorio
1724 2153 1982 2215 quoque
2068 2132 2334 2198 excluso

376 2217 666 2300 reliquos
708 2228 987 2299 quatuor
1028 2217 1205 2282 inter
1248 2239 1318 2283 se
1360 2218 1604 2300 absque
1639 2218 1904 2283 arbitris
1927 2217 2330 2283 consultare:

375 2313 697 2385 quantum
740 2303 925 2386 potui
947 2303 1335 2387 intelligere,
1375 2303 1433 2368 si
1455 2324 1749 2369 essemus
1772 2301 2042 2368 dimidio
2064 2303 2333 2368 Christo

375 2389 687 2466 contenti,
731 2389 921 2454 facile
956 2391 1489 2472 transigeremus.
1561 2389 1906 2471 Philippus
1940 2398 2008 2453 et
2039 2388 2332 2453 Bucerus

372 2475 696 2540 formulas
722 2474 803 2539 de
830 2474 1567 2540 transsubstantiatione
1590 2482 2103 2558 composuerunt
2124 2475 2329 2540 ambi-

371 2580 541 2643 guas
585 2569 656 2625 et
695 2561 1048 2643 fucosas.²)
1093 2572 1170 2624 ut
1213 2569 1551 2626 tentarent
1606 2582 1692 2626 au
1746 2560 2141 2626 adversariis
2182 2581 2330 2643 pos-

371 2654 526 2713 sent
579 2647 954 2712 satisfacere
1006 2645 1173 2710 nihil
1227 2646 1465 2711 dando.
1567 2645 1937 2713 Consilium
1993 2645 2117 2712 hoe
2168 2645 2330 2711 mihi

370 2751 510 2796 non
548 2731 780 2815 placet,
816 2732 1080 2796 tametsi
1102 2734 1425 2796 rationem
1446 2731 1693 2799 habent
1712 2753 1909 2815 quam
1932 2742 2326 2816 sequuntur:

368 2826 645 2902 sperant
685 2818 859 2881 enim
906 2818 1060 2895 fore,
1106 2826 1181 2882 ut
1223 2817 1404 2883 brevi
1450 2817 1613 2883 haee
1657 2828 1889 2901 sponte
1936 2818 2328 2895 elucescant,

366 2905 419 2968 si
458 2903 831 2987 patefactus
866 2904 993 2967 erit
1026 2902 1246 2968 aditus
1280 2902 1634 2969 doetrinae.
1699 2903 1934 2986 Itaque
1961 2903 2329 2968 transsilire

362 2988 647 3067 malunt,
693 3008 816 3054 nee
858 2987 1416 3072 flexiloquentiam
1460 2990 1655 3055 istam
1709 2988 2156 3067 reformidant,
2199 3008 2330 3072 qua

362 3075 538 3140 nihil
582 3073 874 3158 alioquin
919 3095 1060 3140 esse
1095 3076 1443 3141 nocentius
1476 3082 1726 3159 potest:
1773 3074 2084 3158 polliceor
2104 3082 2329 3139 tamen

361 3169 431 3225 et
466 3160 593 3226 tibi
635 3169 703 3225 et
744 3161 873 3243 piis
907 3161 1233 3238 omnibus,
1280 3170 1632 3244 utrumque
1655 3163 1901 3244 optimo
1922 3180 2065 3227 esse
2088 3161 2326 3239 animo,

360 3268 486 3314 nec
556 3245 736 3312 aliud
810 3247 1099 3331 cogitare
1176 3266 1373 3330 quam
1439 3256 1515 3312 ut
1575 3255 2011 3332 promoveant
2072 3245 2327 3313 Christi

360 3353 670 3418 regnum.
758 3331 900 3398 Nee
944 3332 1153 3415 possis
1194 3331 1278 3397 ab
1334 3332 1469 3397 illis
1521 3331 1879 3416 quidquam
1935 3330 2325 3411 desiderare,

356 3418 541 3503 quod
585 3440 717 3483 non
757 3416 1041 3484 fideliter
1074 3427 1142 3482 et
1175 3426 1550 3484 constanter
1584 3424 1938 3504 praestent,
1989 3417 2119 3483 nisi
2195 3418 2324 3484 uod

358 3508 430 3570 in
498 3504 695 3570 modo
767 3503 1003 3589 agendi
1073 3525 1143 3569 se
1208 3505 1488 3589 tempori
1552 3505 1750 3571 nimis
1815 3523 2099 3571 aecomm
2189 3513 2322 3570 ant.

357 3590 548 3658 Male
610 3598 830 3654 autem
894 3611 1003 3654 me
1066 3587 1267 3656 habet
1320 3588 1492 3673 quod
1555 3590 1849 3657 Bucerus
1920 3588 2175 3657 invidia
2252 3612 2324 3656 se

356 3675 542 3761 apud
585 3675 827 3741 multos
869 3682 1120 3759 gravet.
1192 3672 1371 3756 Quia
1413 3676 1537 3742 sibi
1581 3686 1684 3742 est
1725 3676 1971 3760 optime
2006 3676 2322 3756 conscius,

356 3763 657 3830 securior
711 3770 816 3826 est
872 3782 1069 3844 quam
1123 3761 1287 3826 utile
1342 3762 1446 3827 sit.
1535 3763 1767 3845 Neque
1812 3761 1988 3827 enim
2031 3761 2127 3827 sie
2168 3783 2324 3828 eon-

356 3848 537 3914 tenti
579 3866 722 3913 esse
767 3845 1078 3912 debemus
1119 3847 1558 3913 conscientiae
1600 3848 2016 3932 integritate,
2073 3855 2149 3912 ut
2193 3869 2324 3913 non

356 3934 727 3999 habeamus
790 3933 1069 3997 fratrum
1132 3943 1532 4016 respectum:
1595 3933 1710 3998 sed
1783 3932 1947 3998 haee
2014 3932 2188 4016 apud
2259 3941 2323 3998 te

359 4019 608 4097 defleo,
664 4019 757 4081 mi
804 4017 1082 4098 Farelle,
1138 4018 1287 4083 vide
1341 4039 1499 4103 ergo
1551 4040 1636 4084 ne
1706 4020 1996 4085 effluant.
2094 4018 2322 4085 Unum

358 4107 508 4185 hoc,
557 4113 635 4169 ut
676 4104 749 4168 in
793 4103 1014 4182 malis,
1070 4104 1234 4167 mihi
1281 4113 1548 4188 gratum
1591 4113 1707 4185 est,
1770 4102 1943 4187 quod
1986 4125 2180 4169 nemo
2223 4114 2323 4170 est

357 4193 477 4276 qui
545 4189 1009 4256 vehementius
1078 4210 1255 4254 nune
1319 4199 1572 4274 pugnet
1625 4199 1856 4258 contra
1909 4191 2321 4274 impanatum

357 4279 615 4355 Deum,
672 4296 872 4359 quam
926 4275 1326 4359 Brentius.⁸)
1426 4276 1540 4343 Sic
1599 4279 1776 4343 enim
1832 4275 1974 4361 ipse
2017 4276 2320 4360 appellat.

356 4363 535 4431 Nolo
588 4362 808 4445 plura,
867 4382 996 4444 quo
1052 4361 1309 4427 avidius
1363 4383 1584 4428 meum
1650 4362 1736 4428 ad
1789 4383 1906 4428 vos
1962 4361 2319 4427 adventum

358 4448 714 4526 desideres,
761 4456 837 4512 ut
877 4448 1023 4512 istis
1067 4446 1554 4513 narrationibus
1589 4469 1782 4515 aures
1816 4457 1964 4513 tuas
2000 4446 2315 4532 expleam.

358 4536 553 4613 Vale,
598 4533 693 4598 mi
735 4533 978 4615 optime
1018 4533 1236 4597 frater.
1327 4531 1561 4599 Saluta
1602 4556 1828 4600 omnes
1871 4542 2126 4600 nostros
2171 4533 2319 4599 dili-

444 4630 615 4686 nter.
708 4618 1016 4684 Fredlms
1030 4618 1088 4703 ⁴)
1134 4627 1203 4683 et
1238 4618 1589 4698 Masada-s,
1645 4630 1716 4686 et
1755 4621 2065 4686 Brentius
2107 4628 2171 4685 te
2215 4640 2318 4687 sa-

385 4715 604 4782 utant,
648 4704 780 4769 imo
826 4724 1093 4787 prorsus
1137 4725 1384 4770 omnes.
1474 4705 1897 4789 Ratisponae.

538 4789 794 4867 Ekoius,
838 4798 916 4855 ut
957 4790 1160 4869 aiunt,
1206 4789 1644 4857 convalescet:
1689 4792 1982 4857 nondum
2032 4801 2321 4856 meretur

392 5049 533 5111 8⁰9.
570 5048 629 5107 1)
666 5046 844 5127 «1210.
880 5046 1047 5140 Bfaii.
1120 5044 1287 5115 Gorp.
1322 5045 1450 5114 Res.
1487 5046 1597 5101 IV.
1634 5045 1753 5100 280.
1790 5046 1905 5101 306.

511 5258 532 5269 -
569 5116 630 5245 ἒ)
659 5113 1338 5239 {abgassoevffibffsq‘vocatus
1383 5200 1500 5239 non
1548 5184 1652 5240 diu
1695 5182 1897 5251 adfuit.

358 5272 417 5309 οι.
456 5255 630 5323 Jaqcr
664 5253 757 5307 11.
796 5252 910 5308 104.
983 5253 1043 5307 0.
1080 5251 1207 5319 Ref.
1242 5254 1354 5309 IV.
1391 5254 1540 5321 265.)

569 5324 629 5391 4)
663 5320 815 5377 Edd.
851 5321 1020 5377 male:
1058 5323 1330 5377 Freithus.

1968 5184 2320 5252 (Har-mam

2184 404 2342 465 1541
2391 397 2629 466 MAII.

4271 405 4398 469 218

2445 585 2739 653 mundus
2778 587 2911 653 ista
2943 585 3152 653 bestia
3184 586 3467 657 liberari.
3530 587 3887 655 Exciderat
3918 589 4093 672 quod
4126 590 4400 658 minime

2445 673 2876 757 praeteritum
2929 674 3229 757 oportuit.
3328 675 3552 742 Habet
3601 675 3684 739 D.
3746 673 4028 741 Maurus
4077 675 4399 742 famulum

2445 760 2558 842 qui
2603 758 2956 842 aliquando
2999 759 3388 845 Ludoviffl)
3432 769 3500 825 et
3541 759 3701 825 mihi
3750 762 4027 826 servivit
4076 760 4394 843 Basileae,

2444 846 2728 929 probum
2781 847 3124 923 iuvenem,
3191 847 3401 912 fidum
3457 853 3526 912 et
3579 844 3961 912 modestum.
4051 847 4176 912 Ille
4240 856 4396 914 ante

2445 951 2654 996 annos
2675 931 2983 1015 quinque,
3029 953 3234 1014 quum
3266 929 3737 1016 propemodum
3771 953 3935 1015 puer
3967 942 4157 1011 esset,
4191 935 4398 1000 inscio

2446 1026 2668 1099 patre,
2734 1017 2911 1082 inter
2975 1018 3207 1101 poeula
3273 1018 3535 1102 puellae
3612 1017 3991 1103 coniugium
4067 1019 4393 1101 promisit:

2442 1122 2649 1184 quum
2704 1111 2893 1186 pater
2949 1123 3022 1167 re
3062 1103 3353 1170 indicata
3405 1104 3844 1179 reclamasset,
3909 1104 4168 1169 iuvenis
4226 1103 4397 1169 dixit

2444 1187 2572 1253 sibi
2615 1189 2815 1253 fuisse
2859 1189 3253 1272 impositum.
3342 1190 3446 1254 Re
3498 1188 3671 1254 male
3713 1190 3994 1273 cognita,
4050 1191 4237 1271 peius
4280 1211 4397 1255 ex-

2443 1293 2670 1357 pensa,
2707 1274 3224 1356 pronunciarunt
3245 1276 3446 1340 vestri
3481 1274 3747 1350 iudices,
3773 1285 4000 1340 autore
4023 1273 4394 1353 Marcmio,

2444 1368 2664 1424 ratum
2709 1357 2943 1424 debere
2979 1380 3122 1424 esse
3164 1362 3560 1444 coniugium.
3649 1360 3792 1439 Ille,
3837 1370 3915 1425 ut
3957 1360 4128 1426 hane
4172 1382 4395 1427 neces-

2443 1446 2707 1510 sitatem
2787 1446 3138 1530 effugeret,
3216 1447 3431 1528 patria
3498 1447 3709 1512 cessit.
3816 1447 4010 1512 Nunc
4075 1448 4393 1512 nuncium

2442 1530 2693 1613 accepit
2735 1529 2816 1596 de
2860 1540 3069 1596 morte
3125 1533 3363 1614 patris,
3419 1530 3536 1596 sed
3586 1530 3783 1597 simul
3838 1531 4187 1596 hortantur
4241 1553 4396 1597 eum

2442 1615 2581 1695 sui,
2635 1625 2712 1681 ut
2755 1616 3042 1699 puellam
3086 1617 3388 1701 accipiat:
3436 1617 3517 1682 ad
3562 1617 3735 1682 hane
3774 1638 3918 1682 rem
3960 1617 4254 1682 hortator
4294 1627 4396 1684 est

2440 1701 2639 1766 etiam
2704 1702 2804 1767 illi
2871 1701 3214 1769 Mirabilis.
3325 1703 3604 1769 Tentavi
3669 1712 3737 1768 et
3802 1704 4065 1786 penitus
4133 1704 4390 1769 excussi

2440 1787 2738 1852 animum
2782 1789 2945 1853 eius:
2994 1789 3087 1854 sie
3132 1787 3457 1864 abhorret,
3501 1796 3576 1854 ut
3618 1810 3750 1854 nou
3792 1788 4155 1854 sustineam
4183 1790 4396 1875 magis

2441 1893 2696 2022 urgere.
2783 1874 2877 1939 Et
2915 1883 3137 1939 tamen
3181 1875 3428 1939 fatetur
3481 1873 3830 1940 honestam
3884 1896 4024 1940 esse
4075 1873 4392 1959 puellam:

2439 1980 2509 2023 se
2599 1969 2932 2024 asseverat
2965 1981 3036 2025 se
3072 1981 3413 2043 nunquam
3447 1961 3738 2025 animum
3777 1960 3859 2026 ad
3895 1982 4041 2026 eam
4063 1960 4392 2027 adiecisse.

2440 2041 2618 2125 Quia
2680 2044 2935 2110 salvum
3002 2046 3222 2128 cupio,
3292 2045 3492 2110 velim
3555 2047 3612 2111 si
3675 2047 3821 2112 fieri
3885 2054 4106 2129 queat,
4185 2047 4396 2112 amica

2438 2131 2883 2196 transactione
2926 2132 3228 2215 componi
3270 2131 3641 2215 negotium:
3688 2132 3782 2197 sic
3822 2140 3888 2196 et
3942 2131 4197 2215 puellae
4240 2152 4393 2197 con-

2438 2215 2782 2282 suleretur.
2882 2216 2985 2281 Ea
3038 2214 3118 2281 de
3175 2238 3246 2281 re
3303 2217 3536 2299 scripsi
3586 2216 3667 2282 ad
3725 2216 4110 2283 Mirabilem.
4219 2216 4391 2282 Nolo

2437 2309 2660 2366 tamen
2703 2301 2774 2366 in
2817 2322 3032 2367 meam
3078 2303 3358 2386 gratiam
3401 2302 3756 2386 quidquam
3794 2303 4013 2381 facias,
4057 2303 4184 2368 nisi
4217 2301 4391 2385 quod

2436 2407 2719 2470 aequum
2765 2408 2907 2453 esse
2949 2387 3283 2454 iudicabis.
3373 2388 3602 2470 Neque
3646 2389 3824 2453 enim
3871 2389 4010 2472 ipse
4062 2388 4214 2473 plus
4255 2388 4389 2454 fac-

2436 2482 2626 2538 turus
2667 2494 2882 2539 essem
2927 2473 2985 2540 si
3028 2494 3133 2540 res
3176 2475 3246 2539 in
3293 2494 3438 2539 meo
3481 2475 3752 2539 arbitrio
3796 2482 4167 2558 poneretur.
4191 2478 4245 2549 ο)

3209 2736 3615 2745 .--——-—-—-—-—-—-

3343 2918 3491 2989 31⁰.

2925 3054 3396 3125 ZWICKIUS
3439 3053 3876 3124 CALVINO.

2609 3225 3069 3294 Gratissimum
3110 3234 3421 3310 exspectat
3466 3227 3718 3295 calvini
3771 3227 4117 3293 adventum.
4211 3222 4388 3293 Com-

2429 3312 2726 3378 munibus
2769 3315 3048 3379 omnium
3085 3314 3328 3380 viribus
3357 3335 3482 3397 pro
3519 3314 3773 3381 ecclesia
3815 3312 4244 3379 dimicandum
4258 3363 4274 3394 ,
4329 3318 4386 3380 et

2433 3397 2818 3465 Ratisbonae
2860 3404 2917 3465 et
2956 3398 3131 3465 alibi.

2428 3568 2722 3640 (impressa
2758 3569 2962 3625 Genev.
2997 3587 3050 3640 p.
3086 3567 3823 3709 θὲΒΒαΔιιὲηρ.Ρ66ἐο1ξιῃον.
3867 3586 3920 3639 p.
3958 3566 4043 3637 73,
4089 3568 4299 3624 Chouet
4331 3586 4385 3640 p.

3004 3825 3206 3893 Salus
3250 3835 3317 3891 et
3360 3847 3492 3911 pax
3535 3826 3807 3894 Christi.

2599 3964 2991 4031 Arctissima
3044 3963 3456 4030 familiaritas
3521 3971 3622 4029 est
3687 3985 3884 4047 quam
3944 3964 4119 4048 parit
4182 3962 4379 4031 fides:

2428 4051 2523 4118 sie
2564 4050 2729 4116 mihi
2765 4052 3010 4133 scripta
3049 4059 3167 4115 tua
3198 4050 3707 4117 familiarissima
3746 4057 3918 4116 sunt.
3984 4051 4137 4115 Erit
4159 4058 4382 4115 autem

2425 4137 2911 4221 gratissimum,
2970 4137 3028 4201 si
3085 4145 3200 4201 tuo
3258 4134 3545 4202 adventu
3606 4135 3809 4201 semel
3866 4135 4383 4201 familiaritatem

2426 4225 2623 4289 istam
2664 4223 2737 4287 in
2781 4222 3071 4287 Domino
3112 4221 3345 4287 initam
3390 4224 3642 4287 firmes:
3689 4220 3864 4304 quod
3900 4229 3976 4287 ut
4016 4221 4200 4288 brevi
4242 4222 4378 4302 fiat,

2425 4310 2624 4375 etiam
2669 4320 2864 4391 atque
2898 4310 3097 4373 etiam
3132 4328 3309 4392 rogo.
3397 4308 3501 4373 De
3537 4308 3946 4373 comitiorum
3991 4306 4382 4374 tractatione

2426 4395 2643 4460 nescio
2702 4392 2861 4477 quid
2927 4392 3171 4459 dicam:
3240 4393 3439 4459 statui
3505 4401 3760 4470 autem,
3837 4401 3915 4457 ut
3982 4413 4114 4457 uno
4177 4391 4381 4459 verbo

2425 4479 2656 4559 dicam,
2703 4480 2784 4545 ab
2831 4488 3073 4545 eventu
3117 4479 3338 4543 omnia
3371 4480 3733 4557 aestimare,
3775 4477 4044 4542 interim
4079 4479 4383 4561 precibus

2424 4566 2855 4648 interpellabo
2907 4564 3270 4630 Dominum
3327 4586 3411 4630 ne
3469 4584 3703 4631 causae
3762 4583 3918 4630 suae
3962 4561 4148 4629 desit.
4237 4566 4379 4630 Au-

2425 4653 2645 4718 dimus
2690 4658 2913 4717 autem
2960 4650 3337 4734 Philippum
3380 4658 3448 4716 et
3489 4651 3774 4733 reliquos
3816 4658 4192 4717 constantes
4236 4669 4380 4717 esse

2424 4746 2491 4803 et
2533 4746 2824 4821 apertos,
2882 4758 3048 4819 quae
3103 4758 3210 4803 res
3263 4758 3382 4803 nos
3439 4737 3775 4802 ministros
3829 4756 4089 4802 summo
4141 4732 4380 4819 gaudio

2425 4824 2646 4903 afficit,
2692 4832 2760 4889 et
2793 4823 2980 4888 decet
3015 4830 3190 4889 certe
3224 4843 3345 4888 nos
3365 4823 3533 4888 nihil
3555 4822 3884 4890 vacillare.
3953 4820 4095 4886 Ah1
4133 4827 4379 4903 quanto

2422 4918 2722 4992 tempore
2776 4908 2991 4974 adhuc
3043 4909 3505 4993 regnabimus?
3604 4908 3680 4974 Si
3735 4910 4020 4992 primum
4069 4926 4199 4970 uno
4264 4925 4377 4970 ore

2425 4996 2861 5081 glorificemus
2901 4993 3122 5060 Deum
3167 5006 3233 5061 et
3288 5003 3546 5078 patrem
3603 4995 3686 5060 D.
3745 4995 3827 5060 N.
3884 4993 4037 5060 Iesu
4100 4990 4375 5071 Christi,

2629 5253 2691 5317 ὃ)
2728 5251 2809 5306 du
2847 5250 3006 5306 met
3039 5249 3122 5320 (ἲ)

2628 5320 2683 5389 6)
2755 5320 3019 5376 Fanum
3049 5320 3381 5390 adscripsit.-
3421 5320 3499 5377 ιε.
3536 5320 3667 5374 Maii
3703 5316 3856 5372 1541.
