5050 6167
548 407 680 473 259

552 613 595 658 o
678 610 821 656 ram
862 607 1052 657 suam
1110 587 1346 668 locare,
1390 585 1660 653 interim
1718 585 1874 651 dum
1928 585 2354 669 experiantur
2417 605 2503 649 an

555 611 801 761 affinia
843 696 884 741 a
925 674 1063 741 suis
1105 672 1339 739 elicere
1371 679 1631 757 queant.
1700 668 1827 738 Sin
1847 671 2091 751 minus,
2135 671 2391 736 minore
2419 670 2502 755 ¹⁰)

554 771 778 829 tamen
800 766 1070 844 sumptu
1103 778 1492 843 responsum
1510 756 1692 836 illud,
1718 756 2166 841 qualecunque
2188 756 2330 834 erit,
2355 756 2503 822 istic

554 845 1046 932 exspectabunt.
1134 845 1299 910 Peto
1353 844 1556 929 igitur
1612 862 1653 907 a
1692 842 1877 909 vobis
1933 850 2011 908 ιιι
2053 862 2164 908 eos
2207 839 2502 907 habeatis

555 931 1059 1000 commendatos.
1157 930 1332 996 Mihi
1398 930 1572 995 enim
1639 927 1823 1013 digni
1878 927 2123 993 auxilio
2180 926 2501 993 bonorum

553 1019 678 1084 visi
736 1024 910 1084 sunt.
1012 1015 1242 1099 Neque
1283 1015 1579 1100 ingenio,
1637 1034 1851 1097 neque
1905 1011 2199 1079 doctrina
2252 1018 2499 1091 carent,

555 1111 624 1170 et
664 1103 1051 1170 modestiam
1106 1122 1266 1185 prae
1309 1121 1381 1167 se
1436 1100 1675 1166 ferunt.
1794 1097 1871 1165 Si
1926 1119 2055 1184 qua
2110 1099 2318 1184 igitur
2374 1099 2502 1164 erit

548 1189 725 1273 apud
770 1208 890 1254 vos
945 1186 1231 1255 conditio
1274 1187 1435 1270 ipsis
1492 1193 1674 1268 apta,
1734 1205 1891 1269 rogo
1946 1192 2020 1249 ut
2060 1183 2134 1248 in
2179 1204 2257 1249 ea
2290 1184 2379 1248 im

552 1273 793 1340 tranda
835 1293 948 1339 eos
989 1272 1331 1350 adiuvetis,
1375 1292 1501 1355 quo
1545 1291 1615 1336 se
1660 1278 1774 1335 aut
1814 1269 2030 1349 nullo,
2087 1277 2201 1335 aut
2243 1290 2352 1336 mo
2398 1271 2498 1336 ico

552 1368 822 1443 sumptu
865 1365 1235 1425 sustentare
1292 1364 1565 1441 queant,
1623 1355 1829 1422 donec
1872 1377 1912 1420 a
1954 1355 2092 1422 suis
2148 1354 2500 1421 habuerint

551 1466 957 1528 responsum.
1024 1445 1212 1509 Tunc
1253 1444 1428 1508 enim
1464 1462 1570 1507 res
1612 1463 1766 1508 suas
1801 1441 2199 1508 constituent
2240 1440 2493 1506 melius.

552 1529 889 1614 Quidquid
932 1529 1077 1609 erit,
1122 1529 1316 1595 facite
1351 1536 1424 1594 ut
1466 1534 1757 1593 vestram
1813 1526 2290 1592 humanitatem
2347 1547 2496 1592 sen·

551 1619 734 1681 tiant.
798 1615 1037 1786 Vssalete
1078 1615 1313 1681 fratres
1356 1614 1591 1700 optimi
1625 1621 1692 1679 et
1722 1613 2148 1698 integerrimi.
2237 1612 2496 1696 Argen-

551 1701 766 1768 torati.
792 1705 843 1745 ¹¹

1319 1891 1415 1898 ‚sse-⁷
1430 1892 1449 1897 .-

1448 2105 1601 2177 339.

1071 2244 1542 2313 GALVINUS
1587 2242 1958 2311 VIRE'I'O.

716 2417 1002 2484 Alteram
1043 2422 1264 2482 nactus
1306 2417 1682 2483 occasionem
1746 2414 2024 2480 Viretum
2065 2416 2324 2481 seorsim
2364 2416 2493 2481 sal-

542 2524 684 2570 vere
725 2504 904 2583 iubet,
949 2503 1134 2571 aliud
1176 2506 1608 2586 ammentum
1648 2499 1959 2568 scribendi
1999 2521 2123 2567 non
2161 2499 2406 2567 habens.

546 2674 653 2742 (Ex
702 2672 1042 2742 autographo
1091 2672 1234 2728 Bibl.
1280 2671 1482 2725 Genev.
1530 2670 1661 2726 Cod.
1713 2668 1826 2740 106,
1861 2671 1952 2724 fol.
1990 2670 2075 2723 67.
2158 2671 2491 2741 Apographa

540 2742 695 2796 varia
729 2759 789 2795 re
862 2743 1080 2796 riuntnr
1115 2741 1245 2795 ibid.
1283 2740 1415 2795 Ood.
1454 2740 1570 2806 111,
1606 2739 1698 2794 sol.
1731 2737 1815 2792 54.
1877 2740 2005 2794 Cod.
2045 2738 2186 2805 111⁸,
2224 2742 2314 2793 fol.
2352 2739 2398 2793 2.
2436 2758 2488 2795 v·

677 2811 785 2865 Arc
826 2852 838 2864 .
876 2812 1043 2865 Bern.
1077 2811 1217 2880 Epp.
1254 2809 1315 2863 Τ.
1351 2808 1491 2876 m,
1525 2826 1578 2879 p.
1613 2806 1719 2861 408
1752 2814 1811 2862 et
1845 2807 2043 2863 Simler
2077 2809 2205 2863 Vol.
2241 2808 2352 2875 50.)

710 2997 976 3082 Optimo
1035 2996 1222 3062 fratfi
1277 3016 1423 3063 meo
1476 2997 1678 3063 Petro
1721 2996 1950 3062 Vireto
1993 2997 2488 3065 Lausannensis

534 3084 844 3236 fizglietslijae
901 3084 1149 3168 pastori
1192 3090 1261 3149 et
1305 3082 1715 3150 Genevensis
1769 3082 2283 3149 administratori
2325 3084 2486 3150 fide-

711 3303 959 3388 Scripsi
1018 3304 1209 3371 hodie
1265 3305 1349 3371 ad
1415 3313 1483 3371 te
1552 3311 1620 3370 et
1679 3303 2008 3372 Fas-ellum
2073 3306 2479 3372 festinanter.

538 3389 673 3456 Sed
717 3389 870 3473 quia
911 3389 1020 3456 hic
1054 3390 1330 3474 putabat
1362 3389 1487 3456 sibi
1518 3391 1666 3456 fieri
1698 3390 2027 3467 iniuriam,
2072 3391 2203 3457 nisi
2236 3390 2482 3476 aliquid

535 3475 657 3540 tibi
699 3496 740 3540 a
782 3496 887 3542 me
921 3476 1141 3555 ferret,
1186 3476 1383 3542 evicit
1425 3485 1501 3541 ut
1542 3477 1944 3562 scripturum
1978 3498 2085 3543 me
2118 3476 2478 3561 pollicerer.

534 3561 766 3627 Scribo
818 3562 839 3625 i
891 3562 1052 3640 'tur,
1110 3560 1227 3627 sed
1280 3562 1423 3627 sine
1465 3569 1870 3647 argumento.
1957 3563 2085 3628 Fin
2173 3585 2206 3630 s
2253 3570 2478 3630 tamen

530 3657 597 3712 te
641 3646 842 3729 aliqui
931 3647 1083 3712 serii
1126 3649 1469 3732 recepisse,
1512 3658 1590 3714 ut
1630 3656 1706 3714 tu
1748 3669 2006 3732 quoque
2038 3650 2104 3714 fa
2149 3648 2295 3714 ulae
2340 3670 2478 3716 ser-

531 3734 688 3799 vias.
751 3732 1027 3798 Videbis
1067 3733 1139 3797 in
1179 3734 1403 3799 alteris
1444 3733 1656 3800 literis
1691 3733 1847 3817 quid
1880 3755 1987 3800 me
2021 3734 2131 3801 hic
2164 3742 2473 3800 moretur.

531 3817 750 3883 Simul
794 3839 871 3884 ac
912 3817 1183 3884 redierit
1215 3818 1518 3897 Bucco-us,
1562 3821 1731 3886 istuc
1775 3818 2222 3887 advolabimus
2265 3821 2475 3901 ambo,

530 3911 645 3968 aut
685 3904 828 3969 sine
870 3924 1055 3969 mora
1096 3904 1271 3971 solus
1315 3927 1420 3971 me
1472 3906 1761 3989 eripiam.
1860 3903 2192 3972 Salutabis
2247 3926 2475 3972 omnes

531 3987 752 4055 bonos.
826 3989 1054 4055 Meum
1100 3989 1453 4056 adventum
1498 3992 1637 4075 ipse
1679 3990 2004 4074 patienter
2046 3991 2471 4075 exspectabis,

528 4074 893 4142 Excusabis
971 4075 1143 4158 quod
1208 4077 1303 4141 ita
1379 4076 1807 4142 tumultuarie
1884 4077 2181 4144 scribam.
2306 4075 2475 4144 Sum

528 4161 707 4226 enim
783 4181 1105 4244 peraeque
1174 4170 1527 4246 occupatus
1601 4164 1673 4227 in
1737 4162 2131 4246 accipiendis
2200 4164 2283 4229 iis
2360 4163 2472 4246 qui

527 4245 785 4312 assidue
850 4246 935 4312 ad
999 4267 1106 4313 me
1160 4249 1500 4314 confluunt
1539 4257 1737 4333 atque
1792 4250 2083 4315 canonici
2138 4249 2348 4316 nostri
2401 4251 2473 4314 in

526 4333 824 4415 episcopo
890 4332 1209 4417 eligendo.
1240 4333 1290 4417 ¹)
1402 4333 1570 4400 Vale
1636 4335 1882 4417 optime
1950 4344 2017 4401 et
2084 4336 2472 4401 suavissime

522 4417 781 4567 frateIr.l
854 4414 1090 4484 Saluta
1166 4419 1407 4484 iterum
1483 4441 1708 4486 omnes
1782 4422 1942 4505 pios.
2048 4421 2471 4505 Argentorati

526 4509 627 4567 25.
713 4524 756 4567 u
786 4552 800 4567 .
855 4507 1038 4568 1541.

1431 4640 1713 4708 Ioannes
1759 4642 2082 4712 Calvinus
2126 4652 2295 4708 tuus.

766 4762 829 4769 -—-.-
864 4764 875 4767 -
898 4762 932 4769 -

698 4825 787 4893 10)
824 4843 1039 4881 remora
1073 4833 1250 4883 tamen
1286 4836 1504 4900 sumpta
1542 4828 1749 4885 simler.
2379 4900 2390 4913 ·

697 4893 790 4960 11)
825 4895 960 4950 data
993 4895 1079 4949 25.
1119 4898 1228 4951 Iul.
1269 4897 1420 4953 1541.
1492 4897 1582 4953 De
1626 4897 1716 4953 die
1756 4905 1807 4953 et
1851 4902 2067 4955 consule
2109 4915 2178 4954 σω
2220 4915 2471 4968 proxime

524 4979 579 5017 se
720 4964 768 5018 a·
797 4970 1022 5020 constat.

553 4980 717 5091 ff
721 5032 781 5100 1)
836 5032 982 5088 Gna.
1040 5036 1111 5090 ab
1166 5034 1503 5090 Hohenctet’n
1566 5036 1775 5091 obierat
1835 5036 1888 5092 d.
1962 5036 2046 5092 29.
2111 5038 2272 5092 Iunii
2332 5037 2466 5092 1541

532 5100 729 5155 stibus
773 5101 1052 5157 Tabernis.
1130 5102 1441 5173 Capitinam
1475 5107 1530 5159 οι·
1560 5120 1913 5160 successorem
1958 5106 2113 5176 eloqu
2145 5109 2324 5161 virum
2357 5122 2467 5161 mo·
2577 5112 2592 5117 ”

522 5168 769 5251 ductu?
820 5170 1117 5254 Eraeummi
1176 5188 1214 5227 a
1260 5172 1550 5255 Liianorp,
1606 5177 1766 5229 cuius
1820 5190 1978 5229 soror
2016 5175 2188 5230 vidua
2241 5175 2467 5231 Comitis

526 5234 747 5306 aaaron
782 5254 819 5293 a
868 5239 1159 5298 Warthan
1195 5245 1523 5313 coangelicis
1556 5245 1733 5299 sacris
1766 5244 1990 5300 addicta
2025 5251 2157 5300 erat.

2094 393 2622 463 EPISTOLAE
2675 398 2895 462 338-
2909 398 3029 462 341

4435 399 4565 463 260

3507 582 3660 654 84⁰.

3119 718 3619 788 PARELLUS
3662 719 4034 787 VIRETO.

2784 893 3189 958 Transmittit
3227 893 3285 958 ei
3326 890 3648 974 epistolam
3697 890 3953 959 Calvini
4007 890 4299 958 ambobus
4354 908 4558 972 nuper

2605 977 2904 1058 scriptam
2923 1029 2938 1056 ,
2992 999 3183 1061 eaque
3241 979 3554 1045 occasione
3597 983 3855 1059 praeter
3917 976 4219 1043 nonnulla
4279 974 4414 1040 alia
4478 974 4557 1041 de

2604 1062 2798 1127 huius
2838 1064 3045 1129 reditu
3081 1066 3357 1148 mqendo
3399 1067 3454 1129 et
3502 1063 3906 1146 exspectando
3938 1064 4171 1142 scribit,
4214 1069 4271 1129 et
4303 1062 4556 1126 iuvenes

2603 1149 2747 1214 illos
2787 1150 3144 1216 tabellarios
3185 1152 3412 1215 iterum
3444 1150 3836 1215 comnendat.

2606 1319 2735 1384 (Est
2769 1320 3183 1389 post-scriptum
3219 1321 3365 1390 qnod
3400 1325 3599 1374 vocant
3633 1318 3895 1389 epistolae
3932 1319 4141 1374 Calvini
4173 1319 4244 1373 ad
4263 1322 4553 1388 utrumque

2603 1404 2672 1442 ex
2706 1388 3069 1470 Argentorato
3104 1389 3280 1456 datae,
3318 1406 3480 1458 quam
3516 1405 3680 1510 ⁸⁰¹1„ss
3723 1388 3964 1470 habuisti
3980 1458 3993 1470 ⁶
4009 1389 4111 1442 sub
4159 1388 4226 1442 N.
4263 1386 4382 1454 338,
4428 1388 4554 1442 sub·

2751 1463 2967 1526 lectum,
3004 1457 3138 1515 Ood.
3173 1457 3376 1513 Genev.
3413 1455 3530 1523 106,
3588 1458 3658 1511 ol.
3694 1457 3778 1511 66.
3847 1457 3995 1511 Alibi
4031 1474 4139 1512 non
4176 1459 4403 1525 exstat.)

2773 1643 2843 1712 S.
2916 1644 3094 1727 Quid
3149 1665 3306 1730 agas
3362 1653 3431 1711 et
3473 1652 3549 1710 ut
3605 1645 3792 1713 vivas
3833 1667 3965 1711 non
4009 1645 4438 1730 intelligimus
4479 1652 4548 1711 et

2599 1731 2852 1797 interea
2892 1732 3088 1796 anxie
3129 1731 3430 1814 cupimus
3472 1731 3594 1797 tibi
3650 1739 3719 1798 et
3760 1731 3956 1797 rebus
4003 1732 4307 1798 omnibus
4350 1730 4549 1816 probe

2600 1817 2985 1883 consultum.
3085 1815 3160 1884 Si
3215 1816 3303 1883 ali
3347 1817 3461 1882 uid
3516 1816 3890 1883 audiremus
3934 1817 4038 1884 vel
4081 1817 4383 1900 precibus
4432 1817 4548 1884 ad-

2601 1904 2960 1969 niteremur
3048 1903 3168 1968 tibi
3254 1923 3293 1966 a
3340 1923 3498 1968 esse.
3621 1903 3887 1969 Alteras
3969 1902 4218 1969 Calvini
4307 1903 4390 1968 ad
4480 1910 4548 1970 te

2599 1988 2823 2054 literas
2846 1990 2895 2067 ¹)
2951 1989 3100 2053 misi
3159 2008 3321 2070 quas
3361 1996 3522 2072 puto
3564 1996 3629 2054 te
3685 1991 4023 2072 recepisse.
4109 1989 4428 2055 Petebam
4471 1996 4549 2055 ut

2599 2074 2967 2141 remitteres
2982 2125 2996 2147 .
3051 2095 3312 2153 verum,
3363 2082 3439 2140 ut
3493 2074 3799 2153 arbitror,
3858 2096 3945 2140 ne
3988 2073 4231 2157 aliquid
4276 2074 4543 2154 scribas,

2599 2160 2842 2225 retines
2909 2158 3338 2225 remittendas
3400 2158 3628 2225 literas
3693 2181 3859 2243 quae
3924 2161 4264 2226 continent
4325 2158 4545 2243 aliqua

2598 2245 2759 2310 mihi
2804 2244 3109 2324 curanda,
3154 2265 3429 2328 quorum
3473 2267 3605 2310 non
3641 2247 3801 2311 satis
3844 2247 4128 2311 memini.
4216 2245 4544 2313 Hortatus

2597 2352 2748 2396 sum
2807 2329 3139 2397 Calvinum
3191 2351 3276 2396 ne
3327 2330 3625 2397 differret
3678 2353 3874 2397 suum
3940 2331 4315 2398 adventum.
4407 2328 4545 2398 Sed

2596 2425 2669 2482 tu
2712 2424 2779 2482 et
2819 2417 2961 2495 iste,
2983 2416 3040 2503 ²)
3084 2416 3240 2482 dum
3296 2417 3563 2483 cessatis
3605 2416 3937 2483 hominem
3995 2438 4260 2502 urgere,
4327 2417 4542 2503 magis

2595 2503 2919 2569 revocatis
2976 2523 3125 2568 eum
3181 2523 3376 2585 quam
3436 2524 3557 2588 ego
3612 2503 3857 2585 possim
3900 2503 4390 2585 quibuscunque
4434 2523 4540 2568 ra-

2596 2589 2881 2654 tionibus
2934 2587 3231 2654 iuvitare.
3336 2588 3490 2653 Non
3547 2609 3817 2672 possum
3876 2590 4035 2655 satis
4099 2589 4326 2654 mirari
4366 2587 4542 2671 quod

2594 2673 2973 2758 diligentius
3017 2694 3149 2739 non
3193 2675 3434 2740 curetis
3489 2685 3556 2740 et
3610 2673 3782 2757 apud
3830 2673 4165 2740 Calvinum
4208 2682 4274 2740 et
4314 2694 4541 2740 omnes

2593 2762 3216 2844 Argentoratenses,
3285 2770 3429 2824 tum
3495 2771 3785 2844 pastores
3853 2769 3995 2824 tum
4062 2770 4365 2826 senatum
4382 2811 4398 2840 ,
4465 2772 4543 2824 ut

2592 2867 2729 2911 non
2763 2844 2975 2911 solum
3012 2846 3151 2929 ipse
3175 2846 3395 2910 veniat
3420 2843 3737 2924 Calvinus,
3783 2866 4018 2911 verum
4039 2846 4151 2910 alii
4190 2847 4539 2930 quoque,⁸)

2593 2937 2669 2996 ut
2709 2930 2929 2997 omnia
2972 2932 3271 3014 componi
3313 2932 3566 3014 possint
3607 2931 3842 2996 melius
3882 2939 3952 2997 et
3984 2931 4290 3011 sanctius,
4333 2952 4540 3014 quum

2590 3023 2863 3083 ventum
2925 3016 3123 3081 fuerit
3186 3017 3255 3081 in
3318 3037 3459 3082 rem
3523 3025 3952 3100 praesentem.
4043 3015 4178 3083 Sed
4240 3017 4332 3083 ita
4399 3023 4540 3083 stu·

2589 3110 2857 3186 pentem
2899 3109 3210 3168 revocant
3242 3122 3408 3186 quae
3429 3103 3577 3168 istic
3596 3103 3730 3167 iam
3752 3111 4137 3183 tractantur,
4173 3104 4242 3167 in
4281 3103 4537 3187 quibus,

2590 3195 2694 3254 sat
2734 3188 2886 3266 scio,
2932 3186 3147 3254 Satan
3191 3208 3416 3254 omnes
3460 3209 3705 3254 nervos
3748 3188 4037 3254 intendit
4080 3210 4164 3254 ne
4215 3188 4376 3272 quid
4416 3188 4541 3254 fiat

2589 3275 2659 3339 in
2718 3273 2972 3340 Christi
3024 3272 3302 3357 gloriam
3361 3283 3427 3339 et
3496 3274 3921 3341 ecclesiarum
3985 3272 4536 3340 aedificationem:

2587 3359 2763 3425 unde
2805 3359 3072 3426 coniicio
3116 3380 3343 3425 omnes
3387 3361 3480 3426 sic
3520 3359 3794 3426 adobrui
3837 3366 3915 3424 ut
3970 3361 4088 3425 vix
4139 3359 4318 3425 aliud
4363 3360 4538 3444 cogi-

2587 3454 2727 3511 tare
2778 3445 2991 3513 liceat.
3091 3443 3223 3511 Sed
3281 3452 3346 3511 te
3405 3466 3540 3510 non
3606 3452 3765 3530 puto
3824 3444 3920 3512 sic
3983 3446 4267 3525 involvi,
4332 3466 4538 3529 quum

2584 3530 2827 3596 nullius
2872 3550 3136 3596 causam
3179 3531 3443 3609 tuearis,
3488 3553 3610 3599 nec
3654 3531 3850 3597 alicui
3885 3531 3977 3597 sis
4016 3530 4317 3599 addictus
4343 3530 4536 3614 parti,

2584 3624 2844 3682 tantum
2886 3637 3053 3700 quae
3095 3617 3275 3699 pacis
3317 3626 3474 3682 sunt
3514 3624 3582 3682 et
3624 3616 4005 3683 concordiae
4063 3624 4295 3700 optans
4311 3667 4326 3695 ,
4373 3617 4539 3700 quin

2581 3703 2789 3787 possis
2846 3701 2926 3768 de
2970 3700 3242 3768 ecclesia
3301 3703 3511 3787 magis
3553 3723 3697 3768 esse
3740 3701 4087 3781 sollicitus,
4145 3723 4222 3769 ac
4263 3709 4341 3769 ut
4389 3701 4532 3768 Cal·

2578 3790 2768 3854 vinus
2810 3809 3009 3874 ocyus
3051 3789 3278 3854 veniat
3318 3809 3565 3867 curare,
3610 3808 3858 3870 nosque
3899 3809 4127 3853 omnes
4175 3787 4258 3853 ad
4302 3808 4529 3870 preces

2578 3872 2847 3952 hortari,
2894 3872 3320 3940 subindicatis
3373 3874 3457 3939 iis
3513 3894 3681 3956 quae
3735 3873 3906 3938 nulli
3959 3884 4235 3957 possunt
4282 3874 4527 3953 obesse,

2578 3959 2691 4024 sed
2713 3960 3013 4025 omnibus
3035 3959 3357 4043 prodesse,
3403 3959 3798 4043 affectusque
3840 3981 4107 4025 monere
4143 3959 4226 4025 ad
4264 3966 4528 4027 sanctas

2579 4066 2821 4128 preces.
2912 4046 3092 4129 Ages
3126 4066 3245 4127 pro
3289 4054 3402 4110 tua
3444 4044 3791 4128 prudentia
3833 4054 3909 4110 ut
3950 4044 4133 4111 dabit
4176 4045 4523 4111 Dominus.

2578 4131 2674 4196 Hi
2735 4132 3008 4197 iuvenes
3025 4179 3041 4207 ,
3109 4140 3251 4195 tum
3316 4150 3430 4213 spe
3498 4128 3751 4197 Calvini
3808 4152 4003 4213 quem
4068 4132 4291 4197 statim
4354 4131 4526 4196 istuc

2577 4224 2818 4300 putant
2837 4223 3210 4294 venturum,
3256 4223 3400 4281 tum
3434 4218 3529 4282 tui
3564 4237 3781 4295 causa,
3826 4226 3895 4281 et
3936 4224 4015 4281 ιιι
4055 4217 4305 4300 possint
4347 4237 4526 4284 com-

2577 4303 2834 4368 modius
2876 4300 3119 4384 aliquid
3161 4301 3528 4387 intelligere
3569 4313 3635 4367 et
3675 4302 3964 4386 recipere
4022 4324 4063 4367 a
4105 4302 4244 4368 suis
4286 4323 4524 4387 paren·

2576 4388 2768 4466 tibus,
2811 4386 3169 4453 voluerunt
3208 4387 3376 4454 istuc
3420 4387 3646 4454 venire
3690 4388 3819 4453 nisi
3860 4390 4027 4452 forte
4087 4409 4314 4454 eorum
4357 4388 4526 4454 alter

2578 4472 2796 4539 Orbae
2839 4471 3241 4556 aliquamdiu
3285 4472 3628 4538 diaconum
3674 4471 3956 4539 adiuvet.
4025 4474 4177 4540 Non
4212 4483 4314 4539 est
4348 4472 4525 4557 quod

2576 4579 2686 4624 eos
2739 4559 2857 4623 tibi
2913 4557 3442 4625 commendemus
3498 4567 3642 4640 post
3700 4558 4047 4625 Calvinum.
4161 4558 4347 4641 Quae
4413 4580 4524 4643 po-

2577 4644 2841 4721 tuimuS,
2887 4652 2960 4709 ut
3000 4665 3119 4728 per
3161 4643 3367 4709 otium
3411 4643 3612 4721 licuit,
3658 4666 3744 4709 ex
3787 4645 3882 4710 eis
3932 4644 4314 4729 intelligere,
4359 4645 4523 4712 satis

2575 4731 2968 4796 confirmant
3009 4750 3175 4814 quae
3218 4730 3443 4795 scribit
3489 4729 3807 4796 Calvinus.
3897 4732 4048 4796 Non
4091 4731 4317 4797 dubito
4362 4731 4523 4814 quin

2576 4817 2753 4880 viam
2797 4815 3045 4881 indices
3088 4838 3218 4899 qua
3258 4816 3514 4899 possint
3556 4814 3960 4882 commodius
4004 4824 4069 4883 et
4104 4816 4379 4883 minoris
4423 4817 4521 4882 vi-

2573 4921 2750 4980 vere,
2788 4903 2846 4966 si
2892 4922 3158 4985 prorsus
3201 4922 3332 4966 non
3376 4905 3629 4985 possint
3662 4903 4102 4969 conditionem
4147 4902 4252 4968 vel
4295 4903 4520 4967 litera-

2576 4987 2742 5052 riam
2777 4985 2885 5052 vel
2921 5007 3374 5071 quamcunque
3409 4989 3626 5068 aliam,
3665 4987 3820 5055 dum
3857 4996 4241 5073 exspectant
4275 4985 4520 5072 aliquid

2604 5173 2739 5235 840.
2775 5175 2837 5305 ἓ)
2875 5174 2959 5296 {3
2984 5174 3362 5298 ‘'ffimam
3401 5242 3559 5308 (274)

2777 5312 2836 5377 3)
2873 5313 3360 5381 Arqcntoraienses
3391 5319 3492 5368 aut
3525 5313 3882 5368 Basilcenses.
