5050 6167
636 418 718 479 27
2213 407 2742 477 EPISTOLAE
2788 413 2860 474 21
2877 412 3129 474 2--214
4569 415 4654 478 28

634 602 797 669 satis
862 621 1005 667 0880
1070 599 1125 666 81
1199 598 1401 664 fidem
1471 596 1668 664 corde
1735 618 1961 663 veram
2014 604 2081 662 et
2136 599 2591 665 inconcussam

633 695 929 755 servent:
977 685 1236 752 etiamsi
1267 705 1500 767 corpus
1523 685 1845 768 sanguine
1866 683 2118 750 Christi
2140 689 2590 751 consecratum

632 774 792 839 foris
832 772 1028 837 idolis
1068 777 1497 855 prosternant
1536 776 1606 835 et
1648 767 1986 849 inclinent,
2032 778 2360 837 consortes
2390 769 2591 835 simul

635 857 923 926 Satanae
966 867 1034 922 et
1075 856 1350 935 Christi,
1396 857 1450 920 si
1510 855 1656 921 fieri
1700 863 1936 938 posset.
2034 856 2227 923 Hanc
2271 875 2428 940 ergo
2484 875 2589 920 re-

635 953 889 1028 ceptam
960 943 1191 1009 Zuikio
1251 942 1405 1007 misi
1489 940 2007 1020 Constantiensi,
2074 942 2187 1025 qui
2252 963 2399 1008 eam
2455 962 2590 1006 non

635 1030 777 1097 sine
821 1029 1263 1115 gratulatione
1306 1028 1486 1112 legit,
1531 1048 1773 1111 rogans
1805 1033 1882 1091 ut
1917 1025 2039 1091 sibi
2076 1048 2195 1110 per
2216 1048 2322 1092 me
2343 1027 2588 1106 liceret,

635 1124 713 1182 ut
778 1118 1152 1200 Augustam
1215 1135 1363 1179 eam
1428 1114 1771 1198 epistolam
1826 1113 2044 1178 mittat
2109 1112 2588 1180 excudendam:

635 1223 707 1268 80
781 1203 948 1268 80110
1011 1200 1339 1284 quendam
1405 1199 1518 1284 qui
1584 1219 1728 1264 eam
1788 1198 1963 1283 typis
2030 1198 2341 1264 mandare
2409 1199 2589 1276 velit,

633 1289 827 1354 modo
873 1286 1125 1353 autoris
1166 1307 1405 1351 nomen
1454 1285 1654 1369 (quod
1697 1304 1819 1369 ego
1856 1293 1966 1350 tuo
2000 1285 2172 1351 bono
2193 1285 2268 1350 111
2289 1284 2592 1351 versione

634 1372 1154 1458 suppresseram)
1198 1371 1618 1454 permittatur
1657 1371 1947 1454 praefigi.
2036 1370 2169 1437 Hic
2198 1392 2318 1455 ego
2363 1391 2479 1454 pro
2525 1376 2592 1434 te

635 1459 802 1526 nihil
863 1459 1078 1525 dicere
1132 1459 1318 1542 potui
1376 1456 1478 1523 vel
1530 1477 1828 1522 asserens
1883 1457 1991 1522 vel
2052 1477 2326 1541 negans:
2388 1456 2591 1521 statui

635 1566 791 1630 ergo
876 1546 1196 1628 expiscari
1276 1544 1486 1610 literis
1556 1550 1740 1608 tuam
1811 1541 2242 1622 voluntatem,
2318 1562 2591 1625 eamque

633 1653 678 1697 a
718 1639 787 1696 te
843 1640 1173 1714 receptam
1231 1629 1459 1695 Zuikio
1513 1627 1884 1695 rescribere.
1987 1630 2090 1693 Tu
2133 1648 2308 1712 ergo,
2368 1629 2588 1706 frater,

634 1718 690 1783 si
745 1716 1122 1784 consultum
1184 1713 1584 1798 reipublicae
1641 1713 2037 1780 christianae
2095 1714 2287 1794 velis,
2343 1724 2409 1779 01
2451 1734 2593 1779 suc-

633 1823 900 1870 cursum
942 1802 1301 1867 multorum
1347 1800 1777 1878 conscientiis,
1824 1821 1959 1865 non
1980 1800 2252 1885 negabis
2282 1807 2359 1865 ut
2400 1820 2590 1883 prae-

632 1889 880 1974 figatur
945 1909 1185 1953 nomen
1250 1895 1469 1967 tuum,
1535 1906 1739 1970 quum
1804 1885 1945 1951 alea
2003 1886 2206 1952 semel
2257 1887 2427 1952 iacta
2483 1885 2589 1951 sit.

631 1974 787 2040 Non
829 1975 1008 2040 enim
1041 1980 1110 2038 te
1153 1994 1307 2039 eum
1339 1980 1498 2056 puto
1540 1972 1653 2054 qui
1687 1972 1770 2037 ob
1794 1970 2250 2039 declinandam
2270 1970 2593 2037 invidiam

633 2067 752 2125 aut
793 2059 1179 2145 periculum,
1225 2066 1485 2124 tantum
1517 2058 1809 2123 fructum
1841 2057 2160 2141 impedire
2187 2057 2371 2124 velis.
2439 2057 2504 2122 N
2505 2079 2589 2122 on

635 2144 865 2211 dubito
907 2146 967 2211 si
1010 2145 1176 2211 liber
1219 2144 1325 2210 hic
1356 2143 1723 2229 evulgetur,
1769 2144 2012 2210 multos
2047 2144 2187 2209 fore
2210 2144 2325 2227 qui
2341 2143 2591 2210 abiecto

634 2231 791 2315 iugo
847 2231 1179 2316 pontificio
1238 2237 1306 2295 et
1361 2249 1634 2296 excusso
1690 2237 1873 2295 metu
1941 2229 2013 2295 in
2070 2237 2286 2295 castra
2341 2229 2594 2295 Christi

632 2317 840 2383 libero
881 2318 1115 2400 spiritu
1159 2316 1294 2384 sint
1335 2314 1720 2381 advolaturi.
1821 2316 1923 2380 'ru
1983 2314 2165 2395 vale,
2220 2313 2593 2381 doctissime

635 2404 760 2481 vir,
805 2410 874 2467 et
915 2411 1205 2467 mentem
1248 2408 1431 2468 tuam
1474 2402 1599 2468 hac
1643 2402 1715 2465 in
1757 2422 1829 2466 re
1863 2400 2029 2466 mihi
2060 2401 2269 2467 literis
2292 2401 2594 2485 significa

633 2489 848 2572 primo
891 2509 1147 2573 quoque
1205 2496 1513 2573 tempore.
1615 2485 1877 2571 Tiguri,
1912 2486 2165 2574 ,ultima
2219 2486 2588 2552 Februarii.

1730 2658 1872 2723 Leo
1915 2656 2123 2724 Iudae
2164 2666 2341 2724 tuus.
2371 2660 2420 2730 Ι)

1538 3100 1690 3174 213.

1026 3238 1501 3308 GALVINUS
1545 3236 2183 3306 BULLINGERO.

811 3412 967 3479 Post
1041 3413 1418 3479 diuturnum
1493 3412 1620 3477 imo
1683 3411 1882 3477 nimis
1958 3411 2208 3496 lonyum
2268 3412 2594 3478 silentium

635 3498 886 3566 tandem
927 3499 1270 3582 aliquando
1310 3498 1399 3564 ad
1438 3516 1580 3563 eum
1619 3497 1905 3562 rescribit
1946 3502 2003 3562 et
2057 3497 2224 3563 nihil
2267 3499 2594 3581 antiquius

634 3585 816 3651 habet
856 3606 1048 3668 quam
1103 3590 1175 3650 ut
1230 3583 1629 3651 concordiam
1680 3584 1844 3648 inter
1882 3584 2051 3650 duas
2090 3584 2377 3651 ecclesias
2416 3584 2594 3667 falsa

632 3671 988 3754 suspicione
1062 3669 1381 3735 turbatam
1462 3673 1764 3752 quantum
1836 3670 1910 3734 in
1983 3690 2052 3734 se
2128 3674 2220 3736 est
2294 3670 2589 3736 stabiliat.

632 3756 1188 3841 Arqmtoratmes
1226 3755 1493 3839 colleqas
1544 3776 1588 3820 a
1640 3755 1997 3822 ,9180ωῆ1αέ0
2049 3756 2461 3837 commendat,
2518 3757 2594 3822 de

630 3844 914 3928 doymate
967 3845 1108 3925 ipso
1175 3841 1391 3907 mallet
1441 3861 1652 3908 coram
1716 3860 1898 3925 agere
1958 3861 2151 3923 quum
2215 3841 2415 3907 literis
2477 3843 2592 3907 vix

625 3929 776 4012 fieri
805 3929 1030 4010 possit.

634 4098 1061 4170 (Autogrsphon
1099 4103 1280 4152 exstat
1312 4100 1369 4152 iu
1390 4098 1525 4154 Bibl.
1546 4097 1752 4152 Genev.
1769 4097 1902 4152 Ood.
1924 4097 2041 4165 106,
2078 4099 2169 4153 fol.
2189 4097 2273 4151 24.
2330 4098 2591 4168 Sequitur

630 4169 836 4222 ibidem
881 4184 1037 4222 exem
1079 4168 1161 4221 lar
1206 4168 1354 4221 aliud
1401 4167 1492 4222 fol.
1540 4166 1611 4223 25
1656 4168 1727 4221 ab
1771 4169 2084 4222 amanuensi
2136 4173 2420 4221 exaratum
2433 4208 2448 4232 ,
2502 4168 2591 4222 cui

630 4237 889 4291 Calvinus
942 4244 998 4290 et
1046 4236 1455 4307 inscriptionem
1512 4243 1573 4289 et
1619 4236 2075 4305 subscriptionem
2136 4254 2300 4291 manu
2404 4238 2592 4307 ropris

631 4305 866 4367 addidit3
902 4322 1007 4375 spo
1106 4306 1214 4375 pha
1248 4306 1554 4360 recentiora
1587 4305 1756 4360 habes
1791 4305 1919 4360 eod.
1959 4304 2077 4371 111,
2113 4305 2206 4360 fol.
2252 4304 2337 4372 42,
2364 4254 2589 4360 Ι13011180

629 4373 688 4429 111
724 4374 949 4429 Archiv.
1035 4391 1127 4496 pff
1162 4374 1291 4428 VII.
1327 4373 1448 4441 340,
1483 4374 1665 4428 Turici
1700 4391 1785 4444 ap.
1826 4373 2023 4429 Simler
2058 4373 2186 4429 Vol.
2223 4371 2312 4427 47.
2359 4375 2589 4445 Anglice

629 4442 780 4496 edita
814 4447 901 4497 ost
933 4443 970 4496 1.
1006 4444 1042 4497 l.
1128 4459 1230 4497 om.
1268 4444 1312 4497 1.
1349 4441 1437 4510 88,
1470 4442 1564 4496 ubi
1601 4443 1887 4497 falsissime
1920 4443 1991 4497 ad
2036 4461 2083 4496 s.
2121 4440 2258 4497 1539
2307 4445 2588 4508 refertur.)

802 4628 1241 4698 ornatissimo
1273 4632 1414 4698 viro
1448 4631 1787 4699 Henricho
1816 4630 2204 4717 Bulliugero
2228 4633 2587 4719 Tigurinae

629 4717 939 4786 ecclesiae
982 4718 1253 4801 pastori,
1297 4718 1485 4784 fratri
1529 4718 1693 4784 mihi
1735 4739 1896 4786 vere
1938 4718 2367 4786 observando.

661 4923 795 4986 212.
828 4925 887 4988 l)
926 4925 1044 4980 Leo
1078 4925 1271 4990 Iudas,
1306 4926 1453 4980 alias
1488 4924 1687 4992 Keller,
1729 4923 2105 4980 Gomon-{cusis
2138 4925 2360 4990 Alsata,
2406 4940 2584 4980 swer-

627 4992 774 5049 dotis
803 4993 957 5059 filius
991 5001 1158 5048 natus
1192 4993 1344 5060 1482,
1381 5001 1431 5049 et
1463 4995 1582 5062 ipse
1615 4993 1871 5050 sacerdos
1906 4995 1970 5047 in
1997 4993 2200 5062 oppido
2222 4991 2274 5046 S.
2300 4993 2414 5063 H'p
2455 4993 2590 5064 clyti

627 5063 692 5117 in
726 5060 972 5130 Alsatia,
1020 5062 1277 5132 Znoinqlt'i
1317 5063 1754 5132 condiscipulus,
1802 5068 1916 5117 tum
1961 5077 2237 5117 successor
2281 5062 2360 5116 ad
2393 5011 2465 5118 ἕ.
2524 5062 2583 5116 V.

629 5129 1004 5186 Eremitarum
1041 5130 1417 5198 (Einsiedeln)
1457 5131 1687 5202 denique
1722 5131 1923 5202 collega
1952 5130 2143 5186 Tuo-ici
2157 5130 2236 5186 ad
2266 5129 2322 5184 S.
2349 5131 2585 5199 Petrum,

620 5199 879 5269 pluo-thus
921 5201 1146 5270 scriptis
1188 5202 1398 5266 clarus,
1448 5206 1688 5255 maz-ime
1736 5203 1985 5255 versione
2031 5199 2107 5256 du
2147 5198 2242 5255 lici
2279 5196 2333 5254 S.
2374 5199 2428 5254 S.
2462 5215 2585 5268 yer-

625 5269 849 5324 nam‘ca
881 5275 935 5325 st
965 5271 1160 5338 launa,
1195 5271 1330 5326 obiit
1364 5268 1520 5323 1542.
1604 5269 1740 5325 Vide
1782 5269 2006 5325 Miscell.
2057 5268 2168 5338 Τις.
2209 5266 2337 5324 ΙΙΙ.
2394 5268 2584 5324 Pecta-

624 5336 782 5406 losn',
818 5338 885 5393 L.
925 5338 1119 5408 Iudae,
1160 5339 1313 5406 wa.
1350 5337 1504 5393 1860.

2866 598 3104 664 Gratia
3145 599 3266 666 tibi
3309 620 3350 664 a
3395 600 3537 666 Deo
3581 606 3767 682 patre
3811 607 4034 665 nostro
4078 610 4144 666 et
4176 600 4466 667 Domino
4499 600 4657 666 Iesu

2696 683 2983 764 Christo,
3027 685 3232 750 frater
3275 684 3438 750 mihi
3481 684 3912 777 observanda

2861 855 3098 922 Nescio
3153 856 3266 938 qui
3320 857 3567 922 factum
3640 856 3730 922 sit
3783 867 3863 921 ut
3927 865 4138 922 totum
4201 857 4340 923 fere
4404 857 4654 940 sesqui-

2695 962 2945 1006 annum
3006 962 3090 1005 ex
3144 962 3270 1024 quo
3310 940 3443 1009 huc
3485 943 3803 1022 concessi,
3855 942 4024 1007 nihil
4068 940 4150 1007 ad
4199 953 4263 1009 te
4314 943 4654 1008 literarum

2693 1048 2964 1110 prorsus
3008 1026 3329 1092 dederim:
3377 1049 3582 1112 quum
3622 1035 3691 1094 et
3712 1048 3907 1112 saepe
3943 1027 4289 1093 habuerim
4326 1029 4400 1093 in
4433 1028 4654 1094 animo

2694 1112 2764 1177 id
2807 1113 3040 1192 facere,
3085 1134 3206 1180 nec
3249 1113 3502 1179 deesset
3545 1123 4031 1199 argumentum,
4090 1122 4158 1179 et
4198 1114 4416 1180 oblata
4457 1114 4656 1180 fuerit

2695 1220 2830 1262 non
2874 1198 3075 1264 semel
3110 1201 3378 1266 occasio.
3447 1198 3582 1266 Sed
3619 1221 3821 1284 quum
3863 1199 4095 1282 primis
4138 1201 4476 1267 mensibus
4519 1221 4655 1265 non

2693 1285 2987 1350 venisset
3039 1284 3111 1349 iu
3170 1293 3489 1362 mentem,
3548 1295 3615 1350 et
3666 1287 3799 1351 iam
3863 1286 4275 1368 aliquantum
4340 1287 4654 1370 temporis

2692 1371 3130 1453 praeterisset,
3177 1372 3361 1454 quasi
3407 1372 3648 1438 amissa
3699 1373 4186 1454 opportunitate
4238 1372 4447 1437 factus
4506 1392 4654 1437 sum

2693 1456 2764 1520 in
2845 1465 3181 1540 posterum
3267 1456 3722 1542 negligentior.
3856 1456 4089 1540 Nuper
4169 1478 4364 1538 vero,
4451 1477 4654 1539 quum

2694 1540 3015 1608 Erasmus
3074 1549 3323 1622 vester,
3381 1542 3537 1607 dum
3597 1543 3704 1609 hic
3762 1542 3938 1626 apud
3990 1563 4111 1609 nos
4168 1552 4326 1622 erat,
4386 1563 4656 1625 operam

2694 1627 2860 1692 mihi
2917 1648 3102 1693 suam
3159 1628 3501 1694 obtulisset
3556 1627 3638 1694 ad
3697 1628 4000 1694 ferendas
4056 1629 4315 1708 literas,
4374 1629 4432 1694 si
4490 1648 4654 1711 quas

2696 1713 2934 1778 vellem
2976 1713 3278 1792 scribere,
3325 1714 3515 1780 avide
3556 1714 3832 1797 arripui,
3888 1713 4059 1798 quod
4114 1715 4401 1782 maxime
4456 1735 4654 1797 expe·

2693 1798 2928 1865 tebam.
3016 1799 3301 1865 Promisi
3344 1821 3500 1884 ergo
3547 1821 3650 1866 me
3693 1801 4108 1883 scripturum.
4201 1799 4378 1882 Quia
4432 1806 4656 1865 tamen

2696 1906 2841 1951 sero
2898 1885 3166 1951 domum
3222 1907 3260 1952 0
3320 1883 3678 1953 diversorio
3746 1886 3889 1951 eius
3954 1884 4311 1966 redieram,
4385 1897 4454 1952 et
4515 1886 4656 1968 ipse

2695 1969 3012 2053 postridie
3067 1991 3259 2036 mane
3314 1971 3496 2039 abire
3566 1979 3916 2050 statuerat,
3986 1973 4458 2055 profectionem
4516 1971 4656 2036 eius

2696 2055 2880 2122 nolui
2913 2057 3178 2135 morari,
3223 2077 3598 2140 quanquam
3623 2079 3741 2141 pro
3762 2078 3884 2122 sua
3924 2057 4340 2123 humanitate
4381 2065 4657 2141 paratus

2697 2149 2839 2207 erat
2881 2152 3278 2225 exspectare,
3325 2144 3380 2208 si
3423 2150 3684 2208 tantum
3725 2142 3890 2208 mihi
3934 2143 4191 2226 placere
4245 2142 4655 2210 indicassem.

2697 2227 2834 2294 Sed
2876 2248 3005 2312 quo
3048 2236 3193 2293 erat
3237 2229 3321 2294 ad
3355 2228 3843 2312 obsequendum
3878 2229 4281 2312 propensior,
4326 2250 4403 2295 eo
4446 2228 4659 2313 magis

2695 2312 2933 2397 puduit
2973 2313 3194 2397 ipsum
3239 2334 3491 2399 rogare,
3534 2316 3921 2398 praesertim
3966 2336 4171 2399 quum
4228 2335 4487 2398 possem
4533 2313 4653 2378 tri-
4759 2365 4767 2373 .

2697 2399 2826 2464 duo
2880 2410 3025 2483 post
3080 2399 3305 2466 literas
3361 2400 3748 2467 submittere
3801 2400 4163 2479 Basileam,
4232 2400 4411 2467 unde
4463 2400 4654 2465 facile

2695 2486 2779 2552 ad
2823 2493 2891 2550 te
2932 2487 3211 2569 perferri
3251 2493 3572 2569 poterant.
3661 2487 3954 2553 Tametsi
3995 2497 4215 2552 autem
4248 2486 4364 2552 1118
4398 2506 4654 2570 quoque

2692 2571 3151 2656 opportunitas
3206 2571 3374 2658 mihi
3429 2572 3651 2656 elapsa
3705 2580 3878 2652 erat,
3938 2573 4166 2655 putavi
4222 2579 4445 2638 tamen
4489 2571 4654 2636 mihi

2694 2656 3043 2740 aliquando
3088 2658 3418 2742 agendum
3461 2679 3603 2725 esse
3645 2657 3819 2742 quod
3863 2658 4062 2723 nimis
4098 2657 4211 2723 diu
4245 2657 4648 2724 distuleram.

2694 2740 2874 2825 Quid
2939 2751 3161 2809 autem
3223 2744 3474 2827 potius,
3551 2745 3643 2808 mi
3707 2743 4105 2828 Bullinyere,
4171 2744 4296 2811 hoc
4359 2753 4654 2828 tempore

2695 2850 2973 2914 agamus
3033 2829 3408 2909 scribendo,
3475 2851 3670 2913 quam
3726 2837 3804 2896 ut
3865 2830 4230 2912 fraternam
4294 2830 4469 2895 inter
4532 2849 4653 2895 nos

2696 2914 3053 2981 amicitiam
3112 2926 3179 2982 et
3233 2936 3700 2983 conservemus
3755 2916 4251 3000 quibuscunque
4302 2936 4654 3000 possumus

2694 2999 2924 3081 modis,
2969 3009 3036 3067 et
3077 3001 3580 3067 confirmemus?
3668 3001 3994 3069 Videmus
4037 3002 4215 3067 enim
4268 3001 4500 3085 quanti
4550 3002 4653 3066 in-

2696 3087 2917 3165 tersit,
2973 3108 3108 3152 non
3151 3096 3380 3154 nostra
3432 3088 3657 3169 modo,
3718 3087 3831 3154 sed
3891 3088 4090 3153 totius
4139 3087 4485 3153 christiani
4536 3108 4656 3153 no-

2695 3172 2928 3253 minis,
2988 3192 3101 3239 eos
3156 3194 3383 3241 omues
3484 3174 3678 3242 uibus
3738 3174 4023 3258 aliquam
4083 3174 4155 3240 in
4211 3174 4485 3241 ecclesia
4533 3193 4656 3240 8118

2694 3278 3043 3342 personam
3086 3260 3399 3343 imposuit
3508 3260 3786 3339 ominus,
3830 3280 3991 3326 vera
4031 3261 4210 3326 iuter
4258 3280 4329 3326 se
4379 3278 4655 3326 consen-

2696 3346 2878 3410 sione
2919 3345 3315 3429 conspirare.
3402 3345 3484 3410 Id
3538 3363 3790 3431 quoque
3834 3344 4015 3412 videt
4071 3344 4280 3412 Satan
4324 3346 4486 3429 ipse,
4541 3345 4655 3429 qui

2697 3429 2855 3496 dum
2896 3431 3174 3497 exitium
3218 3453 3420 3516 regno
3471 3432 3726 3499 Ohristi
3780 3431 3993 3499 modis
4044 3431 4352 3498 omnibus
4404 3430 4652 3498 machi-

2696 3524 2929 3595 natur,
2996 3517 3247 3583 nullam
3309 3519 3380 3583 in
3443 3539 3584 3583 rem
3647 3520 3860 3602 magis
3920 3516 4271 3595 incumbit,
4327 3539 4526 3601 quam
4581 3524 4654 3583 ut

2696 3599 2966 3668 dissidia
3007 3604 3182 3678 inter
3223 3625 3345 3669 nos
3388 3611 3581 3683 serat,
3627 3605 3733 3671 vel
3779 3610 3956 3671 certe
3998 3605 4164 3670 alios
4217 3604 4299 3670 ab
4355 3602 4501 3669 aliis
4544 3611 4652 3669 ut-

2695 3709 2951 3772 cunque
2995 3689 3253 3755 alienet.
3340 3689 3635 3756 Proinde
3676 3691 3872 3756 officii
3916 3688 4129 3756 nostri
4167 3697 4286 3769 est,
4332 3688 4654 3756 eiusmodi

2695 3774 2950 3841 artibus
2991 3774 3248 3841 obviam
3288 3777 3404 3854 ire,
3451 3785 3517 3842 et
3559 3798 3686 3860 quo
3726 3776 3937 3860 magis
3992 3775 4226 3841 nititur
4278 3776 4485 3841 hostis
4540 3775 4652 3842 ille

2695 3869 2920 3926 noster
2972 3862 3500 3927 coniunctionem
3553 3871 3844 3928 nostram
3905 3860 4300 3940 distrahere,
4361 3882 4437 3926 eo
4496 3882 4652 3929 con-

2695 3947 3012 4013 stantiore
3070 3948 3289 4013 animo
3344 3969 3420 4015 ac
3475 3949 3831 4014 intentiore
3901 3969 4060 4014 cura
4126 3947 4287 4014 eniti
4365 3947 4450 4013 ad
4503 3967 4647 4013 08111

2694 4032 3065 4099 fovendam.
3143 4032 3371 4115 Quum
3416 4041 3641 4099 autem
3675 4033 3901 4100 sedulo
3940 4033 4130 4100 nobis
4170 4033 4241 4098 id
4284 4031 4647 4100 curandum

2695 4127 2822 4196 081,
2884 4126 2960 4183 111
3012 4138 3160 4184 011111
3221 4119 3522 4186 omnibus
3574 4119 3828 4186 Ohristi
3895 4120 4213 4185 ministris
4268 4120 4649 4185 societatem

2692 4205 3175 4289 amicitiamque
3218 4205 3525 4282 colamus,
3569 4213 3716 4270 tum
3751 4228 3907 4272 vero
3927 4205 4231 4288 inprimis
4251 4204 4649 4270 contendere

2693 4289 2764 4355 in
2832 4292 2958 4358 hoc
3022 4313 3257 4358 nervos
3323 4311 3550 4357 omues
3618 4312 3880 4359 necesse
3955 4299 4084 4370 est,
4163 4297 4238 4355 ut
4316 4290 4646 4370 ecclesiae,

2692 4376 2930 4460 quibus
2998 4379 3281 4444 verbum
3362 4377 3636 4443 Domini
3718 4375 4287 4455 administramus,
4365 4375 4648 4442 fideliter

2691 4462 2869 4527 inter
2904 4483 2975 4527 se
3009 4462 3439 4530 consentiant.
3507 4464 3655 4548 Ego
3691 4463 4045 4529 amicitiam
4076 4468 4366 4528 nostram
4411 4460 4647 4543 quibus

2692 4549 2999 4632 auspiciis
3041 4550 3209 4615 inita
3249 4556 3366 4628 est,
3412 4556 3480 4614 et
3513 4547 3747 4633 quibus
3781 4570 3958 4614 nuuc
3980 4546 4242 4613 fulturis
4264 4547 4644 4627 sustinetur,

2691 4633 2943 4700 salvam
2986 4643 3184 4719 atque
3227 4636 3553 4720 integram
3606 4634 3690 4700 ad
3747 4643 4114 4699 extremum
4174 4632 4313 4698 fore
4366 4632 4644 4699 confido.

2690 4720 2837 4804 Ego
2882 4729 3076 4800 certe,
3123 4729 3440 4805 quantum
3485 4720 3559 4784 in
3596 4740 3701 4784 me
3736 4721 3880 4796 erit,
3917 4718 4228 4785 daturum
4249 4740 4355 4784 me
4377 4739 4644 4803 operam

2689 4805 2950 4888 recipio,
2994 4816 3071 4872 ut
3112 4808 3305 4872 firma
3346 4812 3735 4890 perseveret.
3822 4805 3998 4870 Nam
4039 4805 4193 4888 quia
4226 4825 4488 4891 semper
4522 4803 4646 4872 tibi

2689 4889 3049 4974 plurimum
3093 4892 3319 4972 detuli,
3362 4890 3684 4977 singulari
3727 4890 3927 4956 etiam
3970 4890 4346 4972 dilectione,
4404 4903 4484 4957 ut
4523 4912 4647 4976 par

2689 4985 2852 5056 erat,
2896 4978 3277 5061 complexus
3319 4998 3484 5057 sum,
3521 4998 3644 5044 nec
3685 4977 3813 5042 isto
3853 4978 3928 5042 in
3969 4986 4034 5042 te
4078 4978 4299 5044 animo
4358 4998 4646 5062 unquam

2688 5083 2831 5128 esse
2885 5062 3198 5129 desinam.
3297 5063 3487 5129 Inter
3552 5065 3726 5130 hanc
3793 5062 4135 5130 ecclesiam
4204 5084 4280 5130 ac
4333 5072 4643 5144 vestram,

2690 5149 2955 5214 tametsi
2996 5149 3192 5215 video
3237 5149 3403 5214 nihil
3448 5169 3592 5216 esse
3628 5148 3880 5216 dissidii
3927 5158 4044 5216 aut
4076 5148 4451 5230 simultatis,
4495 5149 4646 5233 plus

2690 5241 2914 5300 tamen
2958 5235 3453 5313 coniunctionis,
3513 5234 3619 5300 vel
3714 5237 3884 5300 otius
3940 5232 4444 5302 necessitudinis
4500 5255 4646 5302 esse

2688 5341 3013 5405 cuperem.
3116 5320 3313 5387 Unde
3372 5328 3593 5387 autem
3635 5321 3660 5385 i
3745 5323 3894 5403 fiat,
3939 5322 4289 5406 quominus
4330 5319 4426 5388 sic
4469 5319 4645 5388 inter
