5050 6167
669 421 789 483 411

1577 649 1731 720 404.

1202 804 1609 872 VIRETUS
1657 799 2091 871 OALVINO.

853 981 1019 1063 Quid
1042 963 1424 1046 Lausavmae
1458 981 1662 1042 aetum
1695 976 1780 1042 sit
1812 994 2006 1057 quum
2038 973 2373 1057 appelleret
2415 969 2624 1052 refert.

678 1156 786 1225 (Ex
833 1152 1170 1222 autographo
1224 1151 1366 1203 Bibl.
1405 1147 1609 1203 Genev.
1653 1145 1783 1200 Ood.
1822 1145 1963 1197 1112,
2012 1145 2103 1199 fol.
2139 1142 2223 1197 55.
2298 1144 2347 1196 A
2388 1159 2518 1264 ogra
2558 1141 2629 1195 ha

676 1227 896 1279 exstant
929 1221 1060 1275 ibid.
1105 1218 1236 1273 Ood.
1284 1215 1416 1340 1168,
1419 1215 1683 1339 deig-'745'
1686 1215 1917 1349 OLAbrfg.
1965 1215 2125 1267 Bern.
2175 1214 2314 1281 Epp.
2402 1211 2424 1264 1
2460 1252 2471 1264 .
2544 1210 2627 1264 28.

851 1477 1245 1544 Doctissimo
1316 1475 1407 1541 Io.
1477 1473 1754 1538 Calvino
1828 1471 2015 1537 verbi
2100 1470 2400 1536 ministro
2471 1466 2630 1533 fide·

678 1566 927 1632 lissimo

1989 1644 2320 1710 Genevae.

854 1786 1173 1853 Salutem.
1283 1784 1456 1848 Veni
1525 1782 1660 1848 vidi
1715 1782 2048 1863 obstupui,
2116 1789 2309 1862 atque
2374 1779 2631 1844 utinam

679 1896 814 1942 non
857 1884 991 1937 tam
1040 1891 1197 1936 vera
1239 1876 1458 1934 essent
1514 1888 1680 1950 quae
1737 1865 1818 1931 de
1861 1867 2056 1932 huius
2099 1866 2407 1931 ecclesiae
2450 1876 2631 1930 statu

681 1959 1162 2026 audiveramus.
1251 1956 1350 2020 Eo
1392 1956 1531 2037 ipso
1589 1952 1694 2018 (110
1717 1956 1766 2026 ι)
1825 1973 1901 2018 ac
1946 1951 2173 2016 eadem
2215 1971 2424 2035 paene
2468 1951 2632 2016 hora

678 2067 810 2129 qua
854 2045 983 2108 huc
1027 2063 1147 2126 ego
1192 2039 1414 2123 appuli
1433 2092 1446 2116 ,
1508 2038 1761 2123 appulit
1814 2048 1882 2103 et
1924 2039 2272 2103 canonicus
2321 2036 2633 2102 Per-rinus
2665 2058 2668 2062 ’

682 2131 788 2199 001
828 2130 909 2194 ob
954 2128 1274 2194 sermonis
1319 2125 1573 2190 delitias
1618 2123 2077 2209 chrysostomi
2120 2133 2632 2207 cognomentum

681 2215 938 2299 obtigit,
985 2211 1314 2296 vulgoque
1373 2211 1583 2276 dictus
1628 2219 1729 2275 est
1783 2230 1856 2274 os
1910 2230 2182 2274 aureum
2199 2260 2215 2286 ,
2275 2208 2512 2274 nebulo
2557 2217 2634 2274 ut

678 2301 980 2367 indoctus
1043 2300 1360 2368 bonarum
1416 2297 1756 2361 literarum
1822 2297 1916 2360 ita
1977 2296 2158 2360 vafer
2222 2303 2289 2359 et
2352 2304 2627 2360 astutus.

681 2384 818 2454 Sed
863 2384 1104 2460 divina,
1138 2386 1290 2462 utri,
1335 2383 1588 2447 mihine
1632 2403 1720 2446 an
1752 2381 1867 2460 illi,
1914 2381 2062 2465 plus
2107 2382 2447 2447 honorifici
2489 2381 2632 2447 vini

681 2472 970 2539 oblatum
1008 2469 1137 2535 sit?
1227 2470 1583 2551 Imperitus
1637 2467 1839 2532 fueris
1899 2468 2255 2532 admodum
2308 2468 2633 2533 coniector

679 2558 805 2624 nisi
852 2555 1188 2621 divinatis.
1277 2554 1463 2635 Quas
1517 2573 1706 2618 voces
1763 2555 1832 2618 in
1891 2554 2133 2637 vulgus
2191 2554 2507 2636 sparserit
2552 2553 2632 2617 (10

680 2645 782 2709 sui
825 2650 1038 2707 status
1081 2641 1511 2715 restitutione,
1555 2639 1795 2721 quibus
1829 2639 2023 2704 vanis
2055 2638 2632 2721 pollicitationibus

678 2751 863 2813 spem
920 2728 1149 2794 fecerit
1204 2746 1360 2792 0000
1417 2725 1667 2790 farinae
1710 2724 2113 2801 hominibus,
2173 2746 2289 2807 per
2345 2731 2412 2789 te
2469 2726 2631 2790 satis

677 2813 962 2883 coniicis.
1055 2811 1224 2877 Mihi
1265 2811 1594 2876 hominem
1641 2808 1865 2876 videre
1909 2831 2042 2875 non
2084 2810 2288 2888 licuit,
2350 2832 2470 2877 nec
2515 2810 2631 2875 diu

681 2900 895 2967 haesit
947 2899 1017 2963 in
1063 2899 1242 2963 urbe.
1331 2898 1496 2961 Eius
1541 2895 1861 2961 adventus
1920 2897 2286 2961 commonui
2340 2898 2630 2980 praefec-

680 2995 846 3064 tum,
868 2988 923 3061 ²)
968 2982 1083 3050 sed
1117 2984 1382 3049 frustra.
1473 2982 1603 3047 Die
1637 2982 1949 3049 Mercurii
1992 2983 2268 3047 fratrum
2311 2982 2441 3047 fuit
2481 3003 2629 3047 sen-

680 3072 891 3137 tentia
932 3077 1010 3135 ut
1050 3069 1133 3134 ad
1178 3067 1348 3133 diem
1386 3068 1622 3133 Martis
1657 3069 2030 3150 proximum
2048 3068 2106 3151 ⁸)
2151 3068 2501 3133 Viviacum
2548 3068 2630 3133 ad

680 3156 1007 3242 synodum
1045 3156 1524 3221 conveniamus,
1590 3153 1722 3220 Ubi
1755 3152 2143 3220 redierimus
2187 3154 2416 3220 audies
2454 3151 2626 3237 quod

681 3252 797 3308 tua
837 3250 906 3307 te
949 3241 1117 3307 scire
1159 3241 1414 3306 referet.
1511 3239 1886 3305 Geni-§tonus
1903 3245 1933 3284 ⁴
2007 3242 2321 3325 narravit,
2381 3241 2627 3324 opinor,

680 3327 837 3412 quid
882 3325 1163 3392 audierit
1205 3347 1408 3409 quum
1451 3324 1556 3391 hic
1601 3336 1788 3391 esset.
1857 3327 1985 3392 Die
2027 3327 2207 3393 Iovis
2223 3328 2281 3409 ὃ)
2327 3334 2630 3393 senatum

680 3413 812 3479 adii
847 3433 1042 3494 quem
1078 3413 1180 3476 sui
1215 3411 1477 3495 quidem
1511 3408 1817 3477 admonui
1853 3413 2066 3491 officii,
2111 3413 2227 3478 sed
2261 3415 2334 3477 in
2369 3433 2629 3497 genere,

679 3520 766 3564 ne
821 3500 1003 3582 prius
1068 3497 1377 3579 conqueri
1445 3495 1702 3561 viderer
1755 3518 1952 3581 quam
2010 3499 2364 3583 appulisse,
2430 3499 2485 3563 si
2548 3498 2631 3563 ad

679 3585 930 3669 species
988 3581 1413 3649 devenissem.
1514 3583 1855 3651 Pollicitus
1910 3607 2056 3650 sum
2108 3605 2371 3651 omnem
2414 3604 2626 3649 meam

678 3692 946 3754 operam
1011 3676 1079 3733 et
1142 3669 1436 3733 animum
1502 3669 2090 3752 promptissimum:
2171 3670 2440 3736 videant
2501 3672 2629 3755 ipsi

677 3755 889 3833 mod0‚
934 3776 1051 3821 suo
1096 3775 1178 3818 ne
1222 3754 1441 3819 desint
1481 3755 1757 3820 muneri.
1847 3755 2038 3837 Quae
2091 3765 2250 3821 tuno
2293 3757 2627 3840 speciatim

678 3840 1028 3906 admonere
1100 3839 1388 3922 oportuit
1445 3840 1512 3904 id
1569 3840 1773 3905 malui
1830 3861 1870 3904 a
1931 3841 2162 3908 Gomite
2177 3842 2230 3926 ⁶)
2298 3842 2627 3926 subiungi,

680 3927 793 4011 qui
836 3927 1007 3990 inter
1051 3925 1318 4007 reliqua,
1364 3946 1510 3990 meo
1556 3947 1774 4005 suasu,
1819 3929 2079 4012 rogavit
2113 3936 2192 3992 ut
2226 3927 2512 3995 edictum
2550 3927 2630 3991 de

677 4011 957 4096 publicis
999 4010 1301 4093 precibus
1345 4025 1780 4077 renovaretur
1820 4035 1987 4095 quae
2022 4015 2285 4096 penitus
2330 4013 2629 4079 exoleve-

679 4105 861 4164 rant:
908 4096 1080 4179 quod
1126 4106 1193 4161 et
1230 4097 1474 4162 factum
1518 4107 1646 4175 est,
1706 4099 1799 4162 ita
1841 4107 1915 4164 ut
1957 4109 2216 4182 postero
2260 4098 2365 4164 die
2407 4099 2629 4183 plures

680 4182 872 4248 solito
915 4184 1339 4250 convenerint
1382 4181 1466 4247 ad
1510 4184 1904 4264 concionem,
1948 4183 2064 4250 sed
2108 4206 2272 4268 quae
2310 4185 2475 4249 nihil
2509 4183 2628 4248 ha-

677 4269 822 4335 buit
863 4268 1033 4352 quod
1079 4289 1118 4333 a
1159 4266 1556 4350 quotidianis
1591 4268 1901 4335 differret.
1991 4270 2178 4335 Dabo
2214 4279 2430 4336 autem
2476 4290 2628 4352 ope·

679 4375 822 4420 ram
893 4365 969 4419 ut
1032 4355 1331 4436 proxima
1400 4353 1801 4420 hebdomade
1867 4355 1997 4421 alia
2062 4357 2227 4421 ratio
2291 4356 2626 4421 habeatur.

679 4531 890 4539 --—-.—
903 4532 920 4536 -
961 4530 1088 4537 ——

1629 4644 1860 4716 definire
1892 4665 2007 4703 non
2082 4663 2352 4704 assumus.
2407 4647 2630 4703 Ruchat

687 4717 754 4774 V.
794 4715 894 4769 162
928 4721 979 4770 et
1012 4714 1430 4783 Hwndeshayen
1467 4732 1530 4785 p.
1570 4716 1686 4770 163.
1736 4716 1790 4770 d.
1831 4718 1911 4771 12.
1962 4720 2005 4774 I
2057 4717 2104 4771 a·
2148 4716 2432 4784 iudicant,
2481 4717 2630 4786 quod

680 4788 818 4842 satis
852 4784 1081 4853 arridet,
1119 4786 1188 4851 ef.
1224 4791 1335 4840 not.
1371 4785 1405 4838 5
1439 4791 1492 4838 et
1525 4785 1603 4840 N.
1639 4785 1758 4840 407.

887 4857 945 4916 2)
988 4854 1111 4908 Seb.
1148 4855 1381 4924 Naeyeli
1414 4853 1704 4922 (Ruehat).

885 4925 945 4986 3)
981 4923 1067 4976 25.
1105 4924 1254 4977 Iulii.

875 4991 948 5052 ,43
986 4993 1191 5046 Maah.
1227 4993 1294 5044 de
1329 4993 1618 5060 Geneston,
1655 4993 1724 5059 ct.
1763 4993 1831 5048 N
1877 4993 1981 5046 409

716 4647 850 4710 404.
889 4646 946 4712 1)
978 4662 1136 4715 quem
1170 4645 1328 4700 hodie
1357 4652 1614 4701 accurate

885 5063 943 5126 5)
990 5061 1171 5130 Quum
1221 5063 1342 5131 ipse
1401 5062 1547 5117 hanc
1595 5062 1786 5117 serait
1829 5034 1902 5115 'a
1967 5034 2194 5116 {rema
2243 5060 2390 5128 (21),
2457 5063 2508 5116 ει·
2560 5059 2627 5114 de
2725 5065 2855 5118 αισα

673 5131 929 5200 proxime
957 5132 1314 5199 praecedente
1346 5131 1436 5186 die
1470 5132 1648 5186 dicere
1682 5132 1940 5186 voluisset
1985 5147 2121 5186 sane
2154 5132 2296 5192 heri,
2347 5147 2462 5184 non
2497 5147 2625 5185 vero

679 5203 766 5256 die
816 5202 956 5254 lovis
1003 5202 1328 5269 scripsisset.
1411 5201 1583 5255 Hune
1626 5200 1768 5254 diem
1813 5202 1988 5269 iyitwr
2032 5200 2086 5254 d.
2139 5201 2219 5253 13.
2265 5200 2406 5258 Iulii
2448 5200 2625 5266 fmsssse

679 5275 821 5325 reete
854 5270 1148 5325 conieceris
1181 5278 1232 5326 et
1265 5271 1347 5325 sie
1379 5271 1566 5325 onmia
1600 5271 1800 5339 optime
1835 5271 2145 5324 concinunt.

888 5339 945 5404 6)
983 5339 1153 5395 Beato
1189 5341 1402 5409 eolleya.

2217 401 2741 473 EPISTULAE
2787 403 2912 464 404
2921 403 3127 464 -406

4554 401 4671 463 412

2729 584 3071 652 Nihildum
3119 585 3538 651 concionatus
3573 605 3737 649 sum.
3829 585 4259 650 Deci-evimus
4304 583 4675 668 propediem

2730 672 3017 754 psalmos
3060 691 3294 736 canere
3338 691 3499 752 quos
3546 671 3913 735 Gindronus
3933 671 3988 753 7)
4029 670 4111 734 ad
4154 691 4462 737 numeros
4505 692 4675 737 com-

2733 759 2950 841 posuit
3015 758 3251 822 vestris
3316 756 3522 820 multo
3580 756 3903 821 faciliores
3966 766 4035 820 et
4090 757 4460 837 suaviores,
4519 778 4675 840 quos

2728 844 2957 909 malim
3001 862 3278 908 excusos
3320 841 3519 907 fuisse
3562 861 3757 923 quam
3800 842 4032 923 quibus
4075 842 4173 907 usi
4219 863 4461 907 sumus,
4552 842 4677 908 Go-

2730 932 2941 1013 gitare
2982 928 3312 1009 coepimus
3350 927 3429 991 de
3465 928 3897 1009 praeficiendo
3924 927 4229 993 Zebedaeo
4246 926 4305 1013 ⁸)
4349 927 4504 992 huic
4548 928 4676 994 col-

2729 1015 2929 1098 legi0,
2987 1034 3184 1095 quem
3228 1034 3417 1096 spero
3462 1012 3543 1076 ad
3589 1013 3759 1077 diem
3805 1012 4205 1076 dominicum
4246 1013 4375 1079 huc
4420 1034 4677 1080 conces-

2729 1121 2991 1176 surum,
3052 1118 3127 1163 ac
3182 1097 3264 1162 de
3320 1099 3515 1163 rebus
3556 1099 3936 1163 necessariis
3980 1099 4317 1164 nobiscum
4363 1099 4676 1165 delibera-

2732 1194 2973 1250 turum.
3066 1182 3319 1265 Scripsi
3371 1184 3551 1247 enim
3594 1183 3677 1247 ad
3721 1183 3909 1248 illum
3953 1192 4021 1248 et
4072 1183 4398 1249 Far-ellum
4441 1184 4522 1250 de
4577 1207 4677 1250 re-

2733 1271 2853 1337 bus
2899 1270 3160 1348 nostris,
3205 1277 3273 1333 et
3316 1289 3459 1333 meo
3504 1290 3544 1334 a
3586 1269 3771 1334 vobis
3808 1267 4095 1335 discessu
4129 1278 4197 1335 et
4231 1271 4675 1338 ministrorum

2733 1356 3161 1422 ordinatione.
3265 1355 3564 1420 Zebedaei
3620 1362 3687 1418 et
3748 1354 4085 1439 Malinyrii
4143 1357 4482 1440 negotium
4536 1377 4677 1421 sus-

2732 1463 3007 1524 pensum
3062 1451 3163 1504 est
3218 1439 3301 1505 ad
3359 1439 3714 1504 adventum
3769 1441 4132 1524 legatorum
4186 1444 4525 1524 utriusque
4570 1464 4679 1507 ur-

2735 1528 2853 1604 bis,
2878 1527 2932 1612 ⁹)
2978 1526 3059 1590 ad
3106 1525 3555 1591 subducendas
3597 1546 3750 1590 cum
3793 1528 4116 1609 praefecto
4159 1529 4464 1593 rationes.
4546 1527 4680 1592 Ve-

2734 1613 2878 1677 tula
2939 1633 3104 1694 quae
3164 1610 3246 1675 ad
3300 1610 3720 1694 Malinyrium
3783 1621 4193 1678 concesserat
4245 1635 4509 1678 rursum
4574 1614 4681 1680 hic

2735 1696 3049 1763 conduxit
3091 1697 3465 1779 hospitium,
3524 1699 3709 1763 cuius
3752 1699 4029 1780 maritus
4070 1698 4225 1764 hinc
4268 1698 4461 1764 hodie
4504 1699 4678 1764 abiit.

2737 1782 2954 1848 Audio
2997 1803 3128 1847 non
3172 1784 3337 1848 bene
3377 1783 3550 1846 inter
3583 1784 3760 1865 ipsos
3795 1786 4191 1849 convenisse.
4266 1783 4485 1866 Quum
4525 1786 4683 1851 haec

2736 1867 3088 1934 scriberem
3141 1888 3225 1932 ex
3277 1870 3608 1950 insperato
3665 1867 4075 1934 advenerunt
4115 1870 4400 1936 Ioannes
4450 1872 4686 1936 Torna-

2732 1974 2860 2032 0140,
2887 1952 2967 2040 ¹⁰)
3018 1952 3397 2021 Franciscus
3439 1952 3854 2019 Viviacensis
3899 1965 3968 2018 et
3993 1954 4489 2036 Christophorus,
4536 1977 4685 2022 cum

2737 2041 2972 2121 quibus
3016 2039 3308 2104 nondum
3353 2039 3540 2104 licuit
3595 2040 3904 2104 conferre.
4007 2039 4146 2122 Ipsi
4201 2049 4269 2105 te
4326 2041 4685 2123 plurimum

2736 2125 3025 2190 salutant
3068 2135 3132 2188 et
3177 2126 3384 2189 nostri
3429 2145 3673 2189 omnes.
3764 2125 3914 2190 Non
3955 2127 4175 2192 licebit
4218 2128 4423 2207 nobis,
4478 2149 4685 2211 quan·

2738 2221 2881 2275 tum
2926 2233 3008 2276 ex
3048 2211 3209 2294 ipsis
3252 2210 3466 2286 audi0,
3511 2209 3592 2274 ad
3637 2210 3809 2274 diem
3846 2211 4081 2277 Martis
4123 2213 4492 2278 convenire.
4564 2211 4683 2279 Sa·

2736 2298 2880 2361 luta
2924 2317 3193 2361 uxorem
3242 2303 3308 2360 et
3350 2297 3588 2360 amicos
3623 2316 3848 2361 omnes
3884 2308 4103 2363 nostro
4148 2299 4428 2364 nomine.
4494 2298 4683 2365 Vale.

2738 2385 3153 2460 Lausannae‚
3201 2385 3301 2445 21.
3348 2380 3500 2446 Iulii
3555 2384 3732 2443 1542.

3858 2519 4053 2619 ⁴'suus
4096 2520 4172 2586 P.
4219 2521 4509 2586 Viretus.

3511 2796 3913 2804 ————-—..-———.

3625 3011 3778 3082 4⁰5.

3228 3157 3711 3233 SUL'ZERUS
3755 3166 4192 3234 OALVINO.

2924 3337 3129 3402 Vireto
3177 3337 3491 3404 Genevam
3544 3337 3819 3402 orbatam
3874 3338 4048 3403 dolet.
4111 3339 4339 3406 ·Nova
4394 3345 4450 3406 et
4497 3344 4694 3410 varia

2735 3425 2919 3504 affert
2960 3443 3035 3488 ex
3080 3422 3330 3502 Berua,
3388 3422 3677 3503 Basilea,
3747 3424 4000 3505 Turieo,
4052 3426 4483 3509 Arqentorato,
4536 3429 4693 3495 item

2736 3510 2811 3574 de
2853 3509 3029 3574 bellis
3072 3511 3300 3575 eoeteris
3341 3514 3399 3574 et
3439 3510 3729 3575 civilibus
3777 3509 4252 3577 Germanorum.

2735 3679 2849 3743 (Ex
2885 3697 2918 3732 a
2957 3679 3197 3748 ographo
3243 3681 3378 3733 satis
3422 3680 3627 3732 recenti
3675 3685 3733 3733 et
3773 3680 4031 3734 mendoso
4066 3682 4210 3735 Bibl.
4259 3685 4460 3738 nation.
4508 3685 4687 3741 Paris.

2737 3748 2864 3803 cod.
2944 3764 3091 3817 upuy
3132 3746 3247 3814 102,
3279 3749 3370 3801 fol.
3405 3746 3487 3801 80.
3560 3748 3830 3803 Plurimos
3865 3766 4077 3803 errores
4112 3751 4322 3805 librarii
4357 3754 4524 3807 tacite
4560 3771 4687 3811 cor·

3110 3818 3359 3885 reximus,
3391 3818 3721 3872 insanabiles
3753 3819 4013 3872 asterisco
4047 3820 4333 3886 notamus.)

2906 3985 2982 4051 Si
3047 3985 3444 4071 deplorando
3518 3988 3852 4071 publicum
3931 3989 4350 4056 ecclesiarum
4429 3999 4687 4059 statum

2735 4075 3157 4155 proficeretur
3177 4073 3249 4136 in
3272 4074 3526 4151 melius,
3563 4071 3966 4156 deplorarem
4001 4097 4178 4154 sane,
4214 4076 4410 4159 idque
4446 4080 4688 4146 acerbe

2737 4166 2804 4222 et
2845 4156 3301 4236 vehementer,
3358 4167 3578 4223 tecum
3633 4167 3700 4224 et
3752 4161 4084 4244 privatum
4138 4169 4207 4226 et
4262 4182 4690 4230 communem

2736 4242 3051 4322 dolorem,
3116 4253 3386 4327 propter
3435 4244 3812 4330 ademptum
3863 4246 4130 4328 inquam
4189 4247 4469 4314 Vir-etum
4524 4270 4689 4317 nos·

2944 4448 2996 4512 7)
3035 4447 3124 4500 De
3165 4447 3266 4500 1100
3306 4448 3370 4501 v’n
3426 4448 3736 4504 doctissimo
3784 4448 4184 4517 Riyqenbachii
4226 4455 4491 4521 opusculo
4536 4455 4691 4510 m'Ml

2735 4517 2972 4571 relatum
3004 4516 3333 4570 invenimus.
3406 4518 3580 4572 Gaius
3624 4524 3808 4574 tamen
3852 4535 3903 4572 v.
3938 4519 4298 4588 Kirchenyes.
4332 4538 4381 4578 z.
4417 4524 4589 4578 Basel
4621 4543 4687 4595 p.

2733 4584 2820 4639 42.
2891 4585 3022 4654 Ipsi
3055 4585 3267 4653 psalmi
3309 4586 3509 4654 absque
3555 4586 3721 4641 dubio
3769 4588 4086 4643 Marotiani
4129 4595 4306 4645 ermtt.
4389 4592 4691 4649 Caeterum

2733 4654 2806 4720 ef.
2844 4654 2922 4708 N.
2959 4653 3027 4706 37
3063 4660 3114 4707 et
3147 4654 3425 4722 Her-mind.
3462 4655 3571 4709 IV.
3609 4655 3726 4708 233.

2940 4723 2998 4789 8)
3039 4722 3151 4790 Qua·
3183 4728 3299 4775 tum
3341 4724 3518 4777 Orbae
3562 4730 3683 4778 erat
3709 4729 3926 4792 pastor,
3979 4742 4106 4781 mox
4141 4727 4507 4784 Ebrodemum
4544 4747 4686 4788 con-

2731 4805 3004 4844 cessurus.
3076 4792 3244 4844 Amto
3290 4791 3502 4846 demum
3550 4794 3684 4846 1546
3720 4794 4067 4849 Lausarmae
4106 4796 4436 4863 professoris
4470 4816 4689 4858 munus

2728 4860 2873 4913 adiit
2907 4858 3155 4927 (fluebat
3194 4860 3260 4915 V.
3297 4862 3414 4914 219.
3450 4860 3597 4928 298).
4474 4855 4494 4873 ·

2935 4928 2990 4995 9)
3035 4926 3211 4982 Orbae
3255 4935 3307 4983 et
3352 4929 3650 4984 Ebrodnmi
3693 4936 3869 4998 puta3
3924 4950 4058 4988 nam
4100 4935 4192 4989 11(Σο
4248 4940 4365 4989 tum
4410 4941 4689 5007 temporis

2729 4995 3075 5076 Malinyrius
3110 4997 3351 5052 decanus
3383 4999 3510 5065 fuit.
3565 4999 3653 5052 De
3686 5002 3897 5068 neqotio
3926 5003 4051 5071 ipso
4086 5019 4201 5058 non
4232 5004 4493 5061 habemas
4526 5009 4688 5076 quod

2854 5081 2976 5118 mas
4790 5091 4797 5100 ·

2936 5106 3025 5196 10)
3062 5134 3147 5188 Io.
3185 5134 3253 5188 de
3293 5136 3557 5206 Towmay
3590 5137 3719 5218 aliqu
3744 5139 4198 5207 Auffiestinianus
4234 5141 4410 5209 (Hist.
4435 5144 4683 5201 ecd.II.

2670 5187 2685 5278 ,l
2727 5201 2874 5269 589),
2929 5222 2982 5257 a.
3036 5201 3169 5256 1534
3207 5209 3407 5272 pastor
3444 5204 3770 5261 Patermaci
3817 5214 4048 5263 creatus.
4130 5209 4410 5281 HerminJ'.
4448 5214 4572 5268 ΙΙΙ.
4609 5231 4683 5284 p.

2731 5271 2986 5352 1003260.
3006 5271 3103 5325 IV
3104 5317 3111 5325 ,
3135 5271 3218 5324 92.
3261 5274 3689 5343 christophorus
3710 5278 3812 5332 iste
3835 5277 4197 5334 Tononiensis
4221 5280 4399 5346 fuisse
4426 5283 4681 5352 videtur,

2734 5339 3080 5394 Vwmcenm
3112 5357 3300 5395 verum
3334 5360 3532 5398 nornen
3559 5362 3669 5413 pro
3704 5351 3942 5415 tempore
3973 5347 4313 5416 iynoramus.
