5050 6167
421 410 540 473 649

418 595 545 662 orit
599 594 772 680 quod
828 594 1183 679 praesagiit
1241 593 1591 661 merus.
1621 593 1681 670 ²)
1767 591 2093 675 Oomparo
2147 613 2256 658 me
2314 592 2373 657 si

417 682 511 747 ita
552 681 729 747 volet
771 679 1118 761 Dominus,
1165 700 1483 763 speroque
1525 680 1664 744 fore
1705 684 1782 744 ut
1823 676 1937 743 det
1977 699 2369 745 successum.

417 767 630 833 Miror
680 767 832 851 quis
884 776 1024 832 tam
1078 766 1209 832 cito
1264 765 1590 831 detulerit.
1678 764 1775 829 At
1817 763 1985 829 nihil
2042 773 2143 830 est
2184 764 2373 830 cuius

417 874 554 918 non
596 853 683 919 sit
721 854 797 918 in
839 858 1147 937 promptu
1191 851 1378 932 ratio,
1437 849 1630 917 modo
1689 850 1852 915 alias
1894 848 2083 915 nobis
2141 851 2372 916 turbas

416 959 550 1004 non
591 945 855 1004 moveat
896 936 1111 1005 Satan
1167 945 1243 1002 ut
1295 937 1477 1003 solet.
1564 936 1714 1002 Hoc
1756 934 1878 1001 tibi
1927 935 2370 1019 significatum

416 1023 614 1089 volui.
684 1024 872 1090 Vale.
953 1024 1369 1104 Lausannae‚
1423 1028 1517 1087 15.
1563 1021 1879 1088 Novemb.
1932 1026 2111 1087 1543.

1558 1160 1738 1225 Tuus
1780 1159 1858 1225 P.
1907 1158 2195 1225 Viretus.

587 1333 720 1399 Hic
761 1332 1042 1399 nuncius
1082 1330 1380 1399 narrabit
1431 1328 1552 1395 tibi
1600 1327 1758 1412 quid

415 1418 869 1520 responderim
912 1420 972 1484 ei
1013 1439 1212 1518 super
1253 1415 1525 1483 consilio
1568 1463 1752 1481 .....

412 1505 828 1675 m
1141 1526 1174 1571 e
1218 1553 1233 1569 .
1272 1552 1288 1568 .
1328 1553 1343 1568 .
1388 1523 1429 1567 a
1483 1521 1593 1566 me
1648 1521 1754 1565 re-

1324 2098 1473 2171 519.

907 2236 1398 2306 MYOONIUS
1443 2235 1872 2304 GALVINO.

596 2411 767 2494 Quae
806 2408 1044 2479 Cacsar
1084 2409 1314 2492 ubique
1367 2414 1680 2475 terram
1730 2414 1945 2476 contra
1985 2409 2371 2494 evanyelium

406 2502 464 2564 et
523 2496 923 2564 machinatur
976 2500 1033 2560 et
1072 2496 1340 2578 perficit,
1401 2515 1478 2562 ea
1534 2496 1916 2579 evangelicos
1955 2496 2203 2562 tandem
2244 2496 2368 2562 ali-

407 2584 662 2667 quando
704 2583 791 2648 ad
830 2580 1221 2648 concordiam
1249 2600 1609 2664 permovere
1649 2580 1944 2646 deberat&

408 2754 610 2823 (Manu
647 2752 864 2822 scripta‘
886 2768 995 2806 non
1029 2756 1224 2805 exstat.
1294 2750 1665 2805 Describimns
1701 2766 1768 2804 ex
1805 2748 1935 2803 edit.
1961 2751 2137 2804 Besae
2162 2749 2365 2805 Genev.

405 2840 461 2893 p.
502 2820 590 2887 44,
627 2822 788 2876 Iasus.
821 2837 875 2890 p.
912 2819 1031 2890 101,
1066 2820 1279 2874 Hanov.
1304 2836 1359 2889 p.
1379 2818 1497 2886 114,
1534 2819 1754 2873 Ghouet.
1777 2816 1933 2888 1256,
1971 2822 2147 2874 Amst.
2170 2836 2224 2889 p.
2249 2817 2365 2886 26.)

589 3009 737 3077 Scis
836 3008 949 3075 uid
1007 3009 1216 3094 egerit
1260 3007 1496 3076 Caesar
1536 3009 1608 3073 in
1652 3007 2017 3075 Germania
2056 3008 2367 3074 inferiore

406 3110 645 3164 contra
685 3032 1308 3171 ffil‘desheimenscs,
1345 3097 1395 3177 ¹)
1453 3094 1857 3176 Antverpiae
1922 3094 2082 3159 item
2140 3101 2369 3160 contra

401 3184 619 3250 bonos
663 3189 730 3248 et
771 3181 991 3248 doctos
1046 3177 1360 3264 quosdam
1408 3199 1571 3263 quos
1625 3180 1832 3245 eiecit.
1917 3179 2014 3246 Ut
2054 3180 2368 3262 prohibu-

404 3271 542 3335 erit
585 3289 671 3333 ne
714 3266 895 3334 cibus
930 3266 1121 3331 detur
1156 3272 1272 3330 aut
1314 3264 1668 3347 hospitium
1711 3264 1973 3331 infectis
2011 3285 2184 3331 nova
2217 3262 2367 3331 doc·

404 3356 621 3435 trina,
686 3354 780 3419 sic
838 3352 1013 3418 enim
1069 3358 1261 3418 vocat
1315 3350 1779 3434 evangelicam.
1867 3349 1963 3416 Ut
2016 3349 2366 3416 Colonien-

404 3462 554 3508 sem
617 3439 952 3505 civitatem
1031 3434 1468 3504 corroborarit
1532 3435 1846 3501 adversus
1910 3435 2367 3519 Archiepisco-

451 3547 604 3593 um:
633 3527 690 3608 2)
757 3530 823 3597 et
878 3522 1147 3589 tandem
1203 3531 1278 3587 ut
1339 3541 1508 3587 evan
1558 3519 1756 3585 elium
1814 3540 1890 3586 ac
1954 3520 2368 3605 evangelicos

455 3612 716 3679 omines
753 3610 920 3676 Meti
955 3630 1165 3693 nuper
1199 3606 1581 3733 profligant,
1627 3606 1826 3671 misso
1869 3605 1940 3669 in
1985 3606 2108 3672 hoc
2150 3606 2366 3691 legato

405 3696 651 3765 Oarolo
695 3694 919 3762 Boisot
959 3695 1014 3760 1.
1061 3695 1368 3771 Doctore,
1426 3691 1453 3779 )
1519 3691 1710 3756 hoste
1773 3692 2056 3756 nominis
2115 3691 2369 3757 Christi

404 3782 1007 3850 truculentissimo:
1051 3778 1118 3844 id
1165 3777 1337 3863 quod
1372 3800 1444 3843 re
1484 3777 1632 3862 ipsa
1663 3777 1966 3859 probavit
2000 3777 2191 3842 satis:
2239 3777 2366 3842 eie-

405 3870 498 3937 cit
546 3868 722 3934 enim
762 3868 848 3933 D.
893 3865 1275 3930 Valtrinum
1326 3862 1609 3946 sylvium
1652 3864 1793 3947 (qui
1848 3862 1984 3927 illic
2038 3863 2223 3928 iussu
2266 3883 2367 3928 se-

404 3961 611 4020 natus
654 3962 720 4019 et
773 3951 984 4038 plebis
1040 3948 1419 4034 aliquandiu
1460 3947 1867 4032 praedicavit
1921 3947 2366 4033 evangelium)

405 4062 551 4107 non
595 4039 740 4105 sine
781 4036 1175 4123 ignominia:
1238 4034 1500 4101 vocavit
1535 4034 1727 4105 ,enim
1772 4032 2194 4114 haereticum,
2254 4033 2369 4118 qui

405 4128 481 4193 vi
530 4127 829 4191 intrusus
873 4144 912 4189 a
934 4119 1486 4199 Protestantibus,
1531 4118 1924 4203 praedicarit
1955 4119 2370 4186 Metensibus

399 4212 654 4279 horum
696 4210 1020 4294 dogmata.
1091 4206 1198 4272 De
1232 4206 1487 4288 quibus,
1530 4212 1600 4270 et
1641 4203 1722 4269 de
1761 4202 2114 4270 Coloniensi
2150 4205 2369 4288 palam

404 4296 601 4379 dixit,
644 4296 939 4362 omnium
980 4292 1330 4376 impiorum
1373 4300 1440 4356 et
1494 4290 2062 4357 schismaticorum
2111 4300 2179 4355 et
2220 4290 2371 4356 hae-

621 4501 682 4567 2)
721 4499 809 4566 Cf.
846 4498 926 4554 N.
960 4497 1081 4551 515.
1153 4496 1371 4552 Nomou
1406 4494 1627 4549 Subari
1666 4494 1723 4548 h.
1769 4494 1805 4547 l.
1853 4512 1890 4548 a
1926 4493 2114 4551 Vin-oto
2156 4495 2367 4564 iucem·-

405 4578 600 4631 tamer
644 4570 932 4637 seriptum.
1015 4567 1106 4621 Do
1155 4580 1331 4620 causa
1371 4562 1504 4633 ipsa
1549 4580 1600 4617 v.
1648 4562 1942 4617 Hundcsh.
1981 4580 2046 4632 p.
2096 4564 2216 4633 181,
2271 4565 2370 4633 qm·

405 4658 535 4698 aaut
569 4639 808 4694 nav-'me
841 4641 1037 4692 contra
1071 4632 1780 4691 &amabam-adium
1808 4632 2370 4688 adonem-idomenus

406 4707 670 4775 ostendit,
823 4707 876 4761 si
905 4706 959 4759 is
990 4720 1194 4760 novum
1222 4707 1498 4772 papatum
1528 4700 1735 4768 myst-e
1768 4700 2024 4756 studeret.

622 4723 1298 4856 mapsa-scriptum
1330 4775 1593 4840 emptu-te
1625 4769 1984 4825 damaim
2017 4770 2370 4839 microscopii

407 4848 946 4983 ‘’iffifflfflssf'ff'
999 4911 1009 4922 ·
1083 4924 1239 4963 mm
1274 4910 1353 4965 N.
1392 4908 1512 4977 50⁷,
1546 4906 1746 4986 „aaa
2163 4977 2173 4987 .

625 4981 995 5048 fflPIuaeibm
1149 4974 1744 5045 omne-masma.
1799 4989 1866 5043 p.
1918 4976 2023 5030 318
2079 4976 2368 5046 epsaeolan

407 5053 657 5121 afferam
691 5066 855 5120 quan
894 5048 1127 5104 Garum
1161 5047 1212 5101 d.
1250 5047 1300 5100 9.
1333 5048 1483 5115 Any.
1527 5061 1597 5100 ea:
1642 5044 1948 5112 Moaunts'a
1997 5046 2076 5100 ad
2117 5050 2370 5100 senatum

410 5122 795 5178 Coloniam
924 5117 1065 5172 ἐϋ.
1121 5114 2370 5185 Ipsccodommmewbcmadiitetcfflcit

407 5134 2222 5266 camazodicredefflorapadomrovortcmm3

625 5256 1026 5323 3›Sie.Edd.
1068 5252 1683 5310 VmMmmn
1728 5257 1825 5319 eat,
1872 5268 2011 5320 qum
2055 5255 2226 5309 scrib·
2273 5253 2368 5309 de·

410 5329 573 5384 beat.-
609 5329 750 5382 luris
785 5328 1022 5381 doctore.
1097 5324 1183 5390 01.
1218 5322 1499 5377 Bucam
1533 5319 1614 5374 N.
1649 5321 1771 5389 511,
1807 5327 1921 5377 not.
1955 5322 2006 5377 3.

2124 406 2289 469 1543
2332 401 2752 470 NOVEMB.

4307 409 4437 472 650

2475 592 2833 658 reticorum
2876 611 3020 657 eme
3062 592 3394 673 pessimos.
3482 592 3881 676 Amputavit
3922 601 4263 676 praeterea
4302 595 4435 662 lin-

2477 697 2677 761 guam
2737 675 3161 742 mulierculae
3226 698 3396 760 quae
3473 679 3734 744 invecta
3807 686 3952 745 erat
4027 681 4099 745 in
4161 681 4433 748 missam

2474 783 2684 848 papae
2728 763 2952 829 verius
2994 781 3190 845 quam
3247 762 3668 845 petulantius,
3730 771 3798 829 et
3851 764 4014 832 hoec
4054 787 4267 850 poena
4309 767 4439 833 fuit

2477 870 2563 915 ex
2596 849 2827 932 gratia,
2871 869 3031 914 nam
3063 850 3394 914 sententia
3426 849 3564 914 lata
3596 851 3809 934 mergi
3842 848 4133 918 debebat.
4212 852 4437 920 Hodie

2474 955 2628 1001 cum
2706 934 2930 999 multis
3008 934 3156 1000 aliis
3232 934 3570 1001 exsulibus
3640 938 4043 1019 Argentinae
4118 946 4429 1005 moratur.

2474 1020 2762 1088 Articuli
2795 1041 2956 1102 quos
2999 1029 3339 1104 praeterea
3373 1021 3607 1086 statuit
3640 1022 4018 1100 servandos,
4056 1023 4220 1089 tales
4254 1031 4433 1105 sunt,

2473 1113 2554 1171 ut
2609 1107 2988 1172 ministrum
3043 1106 3440 1173 Antichristi
3499 1114 3566 1172 et
3620 1104 3911 1173 Satanae
3964 1127 4098 1173 non
4157 1108 4433 1177 obscure

2474 1192 2828 1276 intelligas.
2916 1192 3147 1257 'Palem
3202 1191 3461 1258 hostem
3504 1213 3661 1276 ergo
3703 1213 3908 1275 quum
3949 1194 4022 1258 in
4068 1194 4439 1263 Germania

2475 1276 2837 1344 habeamus
2901 1298 3054 1343 cum
3119 1279 3410 1344 exercitu
3465 1278 3867 1357 saevissimo,
3933 1279 4094 1365 quid
4155 1300 4289 1346 non
4345 1279 4434 1347 ad

2634 1385 2703 1427 m
2743 1363 3046 1429 omnibus
3102 1363 3355 1430 viribus
3408 1363 3786 1430 laboramus
3839 1367 4063 1447 potius
4105 1386 4301 1449 quam
4346 1363 4433 1431 ad

2476 1447 2885 1515 discordiam.
2975 1446 3184 1515 Obliti
3238 1449 3435 1516 credo
3492 1470 3722 1516 sumus
3775 1448 3996 1516 Deum
4051 1452 4232 1535 pacis
4286 1472 4431 1519 esse

2474 1533 2715 1612 Deum,
2772 1555 2905 1599 non
2962 1534 3397 1601 dissensionis.
3486 1534 3635 1601 Hoc
3679 1535 3853 1600 enim
3898 1537 3956 1602 si
3998 1547 4178 1602 recto
4219 1538 4432 1604 consi-

2475 1618 2857 1685 deraremus
2912 1621 3161 1699 animo,
3221 1641 3357 1685 non
3401 1618 3671 1686 dubium
3717 1633 3819 1686 cst
3862 1622 4040 1705 quin,
4086 1632 4430 1706 postquam

2475 1705 2893 1789 evangelium
2936 1706 3078 1771 eius
3114 1707 3517 1789 profitemur,
3562 1726 3603 1771 a
3635 1707 3882 1773 nostris
3916 1707 4258 1776 affectibus
4292 1728 4433 1775 ces-

2475 1798 2699 1857 santes
2737 1792 2881 1874 paci
2922 1811 3044 1858 nos
3079 1790 3568 1858 devoveremus.
3640 1789 3925 1858 Oremus
3958 1794 4155 1860 simul
4190 1793 4430 1877 itaque,

2475 1882 2544 1941 et
2596 1875 3021 1959 imploremus
3078 1878 3464 1955 Dominum,
3531 1886 3606 1943 ut
3660 1878 3718 1943 is
3773 1879 3972 1944 finem
4026 1880 4431 1945 contentioni

2474 1961 2745 2028 tandem
2787 1962 3101 2042 inveniat,
3153 1972 3501 2047 postquam
3555 1963 3629 2028 in
3681 1963 3870 2030 nobis
3926 1964 4097 2031 nihil
4139 1966 4280 2031 eius
4323 1987 4429 2032 re-

2473 2048 2677 2131 periri
2730 2047 2902 2113 licet.
2990 2047 3113 2113 Ille
3169 2047 3369 2127 adsit,
3432 2068 3688 2131 quaeso,
3745 2050 3946 2115 verbo
4000 2058 4068 2116 et
4121 2051 4433 2118 ecclesiae

2475 2152 2648 2199 suae.
2757 2132 3049 2217 Pergere
3125 2132 3365 2199 dicitur
3426 2133 3980 2219 Archicpiscopus
4049 2134 4436 2203 coloniensis

2472 2217 2670 2303 plane
2704 2220 2847 2285 sine
2880 2228 3147 2297 terrore,
3186 2220 3490 2285 similiter
3523 2227 3593 2285 et
3612 2219 4138 2289 monaster-imis
4170 2223 4243 2287 in
4281 2243 4431 2305 pro-

2473 2303 2743 2370 ferendo
2797 2305 3140 2390 evangelio
3184 2325 3386 2387 quam
3438 2303 3771 2371 latissime.
3857 2306 4187 2373 Dominus
4241 2307 4429 2374 adsit.

2472 2388 2719 2456 Omnia
2758 2398 3098 2473 praeterea
3142 2410 3319 2456 nunc
3352 2399 3705 2456 versantur
3745 2392 3818 2456 in
3861 2392 4313 2473 consultando,
4358 2403 4434 2459 ut

2472 2474 2776 2542 videlicet
2830 2476 2905 2541 in
2961 2496 3211 2542 annum
3266 2476 3563 2541 futurum
3576 2527 3593 2555 ‚
3649 2474 3940 2544 Satanae
3991 2479 4237 2544 fraenis
4279 2499 4430 2563 per-

2472 2562 2711 2639 missis,
2767 2561 2990 2629 omnia
3041 2563 3459 2629 misceantur.
3545 2561 3873 2645 Equidem
3927 2562 4086 2644 dico,
4143 2565 4435 2631 Domine

2471 2648 2592 2713 fiat
2634 2647 2942 2713 voluntas
2985 2656 3118 2714 tua.
3210 2647 3379 2712 Vale
3419 2649 3491 2713 in
3537 2646 3805 2714 Christo
3847 2668 4000 2714 cum
4040 2651 4167 2734 piis
4209 2650 4433 2716 fratri-

2470 2733 2595 2799 bus
2636 2732 2955 2799 omnibus.
3044 2733 3350 2801 Basileae
3394 2735 3495 2798 23.
3533 2732 3599 2798 N
3598 2733 3884 2800 ovcmbr.
3931 2736 4128 2801 Anno
4183 2739 4362 2801 1543.

3528 2867 3642 2936 Os.
3687 2870 4040 2956 Myconius
4083 2879 4255 2938 tuus.

3248 3166 3655 3174 ——-———-—-

3384 3400 3537 3471 520.

3013 3551 3486 3621 CALVINUS
3531 3551 3896 3622 VIRETO.

2647 3724 2973 3791 Farellum
3009 3724 3259 3806 frustra
3298 3724 3503 3792 adhuc
3546 3731 3960 3807 exspectatum
3982 3728 4277 3808 proxime
4320 3730 4433 3796 ad-

2466 3812 2758 3894 futurum
2811 3814 3049 3892 sperat,
3122 3809 3405 3875 Viretum
3455 3816 3528 3875 ut
3583 3810 3778 3895 simul
3840 3812 4008 3877 adsit
4057 3819 4258 3897 royat.
4347 3814 4435 3880 In

2470 3898 2705 3981 myotio
2752 3894 3155 3962 Ncocomensi
3214 3894 3600 3961 Zebedaeum
3657 3896 3989 3963 delatorem
4044 3899 4240 3982 eyisse
4294 3920 4439 3966 sus·

2460 3983 2739 4066 pientur.
2841 3979 3203 4048 castellioni
3257 4001 3511 4047 munere
3567 4003 3631 4047 se
3689 3981 4050 4050 abdicatmo
4106 3985 4238 4050 iam
4291 4006 4434 4052 suc-

2471 4089 2769 4135 cessorem
2811 4068 3069 4150 quaerit.

2474 4258 2589 4322 (Ex
2636 4255 2974 4325 autographo
3020 4254 3151 4309 Cod.
3198 4253 3402 4309 Genev.
3456 4253 3555 4307 106
3630 4254 3720 4310 sol.
3767 4254 3855 4310 93.
3924 4257 4054 4310 Alia
4099 4259 4436 4327 exemplaria

2474 4331 2696 4380 exstant
2731 4322 3148 4405 ceumaco&
3186 4322 3329 4405 ¹¹1⁸:
3375 4324 3468 4378 rol.
3505 4298 3575 4377 35
3608 4339 3771 4378 verso
3806 4325 4107 4387 Ionium,
4143 4324 4274 4379 cod.
4310 4324 4435 4409 nit

2472 4397 2563 4450 sol.
2612 4392 2697 4447 82.
2733 4393 3027 4459 Turrctmi,
3064 4392 3574 4515 fflfflssrfffiffi
3595 4392 3747 4529 δὶἐιιὶρ.
3776 4393 3903 4448 vn.
3936 4411 3990 4463 p.
4025 4391 4131 4447 513
4166 4400 4224 4447 et
4246 4394 4431 4449 Tui-101

2473 4650 2688 4717 Fideli
2719 4649 2973 4718 Christi
3007 4668 3199 4715 servo
3222 4648 3421 4713 Petro
3442 4648 3679 4713 Vireto
3701 4647 4202 4718 Lausannensis
4224 4649 4431 4717 ecclc-

2816 4735 2953 4803 siae
2995 4734 3244 4818 pastori
3285 4733 3477 4799 fratri
3519 4734 3687 4798 mihi
3730 4734 4083 4801 carissimo.

2647 4889 2717 4957 S.
2763 4889 3018 4956 Farcllo
3050 4909 3265 4971 nuper
3306 4907 3424 4970 per
3466 4886 3717 4971 legatos
3752 4888 3872 5040 gui
3905 4888 4237 4957 Basileam
4275 4910 4431 4973 pro-

2470 4977 2931 5044 ficiscebantur
2959 4975 3008 5059 ¹)
3048 4974 3182 5039 iam
3216 4974 3412 5039 tertio
3445 4974 3693 5057 scripsi.
3808 4995 3964 5059 pero
3999 4975 4218 5058 itaque
4242 4974 4430 5045 brevi

2505 5253 2638 5312 520.
2676 5253 2734 5307 1)
2762 5245 4427 5374 ztmtandomauquamdoliscumssermtibusdesyiaon

2471 5335 2763 5390 componor
2885 5360 2901 5376 .
