5050 6167
514 2332 521 2339 ·
645 2330 809 2374 num
853 2311 1137 2393 gratiam
1175 2310 1446 2376 involvo
1489 2318 1605 2376 aut

612 410 779 474 ‘⁷75
826 427 844 493 ;
912 356 1022 426 *”

614 589 620 595 ’
654 592 1108 672 concedamus.
1194 595 1344 664 Hoc
1381 594 1588 681 igitur
1626 595 1918 679 primum
1973 602 2271 681 reputes,
2329 597 2617 677 obsecro,

635 702 810 751 -cum
852 682 985 749 tuis
1028 679 1318 768 collegis,
1366 703 1523 763 ‚cum
1565 682 1885 764 primario
1927 681 2182 748 Christi
2223 702 2418 749 servo
2432 733 2450 762 ‚
2509 683 2619 748 cui

651 768 940 834 multum
985 766 1296 834 debemus
1337 788 1585 847 omnes,
1628 768 1815 833 vobis
1858 789 2001 835 esse
2043 769 2396 852 negotium.
2483 769 2618 835 De-

650 853 806 920 inde
846 853 1016 919 nihil
1059 873 1178 920 vos
1220 852 1549 920 hostiliter
1599 854 1671 918 in
1715 874 1870 920 eum
1912 853 2326 939 confligendo
2364 855 2617 938 profec-

653 947 856 1018 turos,
900 959 1098 1023 quam
1132 946 1212 1004 ut
1246 939 1469 1005 lusum
1507 938 1730 1023 impiis
1763 939 2148 1023 praebeatis,
2193 947 2269 1006 ut
2311 960 2444 1006 non
2477 949 2617 1006 tam

653 1022 736 1092 de
778 1025 966 1092 nobis
1006 1046 1207 1109 quam
1241 1024 1324 1090 de
1367 1025 1710 1109 evangelio
1744 1025 2174 1109 triumphent.
2264 1023 2342 1091 Si
2384 1033 2617 1091 mutuo

652 1132 775 1176 nos
795 1107 1297 1195 proscindimus,
1333 1110 1485 1194 plus
1508 1112 1671 1177 satis
1692 1110 1942 1177 habent
1962 1110 2149 1177 nobis
2169 1110 2341 1177 fidei.
2389 1110 2616 1191 Quum

653 1204 880 1263 autem
923 1217 1056 1263 uno
1099 1216 1423 1263 consensu
1467 1203 1534 1262 et
1576 1217 1689 1262 ore
1733 1216 1868 1261 uno
1902 1196 2360 1280 praedicamus
2382 1197 2615 1263 Chris-

652 1290 813 1362 tum,
858 1302 935 1348 eo
977 1281 1344 1348 abutuntur
1387 1281 1470 1348 ad
1513 1280 1711 1347 fidem
1766 1281 1951 1348 nobis
2010 1281 2166 1348 dero
2214 1281 2485 1362 andam,
2544 1285 2614 1349 in

652 1389 783 1452 quo
824 1366 978 1453 plus
1019 1388 1216 1451 qnam
1260 1388 1382 1451 par
1423 1367 1514 1434 sit
1555 1369 1744 1434 nobis
1779 1367 2076 1434 eredunt.
2165 1305 2353 1435 {aec
2394 1370 2615 1452 potius

651 1453 896 1519 intueri
939 1460 1021 1540 et·
1050 1454 1340 1538 cogitare
1382 1460 1449 1519 te
1492 1453 1709 1534 velim,
1767 1475 1967 1537 quam
2009 1454 2168 1538 quid
2209 1475 2330 1520 sua
2370 1455 2613 1521 intem-

651 1539 834 1623 perie
876 1539 1277 1624 promeritus
1332 1539 1421 1604 sit
1459 1538 1790 1606 Luthencs.
1877 1540 1982 1605 Ne
2026 1560 2184 1625 ergo
2228 1540 2421 1605 nobis
2461 1562 2615 1609 eve-

652 1624 793 1690 niat
835 1624 1009 1708 quod
1057 1624 1408 1712 denunciat
1447 1624 1733 1704 Paulus,
1792 1633 1868 1690 ut
1919 1626 2205 1692 invicem
2258 1625 2613 1693 mordendo

651 1731 770 1776 nos
814 1718 882 1776 et
914 1710 1262 1777 lacerando
1294 1730 1787 1792 consumamur:
1831 1711 2032 1777 etiam
2066 1712 2124 1777 si
2161 1710 2272 1778 ille
2304 1734 2426 1779 nos
2460 1733 2614 1796 pro-

652 1797 1004 1874 vocaverit,
1041 1795 1503 1861 abstinendum
1545 1797 1766 1880 potius
1800 1817 1841 1861 a
1882 1798 2261 1876 certamine,
2307 1820 2504 1882 quam
2539 1805 2616 1864 ut

652 1882 987 1950 communi
1030 1881 1339 1948 ecclesiae
1381 1882 1636 1948 iactura
1678 1882 1922 1948 vulnus
1966 1904 2342 1966 augeamus.

825 1966 1115 2036 Causam
1145 1966 1228 2052 ¹⁸)
1266 1987 1402 2032 non
1437 1969 1687 2052 attingo
1728 1966 1808 2033 de
1841 1988 1972 2052 qua
2006 1977 2148 2033 tum
2183 1976 2402 2036 tecum
2440 1977 2613 2036 trac-

646 2059 791 2118 tare
831 2052 1263 2119 vehementer
1318 2073 1660 2136 cuperem:
1720 2054 1874 2137 quia
1928 2075 2162 2120 vereor
2213 2077 2297 2120 ne
2338 2054 2497 2139 qnid
2540 2057 2613 2120 in

648 2158 796 2203 mea
854 2136 1126 2204 docendi
1173 2138 1430 2204 ratione
1489 2136 1893 2204 desideretis.
1977 2141 2126 2225 Ego
2180 2140 2353 2224 quod
2397 2141 2611 2208 sentio

647 2222 1035 2308 simpliciter
1078 2233 1145 2290 et
1187 2222 1432 2308 absque
1475 2225 1623 2291 fuco
1713 2226 2009 2291 rofiteor:
2068 2226 2237 2291 nihil
2283 2226 2610 2292 inhomi-

1693 2310 2007 2377 issimulo.
2082 2309 2349 2377 Sentire
2385 2322 2607 2378 autem

642 2393 810 2459 mihi
852 2393 1080 2461 videor
1122 2395 1297 2479 quod
1340 2395 1544 2462 verbo
1585 2394 1718 2462 Dei
1760 2396 1949 2462 nobis
1994 2396 2295 2464 traditur.
2377 2395 2609 2479 Quan-

644 2500 843 2564 quam
887 2480 947 2546 si
989 2480 1268 2565 colloqui
1306 2479 1655 2547 dimidium
1700 2489 1961 2548 tantum
2005 2483 2176 2548 diem
2222 2484 2468 2563 liceret,
2507 2485 2608 2550 fa—

643 2564 766 2633 cile
810 2567 1225 2644 conveniret,
1286 2588 1505 2651 spero,
1562 2568 1739 2633 inter
1781 2588 1939 2648 nos,
1996 2589 2131 2634 non
2175 2568 2257 2635 de
2300 2591 2373 2635 re
2412 2569 2607 2636 modo

643 2650 759 2718 sed
804 2652 1003 2717 etiam
1046 2651 1127 2718 de
1171 2652 1480 2736 loquendi
1526 2654 1752 2719 forma.
1818 2652 2086 2719 Interea
2119 2676 2255 2719 non
2289 2655 2608 2739 impediat

512 2741 517 2750 '
641 2736 752 2802 hic
795 2737 1144 2837 serupulus
1202 2740 1550 2822 quominus
1603 2740 1963 2805 fraternam
2022 2740 2379 2806 amicitiam
2432 2741 2604 2808 cola-

639 2843 792 2888 mus
833 2844 905 2886 m
950 2823 1258 2889 Domino.
1351 2822 1547 2905 Quod
1589 2834 1657 2891 et
1698 2824 1934 2892 faciam
1977 2826 2120 2908 ipse
2155 2833 2225 2891 et
2267 2846 2384 2892 vos
2427 2833 2603 2892 certe

638 2908 929 2975 facturos
970 2909 1241 2976 confido.
1331 2909 1504 2977 Vale
1546 2910 1752 2976 frater
1794 2910 1963 2976 mihi
2000 2912 2074 2975 in
2118 2911 2408 2977 Domino
2452 2912 2602 2995 plu-

638 2994 887 3060 rimum
926 2993 1342 3073 honorande,
1402 3004 1469 3061 et
1512 2997 1718 3062 amic-e
1776 2996 2130 3062 carissime.
2221 2994 2460 3063 Saluta
2502 3020 2605 3064 re-

638 3088 951 3148 verenter
993 3088 1395 3167 symmystas
1439 3103 1668 3156 omnes
1709 3102 1856 3147 meo
1900 3083 2181 3148 nomine.
2271 3083 2602 3150 Dominus

635 3187 759 3231 vos
803 3176 1166 3245 conservet,
1208 3176 1278 3233 et
1320 3188 1443 3233 sua
1475 3169 1549 3233 in
1591 3165 1781 3234 vobis
1821 3165 1994 3234 dona
2028 3168 2241 3253 magis
2276 3189 2353 3234 ac
2387 3170 2602 3253 magis

638 3260 889 3334 augeat.
980 3251 1317 3332 Gencvae,
1375 3257 1476 3318 25.
1534 3252 1852 3319 Novemb.
1908 3258 2088 3320 1544.
2117 3255 2201 3337 ¹⁴)
2288 3253 2601 3340 Collegae

634 3337 770 3404 mei
812 3358 933 3404 vos
973 3338 1337 3422 plurimum
1380 3338 1688 3428 salutant.

1562 3473 1848 3540 Ioannes
1891 3473 2212 3543 Calvinus
2255 3484 2429 3544 tuus.

1409 3765 1821 3778 m

1543 3985 1695 4056 587.

1112 4085 1617 4207 Pomanus
1662 4140 2100 4211 cumve.

802 4309 887 4374 In
951 4309 1295 4391 disciplina
1358 4311 1745 4379 instituenda
1809 4312 2123 4394 hucusque
2182 4311 2591 4396 Arymtorati

624 4415 866 4479 parum
896 4395 1185 4477 profecit.
1274 4394 1555 4462 Libellus
1593 4395 1667 4462 de
1711 4397 2124 4464 Nicodemitis
2174 4399 2344 4464 omni
2401 4398 2590 4465 laude

627 4481 879 4566 diqnus.
952 4480 1131 4546 Petri
1172 4480 1435 4564 colleqae
1481 4482 1658 4548 triste
1695 4482 1919 4564 satum.
2009 4481 2391 4550 Coloniensis
2425 4486 2587 4567 epis-

625 4586 820 4648 copus
885 4564 1253 4649 ambayibus
1308 4568 1777 4634 circumventus,
1867 4568 2000 4635 Res
2043 4568 2425 4636 Meteri-sium
2478 4572 2584 4636 in-

622 4657 850 4803 οιιῖίαρ,
902 4653 1178 4751 maxime
1218 4656 1540 4718 matronae
1581 4654 1913 4720 cuiusdam
1953 4675 2144 4738 quam
2184 4657 2581 4723 commendat.

695 4759 843 4804 ama
886 4737 1231 4804 domestzca.

922 4908 1033 4972 (Ex
1070 4909 1409 4978 autographo
1447 4910 1577 4964 Ood.
1615 4911 1819 4966 Genev.
1858 4910 1972 4977 112,
2010 4913 2105 4967 sol.
2143 4912 2283 4980 211.)

624 5065 775 5074 uas-w*-
798 5066 859 5073 ⁴——
894 5067 1027 5074 a*

639 5251 650 5263 ·
767 5250 779 5262 .
831 5178 926 5246 13)
968 5179 1259 5251 Sequentia
1301 5198 1473 5254 usque
1507 5183 1584 5237 ad
1618 5186 1782 5240 verba
1796 5207 1811 5235 .·
1859 5184 2098 5239 facturos
2145 5187 2355 5240 confido
2398 5187 2582 5242 adhue

623 5248 924 5383 meduan)
961 5319 1101 5374 diem
1136 5327 1188 5374 et
1221 5337 1429 5375 annum
1467 5321 1600 5376 add.
1637 5321 1792 5376 Besa
1824 5323 1887 5376 in
1920 5337 2025 5377 sua
2060 5321 2310 5379 editione.

2206 406 2737 476 EPISTOLAE
2763 351 3123 472 *esc—587

4541 413 4652 476 776

2721 677 3163 747 ornatissimo
3215 681 3360 747 viro
3417 699 3495 746 ac
3549 679 3878 765 evangelii
3932 677 4189 747 Ohristi
4239 677 4486 747 vindici
4534 683 4657 766 pri-

2718 766 2931 832 mario
2987 766 3072 831 D.
3118 766 3212 832 M.
3259 766 3493 832 Ioanni
3537 765 3819 833 Calvino
3876 765 4198 850 magistro
4250 785 4328 832 ac
4380 768 4546 849 patri
4590 769 4659 835 in

2859 851 3130 919 Christo
3175 850 3628 920 colendissimo
3672 850 4088 919 ecclesiastae
4132 851 4525 919 Genevensi.

2892 987 2963 1055 S.
3009 989 3086 1055 P.
3154 988 3599 1055 Immortalcis
3652 1010 3777 1074 ago
3843 989 3965 1055 tibi
4027 989 4310 1073 gratias,
4376 1010 4451 1056 ac
4514 989 4660 1058 dum

2717 1076 2946 1142 vivam
2990 1094 3212 1159 agam,
3266 1095 3387 1159 pro
3431 1076 3636 1141 tantis
3679 1095 3838 1159 erga
3880 1096 3988 1141 me
4030 1075 4164 1141 tuis
4206 1075 4464 1141 officiis:
4528 1078 4662 1160 qui·

2718 1159 2841 1226 bus
2883 1182 3089 1244 quum
3122 1160 3516 1244 respondere
3560 1181 3896 1244 nunquam
3935 1163 4184 1245 possim
4225 1160 4296 1226 id
4336 1161 4663 1244 postulabo

2717 1247 2834 1312 abs
2877 1254 2945 1311 te
2988 1246 3238 1330 gratiae
3280 1255 3374 1327 ut,
3420 1246 3576 1313 dum
3622 1248 3937 1312 memoria
3970 1247 4170 1313 istaec
4202 1255 4321 1312 tua
4362 1248 4666 1315 beneficia

2717 1340 2979 1398 teneam
3023 1352 3099 1399 ac
3142 1332 3431 1399 consiliis
3474 1334 3737 1415 optimis
3793 1354 4023 1417 parere
4065 1333 4397 1412 studeam,
4456 1343 4528 1398 tu
4564 1356 4664 1400 ms

2718 1421 2878 1483 satis
2920 1420 3150 1484 fecisse
3193 1427 3405 1503 putes.
3493 1418 3692 1485 Oerte
3734 1416 3908 1502 quod
3968 1418 4052 1484 ad
4109 1427 4473 1502 postremas
4523 1428 4665 1486 tuas

2715 1503 2945 1570 literas
2993 1505 3230 1570 attinet
3271 1513 3757 1589 peropportune
3797 1504 3953 1570 illae
3996 1505 4161 1570 mihi
4205 1505 4496 1570 redditae
4537 1506 4666 1571 fue-

2717 1597 2892 1670 runt,
2937 1610 3104 1673 quae
3146 1613 3280 1656 non
3321 1591 3532 1656 solum
3575 1591 3657 1656 ob
3716 1589 4075 1657 discordias
4115 1590 4265 1656 illas
4306 1590 4663 1676 populares,

2717 1697 2883 1760 quae
2926 1674 3202 1741 subinde
3245 1697 3581 1761 emergere
3636 1676 3883 1754 solent,
3941 1676 4328 1760 ambiguum
4383 1678 4666 1742 animum

2717 1763 3217 1840 confirmarent,
3274 1784 3506 1828 verum
3561 1763 3759 1827 etiam
3805 1760 3887 1827 ob
3931 1761 4061 1827 alia
4102 1782 4311 1846 prope
4352 1764 4667 1829 iacentem

2717 1848 3062 1932 erigerent.
3148 1848 3326 1913 Illud
3372 1869 3578 1932 quum
3621 1847 3815 1914 valde
3857 1869 3964 1913 me
4006 1849 4303 1932 pupugit,
4356 1847 4533 1932 quod
4574 1848 4668 1914 di·

2715 1934 3074 2005 sertissime
3115 1954 3190 1999 ac
3232 1936 3623 2018 gravissime
3666 1934 4001 2013 admones,
4044 1933 4112 1999 id
4158 1933 4332 2018 quod
4373 1934 4523 2017 ipsa
4561 1955 4670 1999 ex-

2715 2020 3040 2102 perientia
3078 2021 3279 2085 etiam
3316 2041 3422 2084 me
3459 2019 3673 2085 docet:
3721 2020 3791 2084 in
3826 2019 4191 2102 frequentia
4234 2021 4531 2086 maxima
4561 2020 4672 2086 vix

2718 2104 3056 2170 dimidiam
3088 2114 3343 2188 partem
3380 2104 3577 2190 digne
3614 2106 4115 2171 communicare.
4182 2105 4268 2172 In
4304 2127 4436 2189 quo
4471 2127 4670 2190 quan-

2715 2197 2857 2255 tum
2903 2212 3023 2274 ego
3067 2211 3188 2256 vos
3232 2190 3459 2257 felices
3501 2190 3720 2257 iudico
3775 2191 3886 2274 qui
3942 2190 4113 2256 hanc
4167 2191 4496 2257 rationem
4538 2212 4671 2257 mo·

2713 2275 2918 2341 nendi
2963 2297 3039 2341 ac
3080 2276 3419 2342 reiiciendi
3462 2276 3846 2355 obtineatis,
3907 2284 4094 2342 tanto
4138 2297 4259 2343 nos
4298 2278 4672 2343 miseriores

2713 2369 2893 2445 puto,
2938 2362 3053 2444 qui
3094 2362 3168 2425 in
3212 2364 3418 2428 tantis
3462 2363 3773 2429 ecelesiae
3829 2362 4025 2427 malis
4085 2364 4197 2427 vix
4257 2362 4526 2429 tandem
4571 2384 4670 2429 as·

2714 2447 3044 2532 surgimus
3088 2447 3172 2513 ad
3213 2448 3571 2513 ineundam
3617 2449 3941 2513 rationem
3994 2448 4282 2531 aliquam
4345 2449 4456 2514 his
4500 2469 4670 2513 mor-

2711 2531 2812 2598 bis
2856 2532 3167 2599 curandis
3209 2534 3458 2600 utilem.
3549 2532 3842 2599 Tandem
3884 2541 4110 2598 tamen
4154 2555 4354 2618 opera
4397 2534 4485 2601 D.
4531 2533 4669 2599 Bu-

2710 2619 2838 2683 ceri
2865 2617 2910 2703 ¹)
2954 2619 3304 2702 impetravi
3362 2640 3403 2684 a
3455 2619 3820 2685 senioribus
3876 2620 4187 2685 ecclesiae
4240 2627 4542 2699 nostrae,
4597 2626 4671 2684 ut

2709 2711 3028 2787 quotquot
3083 2713 3278 2771 antea
3330 2704 3503 2770 idem
3604 2706 3834 2770 rofessi
3898 2712 4121 2771 essent
4184 2713 4300 2771 aut
4366 2704 4670 2787 deinceps

2707 2791 3188 2873 profitebuntur
3231 2792 3500 2856 nomina
3587 2801 3718 2870 ent,
3762 2811 3893 2874 quo
3927 2790 4254 2875 possimus
4299 2789 4671 2857 distributis

2710 2874 2993 2942 decuriis
3045 2886 3112 2941 et
3163 2877 3633 2959 inspectionem
3690 2898 3766 2942 ae
3818 2877 4283 2943 correctionem
4330 2877 4672 2942 meliorem

2705 2961 3074 3040 instituere,
3121 2969 3189 3026 et
3230 2963 3478 3044 pastori
3525 2961 3825 3044 deinceps
3868 2962 4053 3027 labor
4091 2962 4189 3027 ita
4226 2963 4575 3028 minuatur
4607 2968 4672 3027 et

2707 3047 2982 3125 invidia,
3017 3055 3093 3112 ut
3122 3047 3320 3131 idque
3357 3068 3618 3114 summo
3652 3047 3960 3113 ecclesiae
3996 3046 4334 3113 commodo
4359 3051 4498 3115 fiat.
4564 3049 4670 3113 Ita

2708 3133 2953 3197 sensim
3010 3133 3084 3198 in
3141 3153 3214 3198 re
3266 3133 3621 3199 admodum
3665 3134 3855 3218 gravi
3895 3133 4293 3217 proceditur.
4386 3135 4667 3200 Vestrae

2705 3218 3093 3301 prudentiae
3133 3219 3333 3284 fuerit
3385 3230 3644 3285 nostros
3700 3229 3972 3285 conatus
4014 3239 4150 3284 non
4195 3219 4416 3286 solum
4458 3220 4667 3304 preci-

2705 3304 2830 3369 bus
2868 3324 3105 3369 verum
3147 3307 3348 3370 etiam
3393 3304 3664 3371 consilio
3704 3305 3949 3370 iuvare.

2874 3389 3234 3456 Excusatio
3276 3391 3391 3454 illa
3433 3391 3516 3456 ad
3560 3389 4039 3457 Nicodemistas
4055 3392 4113 3468 ²)
4172 3391 4302 3474 piis
4361 3390 4667 3457 omnibus

2704 3494 2907 3556 supra
2947 3474 3215 3539 modum
3260 3475 3524 3558 placuit.
3612 3476 3785 3541 Mihi
3829 3495 3986 3542 vero
4021 3484 4520 3560 peropportune
4562 3495 4665 3541 ac·

2702 3558 2896 3639 cidit,
2951 3580 3157 3643 quum
3214 3560 3346 3625 iam
3391 3559 3638 3644 aliquid
3680 3562 3812 3628 tale
3847 3562 4299 3629 instituissem.
4392 3562 4668 3645 Aliquot

2702 3646 2883 3710 enim
2927 3667 3013 3709 ex
3036 3645 3260 3711 Gallia
3296 3647 3427 3713 viri
3463 3648 3865 3732 scripserant
3907 3647 3990 3713 ad
4031 3670 4150 3714 nos
4191 3661 4269 3713 ut
4292 3648 4662 3724 Laterum,

2706 3729 3099 3813 Philippum,
3146 3730 3466 3798 Bucerum
3501 3732 3911 3799 consulerem
3927 3736 3985 3810 ⁸)
4027 3755 4191 3799 num
4226 3735 4389 3817 quid
4436 3733 4519 3800 de
4555 3744 4667 3799 tua

2700 3813 2817 3880 illa
2890 3817 3243 3883 severitate
3321 3817 3443 3904 (sic
3509 3818 3684 3884 enim
3754 3818 4023 3905 vocant)
4101 3821 4360 3885 remitti
4426 3826 4661 3904 posset.

2700 3899 2909 3981 Quasi
2945 3923 3104 3967 vero
3148 3911 3264 3968 aut
3306 3915 3380 3969 tu
3423 3904 3515 3970 sis
3559 3904 3671 3987 qui
3712 3903 3862 3971 illos
3906 3904 4196 3986 damnes,
4243 3925 4322 3970 ac
4366 3928 4507 3972 non
4551 3925 4664 3989 po-

2698 3985 2832 4053 tius
2875 4007 2997 4052 sua
3036 3988 3060 4052 i
3108 4009 3329 4054 sorum
3363 3990 3781 4068 conscientia,
3826 3999 3942 4056 aut
3982 3990 4080 4055 illi
4126 4012 4450 4058 excusare
4493 3990 4663 4057 iudi-

2695 4082 2887 4137 cante
2930 4093 3006 4139 ac
3094 4081 3403 4140 amnantc
3444 4073 3735 4141 Domino
3776 4077 4048 4159 possint.
4138 4076 4399 4143 Verum
4444 4087 4523 4144 ut
4562 4077 4662 4142 in·

2694 4178 2907 4240 genue
2965 4180 3198 4225 verum
3253 4161 3492 4241 fatear,
3547 4162 3809 4227 tametsi
3866 4163 3923 4228 is
3976 4184 4109 4228 non
4164 4183 4315 4229 sum
4376 4165 4488 4231 cui
4542 4162 4662 4228 hoc

2692 4243 3011 4309 iudicium
3053 4242 3292 4311 deferri
3336 4245 3596 4326 debeat,
3655 4246 3865 4313 dicam
3922 4256 4147 4314 tamen
4202 4249 4383 4331 quod
4428 4248 4659 4315 sentio.

2693 4328 2993 4396 Libellus
3035 4330 3148 4396 illc
3192 4352 3311 4416 per
3352 4332 3574 4398 omnia
3615 4332 3892 4416 placuit:
3950 4342 4017 4399 et
4072 4336 4382 4417 quamvis
4427 4333 4662 4400 huma-

2691 4416 2862 4492 nius,
2907 4437 2982 4482 ac
3025 4436 3230 4499 prope
3274 4415 3557 4483 dixerim
3601 4417 4067 4503 indulgentius,
4112 4420 4443 4503 quaedam
4489 4419 4661 4485 dicta

2691 4499 3084 4566 videbantur
3135 4502 3205 4566 in
3249 4504 3533 4589 gratiam
3574 4505 4011 4570 infirmiorum
4030 4555 4047 4585 ,
4105 4526 4228 4591 ego
4287 4519 4525 4573 tamen
4571 4504 4660 4570 fa-

2689 4585 2831 4662 cile,
2875 4607 2998 4669 pre
3042 4588 3317 4672 antiqua
3371 4589 3489 4654 illa
3542 4611 3618 4656 ac
3674 4600 3989 4657 consueta
4043 4611 4192 4656 mea
4235 4591 4657 4658 humanitate

2690 4680 2806 4736 aut
2847 4671 3119 4739 lenitate
3163 4675 3339 4740 vinci
3375 4696 3481 4740 me
3524 4696 3564 4740 a
3603 4675 4139 4759 prudentioribus
4173 4679 4416 4762 patior.
4482 4675 4656 4744 Iussi

2687 4757 2908 4841 itaque
2952 4760 3174 4824 statim
3212 4761 3617 4844 exemplaria
3649 4761 3814 4827 mihi
3861 4761 3990 4828 duo
4026 4762 4325 4844 describi,
4374 4781 4653 4848 quorum

2720 5046 2852 5108 587.
2894 5049 2951 5113 1)
2987 5050 3088 5118 qui
3118 5051 3237 5117 ipse
3280 5067 3401 5104 cum
3448 5052 3663 5120 colleqie
3703 5053 3821 5117 fere
3860 5054 4003 5109 nihil
4037 5054 4140 5108 tale
4168 5055 4436 5123 pettieere
4463 5055 4647 5124 potuit

2685 5118 2950 5171 renitente
2982 5124 3175 5172 senatu
3249 5120 3529 5190 epuloque.

2893 5185 2954 5247 2)
2995 5188 3036 5239 Ι
3071 5204 3129 5240 so
3218 5189 3398 5242 allano
3433 5191 3685 5242 hortante
3718 5193 3926 5259 scripta
3959 5193 4032 5255 ef.
4072 5190 4146 5245 N.
4183 5189 4289 5244 535
4325 5199 4441 5248 net.
4476 5189 4530 5245 4.

2893 5255 2950 5316 3)
2995 5204 3159 5309 stain
3194 5258 3426 5309 consilia
3472 5258 3712 5312 subiecta
3746 5266 3876 5313 sunt
3911 5260 4083 5316 libello
4116 5262 4274 5314 modo
4311 5262 4548 5316 laudam
4579 5259 4646 5325 cf·

2697 5324 2844 5377 Tem.
2897 5324 2992 5379 VI.
3022 5341 3081 5394 p.
3117 5321 3220 5376 617
3257 5332 3306 5377 et
3343 5323 3590 5395 Proleqy.
3623 5344 3679 5395 p.
3712 5325 3798 5380 31.
