5050 6167
611 423 745 489 215

1520 646 1678 717 8⁰8.

1104 800 1581 870 CALVINUS
1631 799 2095 869 FARELLO.

799 989 1022 1076 Peryit
1054 991 1125 1056 in
1160 990 1580 1058 declaratione
1600 1011 1812 1057 rerum
1836 988 2221 1055 Ratisbonae
2236 994 2577 1073 qestarmn.

616 1162 737 1229 (Ex
775 1160 1113 1230 autographo
1160 1160 1306 1214 Bibl.
1359 1159 1565 1215 Genev.
1614 1160 1743 1216 Cod.
1782 1160 1899 1228 106,
1936 1160 2029 1214 sol.
2078 1159 2163 1215 62.
2246 1160 2582 1231 Apographa

618 1236 845 1286 munt
877 1230 1032 1284 nulla
1068 1246 1235 1299 quum
1268 1230 1418 1283 Besa
1452 1229 1593 1283 hane
1627 1230 1863 1283 ediderit
1896 1229 2036 1284 Gen.
2078 1247 2132 1299 p.
2180 1227 2267 1298 30,
2320 1231 2476 1283 Laus.
2524 1247 2579 1299 p.

616 1299 708 1368 63,
748 1300 892 1354 Han.
928 1315 981 1369 p.
1019 1295 1105 1366 70,
1151 1297 1363 1353 Chouet
1405 1315 1460 1368 p.
1506 1297 1592 1364 37,
1640 1299 1819 1353 Amet.
1865 1315 1918 1369 p.
1966 1297 2051 1353 17.
2122 1298 2321 1353 Versio
2367 1299 2581 1368 anglica

770 1368 921 1423 Tom.
958 1368 1004 1421 I.
1043 1384 1095 1437 p.
1130 1366 1252 1437 236,
1287 1366 1664 1421 authenticum
1697 1369 1977 1437 exemplar
2010 1385 2120 1422 non
2153 1368 2438 1437 respexit.)

736 1554 1099 1622 Carissimo
1141 1556 1330 1620 fratri
1375 1575 1521 1621 meo
1567 1555 1653 1622 G.
1697 1556 1963 1622 Farello
2003 1554 2069 1621 N
2070 1556 2469 1622 eocomensis

1076 1640 1388 1708 ecclesiae
1426 1641 1677 1725 pastori
1719 1642 2117 1709 fidelissimo.

791 1796 941 1862 Etsi
983 1795 1094 1860 hic
1142 1794 1371 1862 adesse
1415 1788 1644 1860 multis
1687 1794 1770 1861 de
1811 1796 2028 1862 causis
2069 1796 2269 1881 piget,
2314 1797 2577 1862 venisse

618 1890 842 1947 tamen
900 1902 1239 1964 nunquam
1296 1881 1678 1965 poenitebit.
1783 1880 2091 1948 Delirare
2156 1904 2263 1948 me
2327 1882 2572 1967 putas?

620 1969 754 2034 seio
821 1965 978 2051 quid
1036 1966 1268 2033 dicam.
1368 1967 1462 2032 Et
1514 1988 1621 2032 me
1677 1988 1812 2032 non
1869 1968 2013 2034 sine
2068 1969 2323 2035 ratione
2378 1969 2573 2051 loqui,

619 2053 969 2137 aliquando
1032 2072 1250 2118 coram
1316 2051 1562 2118 audies.
1663 2052 1858 2118 Nunc
1913 2053 2146 2138 collige
2205 2076 2289 2120 ex
2344 2074 2574 2119 narra-

622 2140 798 2204 tione
835 2140 884 2222 ¹)
932 2148 1253 2223 quantum
1303 2139 1567 2222 poteris.
1656 2138 1912 2205 Delecti
1947 2141 2153 2205 nostri
2191 2139 2270 2206 de
2305 2149 2574 2224 peccato

616 2225 921 2309 originali
969 2246 1106 2289 non
1161 2222 1515 2290 difficulter
1569 2232 2062 2308 transegerunt:
2129 2236 2406 2309 sequuta
2472 2235 2577 2291 est

618 2310 975 2394 disputatio
1042 2310 1123 2375 de
1188 2310 1393 2376 libero
1462 2309 1765 2387 arbitrie,
1828 2331 1995 2394 quae
2060 2331 2145 2376 ex
2210 2312 2575 2396 Augustini

618 2397 945 2464 sententia
990 2396 1345 2479 composita
1382 2396 1536 2462 fuit:
1582 2396 1747 2460 nihil
1793 2396 1863 2461 in
1909 2406 2183 2480 utroque
2226 2396 2417 2462 nobis
2459 2396 2573 2463 de-

617 2483 832 2549 cessit.
915 2483 1022 2547 Do
1064 2482 1529 2548 iustificatione
1574 2483 1852 2548 acriores
1897 2484 2164 2548 fuerunt
2208 2485 2570 2550 contentio-

618 2589 755 2635 nes.
827 2566 1123 2633 Tandem
1159 2569 1529 2650 conscripta
1563 2577 1666 2633 est
1698 2569 1992 2647 formula,
2032 2590 2225 2651 quam
2259 2568 2571 2635 adhibitis

616 2655 812 2720 certis
855 2654 1373 2721 correctionibus
1415 2654 1725 2737 utrinque
1765 2666 2175 2738 receperunt.
2276 2655 2571 2721 Mirabe-

610 2741 725 2820 ris,
762 2741 913 2820 scio,
952 2737 1365 2806 adversarios
1387 2748 1643 2804 tantum
1666 2742 2080 2811 concessisse.
2103 2762 2307 2824 quum
2330 2740 2571 2825 legeris

612 2826 970 2909 exemplar,
1007 2827 1101 2891 ita
1135 2833 1213 2890 ut
1247 2833 1580 2909 postrema
1612 2847 1818 2891 manu
1842 2840 2208 2894 correctum
2233 2828 2373 2906 fuit,
2396 2826 2569 2909 quod

607 2912 820 2979 literis
862 2912 1193 2978 inclusum
1238 2912 1544 2994 reperies.
1643 2912 2098 2978 Retinuerunt
2137 2913 2317 2978 enim
2363 2914 2568 2978 nostri

610 2998 948 3065 doctrinae
993 3018 1190 3064 verae
1225 3016 1584 3063 summam:
1628 3002 1707 3063 ut
1747 2997 1915 3064 nihil
1958 2998 2095 3066 illic
2137 2998 2567 3082 comprohen-

609 3107 756 3152 sum
812 3084 929 3161 sit,
975 3083 1151 3168 quod
1195 3104 1332 3149 non
1374 3090 1591 3149 exstet
1643 3084 1716 3148 in
1759 3084 2019 3168 scriptis
2076 3085 2350 3151 nostris:
2412 3086 2565 3164 seio,

609 3169 1011 3238 desiderabis
1054 3169 1399 3236 clariorem
1443 3169 1967 3252 explicationem,
2012 3179 2081 3236 et
2120 3171 2191 3235 in
2237 3193 2318 3237 ea
2358 3191 2433 3236 re
2457 3192 2567 3237 me

606 3258 732 3323 tibi
773 3256 1244 3322 assentientem
1287 3254 1577 3321 habebis.
1664 3255 1936 3338 Verum,
1991 3256 2049 3322 si
2100 3266 2363 3340 reputes
2419 3258 2565 3341 qui-

606 3342 885 3409 buscum
948 3340 1326 3407 hominibus
1390 3341 1727 3425 negotium
1802 3343 1990 3408 nobis
2066 3343 2171 3422 sit,
2250 3363 2566 3427 agnosces

604 3427 895 3494 multum
972 3447 1116 3493 esse
1194 3427 1521 3492 effectum.
1643 3425 1944 3493 Ventum
2012 3437 2113 3495 est
2179 3427 2414 3494 deinde
2479 3428 2566 3494 ad

606 3514 979 3581 ecclesiam:
1025 3512 1098 3577 in
1143 3511 1524 3578 definitione
1559 3513 2012 3597 congruebant
2046 3515 2446 3581 sententiae:
2490 3516 2564 3580 in

604 3608 930 3685 potestate
993 3597 1311 3664 dissidere
1375 3608 1745 3681 coeperunt.
1845 3598 2073 3680 Quum
2126 3600 2310 3666 nullo
2365 3599 2563 3666 modo

798 3694 877 3751 nt
902 3683 1257 3761 conciliari,
1297 3683 1511 3749 visum
1534 3691 1636 3749 est
1656 3684 2008 3751 articulum
2028 3686 2217 3751 illum
2240 3686 2561 3751 omittere.

709 3770 1139 3837 sacramentis
1163 3769 1366 3834 rixati
1401 3777 1562 3835 sunt
1594 3769 1924 3836 nonnihil:
1963 3771 2078 3838 sed
2113 3772 2563 3855 quum‘nostri

605 3878 760 3924 suas
801 3856 934 3921 illis
977 3856 1437 3932 caeremonias,
1484 3862 1559 3921 ut
1600 3877 1708 3923 res
1751 3857 2019 3937 medias,
2079 3858 2557 3941 permitterent,

603 3964 810 4025 usque
846 3940 928 4007 ad
962 3961 1229 4008 coenam
1265 3941 1598 4026 progressi
1634 3952 1806 4008 sunt.
1875 3942 2023 4009 Illic
2056 3944 2183 4008 fuit
2215 3943 2558 4027 insupera-

607 4027 754 4093 bilis
798 4027 1122 4110 scopulus.
1211 4026 1590 4111 Repudiata
1638 4028 2305 4109 transsubstantiatio,
2366 4050 2556 4114 repo-

598 4116 768 4193 sitio,
815 4113 1361 4197 circumgestatio,
1422 4122 1491 4178 et
1533 4113 1769 4197 reliqui
1828 4116 2263 4197 superstitiosi
2320 4116 2554 4183 cultus.

602 4200 787 4267 Haec
853 4197 1247 4265 adversariis
1309 4221 1354 4264 n
1441 4218 1726 4282 naquam
1790 4200 2169 4268 tolerabilia.
2285 4200 2557 4286 Collega

598 4306 806 4363 meus,
829 4288 887 4369 ²)
945 4285 1057 4368 qui
1102 4292 1281 4350 totus
1445 4294 1513 4349 et
1553 4284 1772 4350 studio
1815 4287 2217 4365 concordiae,
2276 4289 2555 4353 fremere

599 4380 667 4436 et
710 4369 1061 4455 indignari,
1104 4368 1280 4453 quod
1322 4370 1783 4453 intempestive
1817 4371 2096 4438 fuissent
2130 4382 2346 4439 motae
2383 4375 2555 4439 eius-

596 4455 779 4522 modi
835 4456 1271 4538 quaestiones.
1376 4454 1723 4539 Philippus
1778 4457 1847 4522 in
1893 4457 2239 4524 adversam
2297 4468 2557 4543 partem

594 4543 810 4625 magis
844 4539 1132 4622 tendere,
1176 4552 1254 4607 ut
1287 4541 1483 4607 rebus
1519 4543 1913 4609 exulceratis
1955 4566 2218 4610 omnem
2251 4546 2554 4629 pacifica-

593 4628 795 4693 tionis
821 4647 1002 4709 spem
1028 4625 1454 4710 praecideret.
1528 4627 1753 4695 Nostri
1790 4629 2015 4696 habita
2051 4631 2552 4711 consultatione,

592 4733 717 4779 nos
753 4721 1216 4779 convocarunt.
1303 4712 1480 4779 Iussi
1516 4735 1746 4782 sumus
1791 4735 2018 4781 omnes
2063 4716 2292 4782 ordine
2336 4717 2555 4785 dicere

594 4799 989 4864 sententias:
1047 4798 1174 4863 fuit
1228 4819 1364 4864 una
1406 4800 1705 4866 omnium
1763 4823 1910 4879 vox,
1964 4804 2554 4870 transsubstantia-

592 4886 839 4951 tionem
884 4904 1027 4950 rem
1071 4905 1214 4950 esse
1257 4884 1578 4964 fictitiam,
1628 4888 2093 4972 repositionem
2136 4889 2552 4975 superstitio-

625 5139 763 5201 808.
800 5140 858 5222 1)
899 5139 985 5207 Cf.
1035 5140 1286 5197 ffleidan.
1325 5157 1393 5264 ς.
1438 5141 1570 5211 217,
1636 5142 1697 5199 G.
1742 5142 1888 5227 Bet..
1919 5145 2037 5228 IV.
2080 5145 2184 5201 188
2239 5160 2382 5217 seqq.
2428 5144 2551 5201 252.

579 5208 875 5346 am
914 5210 1221 5280 Δυμαίῳ.
1255 5210 1380 5280 37·,
1418 5212 2111 5272 αΔααακοὺωαωα.
2188 5213 2336 5285 opp.
2379 5216 2439 5272 T.
2483 5215 2552 5271 V.

795 5352 856 5415 2)
892 5348 1163 5405 Bucam.

2172 419 2702 491 EPISTOLAE
2749 425 3090 489 sos-310

4504 423 4632 486 216

2683 632 2845 689 sam,
2862 610 3338 678 idololatricam
3359 632 3503 678 esse
3524 611 3989 689 adorationem,
4006 610 4114 677 vel
4127 610 4364 678 saltem
4377 612 4634 697 pericn-

2682 697 2910 778 losam,
2987 718 3191 781 quum
3255 699 3376 763 fiat
3439 698 3582 763 sine
3646 697 3850 765 verbo
3912 697 4061 763 Dei.
4187 697 4303 763 Me
4378 718 4633 781 quoque

2683 804 3013 868 exponere
3055 783 3261 849 latine
3303 784 3592 867 oportuit
3630 781 3787 867 quid
3830 784 4160 849 sentirem.
4181 788 4237 863 ⁸)
4341 782 4635 850 Tametsi

2683 871 3015 936 neminem
3072 892 3157 936 ex
3216 869 3362 936 aliis
3417 868 3891 949 intellexeram,
3957 869 4160 935 libere
4213 877 4436 935 tamen
4487 870 4632 936 sine

2683 956 2918 1022 timore
2960 955 3358 1035 offensionis,
3415 955 3601 1021 illam
3646 956 3920 1023 localem
3961 956 4403 1038 praesentiam
4448 955 4631 1022 dam-

2683 1043 2871 1107 navi:
2915 1041 3364 1108 adorationem
3419 1042 3670 1108 asserui
3722 1042 3892 1107 mihi
3932 1062 4076 1107 esse
4129 1041 4629 1108 intolerabilem.

2686 1126 2898 1193 Crede
2932 1126 3113 1200 mihi.
3152 1128 3224 1192 in
3260 1127 3581 1195 eiusmodi
3620 1128 3988 1194 actionibus
4023 1149 4186 1211 opus
4220 1135 4323 1193 est
4353 1127 4634 1194 fortibus

2682 1213 2940 1291 animis,
2998 1215 3111 1296 qui
3164 1213 3329 1279 alios
3378 1215 3782 1281 confirment.
3869 1212 4013 1278 Vos
4068 1213 4218 1279 istic
4268 1213 4633 1296 precamini

2683 1298 3036 1383 diligenter
3067 1298 3450 1381 Dominum,
3495 1307 3572 1364 ut
3610 1299 3724 1364 illo
3766 1298 4166 1364 fortitudinis
4218 1298 4457 1383 spiritu
4509 1319 4631 1365 nos

2683 1387 3022 1451 sustineat.
3095 1383 3430 1469 Scriptum
3459 1384 3694 1452 deinde
3717 1406 3758 1451 a
3781 1383 4081 1468 Philippo
4097 1387 4157 1469 ⁴)
4179 1386 4628 1469 compositum,

2682 1469 2854 1553 quod
2911 1472 3026 1537 ubi
3089 1472 3518 1537 Granvellano
3570 1472 3863 1537 oblatum
3919 1485 4049 1549 est,
4107 1470 4357 1554 asperis
4408 1470 4628 1537 verbis

2681 1555 3073 1640 repudiavit,
3125 1555 3298 1642 quod
3339 1558 3437 1622 illi
3479 1565 3615 1622 tres
3659 1556 3896 1623 delecti
3938 1556 4023 1622 ad
4065 1577 4187 1622 nos
4229 1556 4625 1623 retulissent.

2681 1643 2867 1709 Haeo
2919 1664 3123 1727 quum
3175 1644 3342 1708 fiant
3394 1644 3466 1708 in
3518 1644 3661 1726 ipso
3715 1643 3973 1721 limine,
4041 1644 4255 1727 cogita
4309 1649 4630 1725 quantum

2682 1729 2897 1794 adhuc
2961 1730 3247 1812 supersit
3310 1729 3744 1807 difficultatis,
3809 1730 3878 1796 in
3940 1730 4143 1794 missa
4206 1729 4492 1811 privata,
4552 1728 4630 1792 in

2680 1816 3013 1893 sacrificio,
3082 1816 3154 1879 in
3219 1815 3805 1882 communicatione
3857 1814 4093 1880 calicis.
4197 1812 4378 1895 Quid
4432 1814 4491 1878 si
4544 1812 4630 1878 ad

2681 1909 2977 1983 apertam
3020 1902 3430 1984 praesentiae
3464 1901 3938 1967 confessionem
3972 1898 4353 1965 veniretur?
4399 1899 4631 1982 quanti

2679 1986 3006 2053 tumultus
3028 1986 3569 2053 effervescerent?
3643 1988 3910 2053 Literae
3946 1994 4099 2052 tuae
4135 2005 4176 2050 a
4211 1985 4550 2052 Plumario
4565 1986 4627 2069 ⁵)

2678 2072 2883 2137 altero
2927 2093 3154 2137 mense
3210 2093 3409 2156 quam
3464 2073 3747 2156 scriptae
3799 2073 4062 2137 fuerant
4113 2071 4280 2136 mihi
4334 2069 4629 2138 redditae

2678 2164 2863 2224 sunt:
2909 2159 3216 2247 mirabor,
3262 2159 3318 2223 si
3362 2177 3496 2223 non
3540 2156 3919 2243 propediem
3963 2157 4129 2223 aliae
4162 2178 4297 2223 non
4330 2156 4626 2233 veniant.

2679 2241 2879 2310 Salus
2920 2244 3199 2309 fratrum
3243 2244 3413 2309 mihi
3454 2245 3906 2311 commendata
3956 2252 4058 2310 est
4112 2253 4191 2309 ut
4246 2242 4457 2323 debet,
4510 2243 4629 2309 sed

2679 2329 3025 2396 haeremus
3061 2330 3275 2396 adhuc
3310 2331 3383 2395 in
3416 2330 3531 2395 illo
3564 2329 3762 2407 obice,
3796 2351 3992 2413 quem
4028 2330 4221 2395 nosti.
4271 2326 4628 2413 Maumq

2677 2415 2790 2498 qui
2845 2437 2926 2480 ea
2979 2414 3060 2480 de
3118 2436 3317 2481 causa
3367 2417 3608 2482 missus
3661 2426 3793 2495 est,
3862 2415 4210 2500 diligenter
4262 2416 4504 2499 satagit
4554 2416 4627 2480 in

2676 2501 2992 2567 solvendo
3056 2502 3183 2568 hoc
3247 2500 3437 2568 nodo.
3551 2499 3721 2584 Spes
3784 2501 3973 2568 solito
4036 2501 4247 2566 maior
4313 2499 4624 2585 affulget:

2677 2587 3128 2672 Landqravius
3204 2589 3380 2653 enim
3461 2587 3744 2671 aliquam
3821 2589 4065 2652 sentire
4128 2587 4626 2652 frustrationem

2675 2673 2850 2738 unde
2870 2675 3092 2738 omnia
3127 2672 3434 2757 sperabat
3467 2674 3724 2756 incipit:
3760 2694 3917 2757 ergo
3951 2672 4297 2738 inclinabit
4332 2673 4403 2737 in
4436 2672 4626 2736 illum

2674 2768 2997 2825 nostrum.
3077 2757 3158 2823 Id
3192 2760 3250 2825 si
3283 2761 3413 2835 fiet,
3450 2757 3816 2837 habebitur,
3861 2780 3948 2824 ne
3986 2757 4231 2840 dubita,
4267 2758 4626 2841 singularis

2673 2845 2957 2911 fratrum
2999 2845 3186 2925 ratio,
3229 2856 3295 2910 et
3337 2844 3618 2911 Maurus
3670 2866 3789 2929 pro
3832 2866 3953 2911 sua
3993 2843 4194 2922 virili,
4255 2855 4329 2909 ut
4369 2852 4474 2910 est
4516 2842 4626 2908 vir

2717 2932 2820 2996 ius
2875 2939 2942 2997 et
2997 2931 3322 3007 cordatus,
3376 2931 3728 2998 incumbet.
3818 2930 4031 2997 Crede
4088 2929 4285 3007 mihi,
4342 2927 4627 2995 fideliter

2671 2951 2989 3084 {actenus
3011 3038 3081 3083 se
3105 3017 3327 3117 gessit.
3405 3017 3594 3082 Nihil
3623 3025 3845 3083 tamen
3868 3016 4150 3100 amplius
4172 3017 4622 3098 impetratum,

2670 3123 2869 3185 quam
2913 3113 2989 3169 ut
3030 3103 3163 3169 ilhs
3208 3103 3474 3169 domum
3528 3104 3800 3186 impune
3863 3101 4079 3168 redire
4136 3102 4379 3179 liceret,
4428 3100 4623 3166 modo

2672 3188 2849 3272 apud
2892 3191 3269 3274 episcopum
3303 3190 3697 3256 abiurarent.
3785 3185 4317 3273 Ἀρχιγραμματεὸς
4337 3189 4393 3271 ⁷)
4429 3185 4621 3253 nobis

2671 3284 2771 3339 est
2829 3276 3353 3342 molestissimus:
3425 3276 3755 3341 Dominus
3829 3296 3982 3340 eum
4047 3274 4156 3340 vel
4219 3273 4433 3353 tollat,
4513 3270 4622 3338 vel

2670 3361 2990 3428 emendet.
3091 3360 3262 3427 Vale
3325 3362 3567 3445 optime
3628 3370 3696 3428 et
3747 3361 3916 3426 mihi
3969 3359 4345 3427 dulcissime
4398 3359 4618 3424 frater.

2670 3443 2904 3512 Saluta
2946 3447 3394 3514 amantissime
3438 3467 3666 3514 omnes
3707 3448 3960 3513 fratres.
4048 3445 4380 3512 Dominus
4430 3444 4618 3510 Iesus

2667 3552 2790 3598 vos
2834 3541 3195 3600 conservet.
3283 3533 3706 3618 Ratisponae,
3756 3538 3855 3599 ll.
3900 3532 4069 3599 Maii
4115 3536 4297 3596 1541.

3984 3670 4038 3735 Ι.
4085 3667 4225 3735 Cal.
4275 3674 4445 3733 tuus.

2842 3874 3189 3958 Philippus
3221 3885 3286 3942 et
3317 3876 3608 3943 Buoerus
3642 3884 3708 3943 te
3741 3876 4055 3943 salutant.
4120 3871 4621 3940 Nudiustertius

2662 3982 2868 4044 quum
2890 3960 3362 4044 pranderemus
3386 3983 3536 4029 cum
3561 3961 3983 4047 Landyravio,
4028 3960 4202 4027 facta
4234 3965 4336 4024 est
4372 3956 4618 4022 mentio

2662 4048 2762 4112 tui
2807 4048 3034 4114 amica.
3122 4047 3410 4115 Consule
3453 4055 3530 4112 ut
3572 4047 3746 4113 hanc
3787 4046 4133 4112 formulam
4150 4046 4212 4129 ⁸)
4267 4043 4494 4108 mittas
4532 4041 4618 4107 ad

2660 4133 3005 4200 Bernates.
3114 4133 3323 4201 Inibis
3370 4154 3520 4201 cum
3562 4132 3686 4199 hoc
3730 4132 3940 4199 officio
3983 4130 4270 4214 aliquam
4312 4128 4613 4214 gratiam.

3933 4267 3987 4333 I.
4034 4265 4222 4333 Calv.
4266 4271 4440 4331 tuus.

2863 4544 2924 4609 3)
2963 4544 3110 4598 Acta
3142 4541 3358 4598 Ratisb.
3403 4543 3547 4599 Tou.
3591 4541 3658 4597 V.
3687 4556 3753 4611 p.
3786 4541 3910 4596 568.

2861 4612 2923 4679 4)
2959 4612 3097 4668 ibid.
3124 4628 3261 4681 paq.
3299 4611 3419 4666 563.

2866 4683 2924 4749 ὃ)
2966 4682 3367 4739 Genevemium
3401 4679 3624 4735 meio.
3708 4679 3818 4748 (Io.
3866 4678 3915 4733 le
3951 4677 4313 4746 Humanior,
4349 4674 4486 4743 Rea.
4533 4674 4614 4730 du

2660 4751 2892 4808 Omen.
2930 4751 3011 4807 19.
3047 4751 3196 4819 Any.
3239 4749 3412 4816 1541.)

2863 4821 2925 4885 6)
2962 4820 3196 4875 Mordet
3226 4819 3436 4900 loqutus
3469 4816 3540 4884 cl.
3576 4817 3656 4873 N.
3691 4817 3813 4872 311.

2866 4889 2927 5014 g)
2962 4890 3042 5026 g?
3075 4887 3550 5011 edd.4umpltctter'
3458 4887 3467 4897 '
3583 4887 3651 4941 N.
3686 4886 3903 4956 leffium
