5050 6167
633 433 757 498 395
2185 407 2713 479 EPIS'POLAE
2758 411 3097 473 396—397
4525 408 4647 471 396
4686 380 4695 390 ’

1530 656 1686 727 396.

1151 811 1559 882 VIRETUS
1605 808 2059 877 MYCONIO.

812 989 1108 1057 Proxime
1166 986 1584 1053 Lausannam
1646 982 2030 1047 revocandus
2091 980 2327 1044 anxius
2390 976 2595 1041 haeret

631 1081 909 1161 respectu
947 1077 1204 1157 futurae
1251 1070 1631 1138 Gener-ensis
1689 1068 1977 1133 ecclesiae
2019 1064 2391 1131 conditionis
2407 1113 2424 1144 ,
2483 1062 2595 1126 ubi

639 1164 941 1233 calvinus
982 1162 1113 1242 fere
1155 1157 1327 1224 solus
1371 1161 1427 1222 et
1467 1153 1973 1221 valetudinarius
2010 1152 2121 1215 vix
2164 1149 2368 1231 officio
2402 1168 2595 1231 prae-

634 1250 857 1318 stando
889 1268 1023 1329 par
1064 1246 1200 1312 erit.

639 1421 748 1490 (Ex
805 1416 1141 1485 autographo
1189 1415 1329 1469 Bibl.
1386 1412 1534 1465 civic.
1583 1409 1759 1463 Turio.
1814 1410 1940 1461 olim
1977 1407 2217 1489 ’Archiv
2275 1404 2594 1473 Hottingeri

777 1489 918 1556 Epp.
953 1486 1013 1538 Τ.
1048 1483 1116 1536 47
1154 1499 1295 1537 nunc
1329 1482 1388 1535 F.
1425 1479 1509 1546 82,
1547 1480 1637 1533 fol.
1671 1476 1791 1531 213.
1833 1505 1885 1515 —-
1932 1477 2147 1530 Slmler.
2183 1475 2307 1528 Vol.
2344 1473 2453 1539 51.)

814 1672 1153 1757 Singulari
1189 1669 1554 1735 eruditione
1576 1688 1652 1732 ac
1688 1667 1931 1751 pietate
1957 1664 2006 1748 ¹)
2030 1663 2115 1729 D.
2142 1661 2255 1729 Os.
2282 1662 2593 1746 Myconio

642 1761 950 1830 ecclesiae
996 1757 1370 1824 Basiliensis
1413 1754 1660 1837 pastori
1704 1751 2317 1901 Vigilantislffilifeae

816 1979 884 2048 S.
935 1980 1172 2046 Gratia
1214 1985 1283 2042 et
1323 1996 1474 2059 pax.
1565 1973 1716 2054 Quo
1759 1974 1984 2037 minus
2028 1973 2206 2037 viam
2251 1969 2436 2035 nobis
2480 1991 2596 2034 ex-

645 2069 931 2153 cogitare
975 2066 1127 2131 licet
1182 2082 1311 2145 qua
1367 2060 1658 2125 ecclesiis
1711 2057 2091 2125 consulatur
2133 2063 2399 2120 nostrae
2441 2055 2596 2119 fidei

602 2152 1085 2223 ·demandatis‚
1145 2169 1220 2212 eo
1284 2147 1495 2230 magis
1538 2147 1861 2229 angimur,
1919 2164 1996 2208 eo
2049 2151 2118 2207 et
2167 2141 2484 2218 Οαῖυὲητιε,
2531 2148 2599 2205 et

642 2241 860 2305 minor
902 2235 1188 2318 suppetit
1229 2233 1460 2297 auxilii
1516 2241 1584 2295 et
1641 2231 1893 2297 consilii
1938 2228 2140 2312 copia.
2232 2227 2599 2292 Commissa

644 2334 747 2391 est
792 2322 978 2398 nobis
1023 2320 1442 2386 ecclesiarum
1488 2337 1678 2395 cura,
1738 2338 1899 2398 quas
1942 2334 2064 2378 nec
2107 2313 2407 2378 deserere
2449 2334 2598 2395 pos-

644 2429 903 2487 sumus,
975 2427 1097 2471 nec
1152 2413 1372 2470 tamen
1439 2423 1558 2486 pro
1626 2423 1845 2466 rerum
1905 2400 2291 2465 necessitate
2353 2397 2596 2463 adesse.

643 2496 862 2561 Instat
917 2502 1176 2574 tempus
1241 2510 1370 2572 quo
1413 2489 1844 2553 Lausannam
1899 2507 2044 2551 sum
2099 2484 2598 2561 revocandus.²)

643 2582 791 2665 Ego
852 2598 1007 2645 vero
1069 2595 1379 2659 quorsum
1436 2595 1544 2638 me
1601 2581 1854 2638 vertam
1920 2569 2098 2636 haud
2163 2570 2321 2636 satis
2385 2569 2597 2633 video.

642 2667 992 2747 Utcunque
1036 2683 1178 2728 sors
1221 2680 1454 2726 casura
1496 2661 1581 2723 sit
1599 2711 1613 2736 ‚
1669 2680 1805 2723 non
1859 2677 2127 2740 possum
2172 2662 2303 2720 non
2346 2654 2598 2719 involvi

639 2748 1212 2835 inexplicabilibus
1255 2745 1573 2810 molestiis
1618 2765 1693 2810 ac
1737 2741 2249 2809 difficultatibus.
2339 2737 2414 2806 Si
2461 2740 2597 2805 Ge·

638 2857 879 2906 nevam
915 2835 1160 2911 desero,
1199 2831 1389 2898 facile
1409 2830 1857 2895 animadverto
1891 2848 2211 2912 quaenam
2237 2833 2598 2909 sequutura

638 2925 776 2992 sint
819 2918 1235 2986 incommoda
1288 2918 1357 2981 in
1417 2923 1604 2981 tanta
1653 2916 2106 2980 ministrorum
2164 2913 2469 2995 penuria,
2524 2912 2597 2977 in

643 3008 918 3076 ecclesia
972 3014 1040 3069 et
1084 3002 1416 3086 republica
1467 3010 1568 3067 tot
1619 3021 1694 3065 ac
1735 3007 1872 3065 tam
1916 2998 2298 3082 periculosis
2342 2998 2595 3063 vicissi-

640 3094 979 3160 tudinibus
1023 3112 1098 3156 ac
1143 3089 1428 3154 motibus
1473 3087 1776 3164 obnoxia,
1831 3086 1902 3149 in
1946 3092 2133 3149 tanta
2180 3083 2430 3149 Calvini
2470 3084 2596 3147 im-

639 3179 1012 3255 becillitate,
1035 3173 1092 3257 ⁸)
1159 3176 1262 3240 cui
1318 3182 1456 3239 tam
1516 3192 1790 3257 gravem
1847 3171 2084 3235 molem
2144 3169 2268 3235 soli
2283 3173 2341 3248 ⁴)
2399 3169 2596 3235 susti-

639 3264 930 3334 nendam
964 3261 1313 3328 relicturus
1347 3280 1514 3325 sum.
1582 3259 1647 3322 N
1649 3279 1722 3323 ec
1766 3257 1882 3323 abs
1919 3277 1990 3321 re
2026 3253 2169 3321 dico
2213 3255 2353 3334 soli,
2400 3275 2597 3338 quem

639 3352 809 3418 forte
853 3349 1066 3414 solum
1122 3368 1264 3412 esse
1321 3352 1701 3428 praestaret.
1791 3341 2041 3407 Videor
2081 3342 2215 3406 iam
2255 3341 2423 3405 mihi
2479 3361 2597 3404 au·

641 3436 785 3500 dire
828 3435 1108 3499 fratrum
1153 3430 1481 3515 querelas,
1537 3430 1650 3512 qui
1703 3449 1808 3493 me
1851 3428 2034 3492 velut
2078 3427 2474 3492 desertorem
2523 3447 2599 3491 ac

639 3521 1053 3605 transfugam
1098 3516 1390 3582 habituri
1448 3522 1620 3593 sunt,
1666 3514 1779 3596 qui
1823 3534 1954 3578 non
1996 3520 2235 3595 putant
2277 3532 2383 3576 me
2425 3511 2600 3577 bona

637 3606 1042 3674 conscientia
1097 3623 1292 3686 posse
1346 3600 1428 3665 ab
1485 3600 1609 3666 hac
1666 3598 1998 3665 discedere
2042 3598 2342 3675 ecclesia,
2400 3596 2599 3680 idque

638 3693 885 3759 multas
939 3690 1023 3755 ob
1078 3709 1309 3753 causas
1373 3705 1541 3770 quae
1602 3685 1766 3749 mihi
1818 3683 2105 3768 quotidie
2171 3683 2596 3748 obiiciantur:

638 3801 764 3846 nec
805 3787 1028 3842 tamen
1074 3793 1224 3858 spes
1266 3771 1404 3837 ulla
1446 3771 1757 3855 amplius,
1816 3779 1961 3850 aut,
2020 3770 2074 3834 si
2118 3791 2246 3852 qua
2288 3777 2405 3848 est,
2452 3788 2599 3851 per-

641 3864 884 3948 exigua
926 3860 1191 3927 omnino
1236 3878 1576 3940 superesse
1619 3856 1882 3922 videtur
1922 3855 2322 3938 impetrandi
2367 3875 2407 3919 a
2430 3855 2598 3919 Ber-

641 3949 907 4015 natibus
951 3968 1026 4012 ac
1071 3944 1351 4025 denique
1395 3964 1434 4007 a
1477 3942 2088 4019 Lausannensibus,
2124 3949 2200 4005 ut
2242 3941 2325 4005 ab
2370 3961 2599 4005 eorum

641 4035 916 4102 ecclesia
958 4031 1168 4096 absim
1211 4028 1487 4107 diutius,
1544 4028 1715 4092 hanc
1758 4048 1916 4093 vero
1969 4048 2210 4092 curem.
2301 4025 2494 4108 Quod
2542 4027 2598 4089 si

640 4141 776 4186 non
813 4119 1025 4193 liceat,
1071 4116 1240 4181 bona
1281 4134 1505 4179 eorum
1541 4115 1836 4178 omnium
1880 4133 2034 4196 pace
2076 4112 2268 4178 facile
2311 4111 2596 4190 coniicis,

640 4207 906 4289 opinor,
960 4202 1110 4285 plus
1165 4198 1319 4264 inde
1374 4199 1665 4265 ecclesiis
1717 4197 2116 4263 incommodi
2173 4219 2368 4280 quam
2421 4217 2597 4263 com-

641 4290 823 4356 modi
866 4306 1310 4358 accessurum,
1368 4295 1438 4349 et
1493 4283 1859 4349 simultates
1913 4283 2038 4350 hac
2081 4287 2337 4348 ratione
2380 4283 2598 4368 potius

641 4383 910 4441 auctum
946 4373 1028 4436 iri
1065 4389 1260 4454 quam
1295 4370 1703 4435 minuendas.
1770 4371 1981 4436 Taceo
2024 4370 2386 4435 calumnias
2430 4389 2597 4451 quae

639 4458 934 4542 undique
978 4457 1048 4521 in
1093 4476 1200 4520 me
1244 4463 1671 4536 struerentur,
1717 4476 1880 4540 quas
1925 4478 2007 4521 ne
2052 4456 2143 4522 sic
2188 4454 2450 4538 quidem
2502 4455 2596 4518 ef-

640 4546 892 4630 fugiam
934 4562 1180 4616 omnes‚
1226 4562 1347 4606 nec
1389 4541 1708 4608 hactenus
1753 4543 1950 4624 potui,
1998 4542 2296 4624 quamvis
2343 4539 2597 4606 Christi

641 4631 983 4714 negotium
1048 4649 1127 4691 ea
1179 4628 1548 4694 curaverim
1602 4628 2019 4710 simplicitate
2078 4643 2144 4690 et
2199 4626 2593 4702 sinceritate,

641 4725 717 4781 ut
755 4713 1027 4778 minime
1071 4712 1363 4778 dubitem
1406 4734 1511 4778 me
1546 4711 1838 4780 candidis
1876 4712 2111 4778 animis
2156 4731 2230 4777 ac
2275 4711 2595 4777 bonorum

639 4803 936 4871 virorum
978 4799 1391 4864 conscientiis
1446 4799 1679 4866 saltem
1724 4798 1940 4881 aliqua
1984 4817 2065 4862 ex
2111 4804 2294 4879 parte
2339 4797 2596 4863 satisfe-

642 4960 696 4968 --

677 5053 811 5114 396.
848 5054 904 5119 1)
940 5055 1054 5108 sic!

848 5122 909 5188 2)
944 5129 1072 5178 ante
1107 5122 1224 5177 Gal.
1260 5123 1459 5177 Iulias.

849 5192 905 5262 3)
944 5192 1030 5259 Cf.
1071 5192 1392 5274 proximam
1438 5188 1721 5245 Liber-teti.
1806 5188 2088 5243 Caeterum
2133 5189 2200 5243 de
2235 5188 2458 5245 Caluini
2491 5190 2592 5244 ad-

643 5276 806 5318 vorsa
838 5261 1152 5317 valetudme
1184 5262 1286 5315 hoc
1318 5266 1557 5327 tempore
1590 5257 1727 5336 alilgi
1758 5256 1905 5310 nihil
1935 5258 2179 5326 leyimus.

850 5330 911 5399 4)
952 5330 1169 5386 Caeteri
1202 5330 1291 5383 his
1327 5327 1624 5383 Dioscuris
1659 5342 1730 5382 ως
1762 5324 1839 5394 μῆ
1871 5325 2041 5384 ὄντες,

2696 595 2881 661 cisse.
2950 592 3164 659 Crede
3195 594 3381 671 mihi,
3426 591 3617 658 valde
3668 592 4023 676 perplexus
4079 593 4338 674 haereo,
4393 592 4649 658 videon

2699 701 2825 763 que
2867 680 3034 744 mihi
3077 680 3309 763 lupum
3363 678 3627 744 auribus
3682 690 3940 757 tenere,
3994 680 4285 745 incertus
4328 678 4648 762 quomodo

2698 767 3051 844 retineam,
3113 774 3229 830 aut
3283 766 3604 849 quomodo
3658 764 3976 830 amittam.
4075 763 4154 830 Si
4196 786 4346 830 mea
4390 771 4650 832 tantum

2700 874 2806 917 res
2852 859 3178 934 ageretur,
3239 851 3621 918 facillimum
3664 851 3833 916 mihi,
3874 859 4047 917 esset
4089 871 4173 915 ex
4215 850 4320 916 his
4362 871 4470 915 me
4511 863 4647 916 tae-

2700 937 2824 1002 diis
2860 937 3185 1018 expedire.
3252 937 3439 1001 Nihil
3482 939 3658 1002 enim
3694 957 3843 1002 mea
3876 938 4093 1012 refert,
4141 944 4292 1001 utut
4331 958 4438 1001 res
4483 939 4649 1002 acci-

2700 1024 2842 1100 dat,
2897 1025 2954 1087 si
2996 1024 3127 1087 mei
3182 1030 3441 1088 tantum
3492 1025 3660 1088 ratio
3714 1020 4019 1088 habenda
4068 1035 4256 1088 esset.
4348 1024 4440 1087 At
4481 1023 4651 1089 nihil

2697 1110 2919 1174 minus
2962 1108 3111 1173 volo
3156 1129 3351 1190 quam
3393 1130 3501 1174 me
3542 1106 3796 1193 respici,
3842 1109 3958 1174 sed
4000 1108 4207 1173 solam
4249 1108 4504 1174 Ohristi
4545 1131 4651 1176 ec·

2698 1196 2965 1261 clesiam
3007 1194 3194 1259 cuius
3245 1215 3351 1259 me
3393 1195 3756 1260 ministerio
3814 1194 4017 1259 semel
4061 1201 4272 1258 totum
4318 1193 4542 1260 addixi
4587 1203 4652 1260 et

2697 1280 3093 1346 consecravi.
3181 1283 3275 1345 At
3317 1301 3548 1346 vereor
3602 1302 3688 1346 ne
3740 1280 3812 1344 in
3864 1279 4189 1362 plerisque
4241 1279 4391 1362 plus
4436 1280 4653 1347 valeat

2698 1367 3029 1431 humanus
3065 1366 3338 1431 affectus
3366 1387 3563 1449 quam
3598 1368 3771 1432 iusta
3807 1366 4117 1430 ecclesiae
4160 1377 4227 1430 et
4261 1367 4432 1430 seria
4474 1367 4651 1432 solli-

2698 1451 2939 1530 citud0,
2982 1453 3053 1515 in
3096 1460 3282 1516 tanta
3316 1460 3683 1534 temporum
3719 1451 4064 1534 iniquitate
4110 1458 4177 1516 et
4210 1452 4447 1517 animis
4491 1453 4653 1519 adeo

2699 1537 3106 1603 exulceratis.
3228 1537 3367 1603 Nec
3446 1537 3722 1603 Geneva
3809 1537 4130 1602 ministris
4208 1538 4337 1602 nisi
4408 1559 4654 1620 magna

2699 1623 3027 1706 evangelii
3067 1623 3322 1689 iactura
3377 1643 3597 1688 carere
3642 1631 3886 1708 potest,
3940 1644 4062 1689 nec
4106 1623 4465 1689 Lausanna
4507 1624 4651 1688 diu-

2698 1711 2832 1773 tius
2877 1708 3233 1790 perdurare
3278 1709 3407 1773 nisi
3450 1711 3653 1774 sacris
3696 1716 4109 1791 prospectum
4169 1709 4394 1774 fucrit:
4461 1710 4654 1775 mihi-

2700 1815 2828 1877 que
2871 1794 3142 1876 perinde
3176 1794 3412 1860 accidit
3454 1802 3648 1877 atque
3686 1796 3747 1859 ei
3789 1795 3901 1876 qni
3935 1793 4224 1876 undique
4261 1794 4445 1861 videt
4487 1795 4652 1860 ami-

2699 1901 2929 1945 corum
2973 1879 3167 1944 aedes
3210 1882 3632 1963 conflagrare,
3677 1879 3969 1963 pendens
4012 1880 4243 1958 animi,
4298 1882 4535 1946 anxius
4576 1901 4655 1948 ac

2699 1966 2990 2031 incertus
3024 1986 3150 2048 quo
3185 1966 3403 2047 potius
3438 1974 3755 2044 accurrat,
3800 1966 3906 2032 cui
3940 1967 4353 2049 potissimum
4390 1987 4655 2033 succur-

2699 2059 2824 2129 rat,
2868 2072 3071 2134 quum
3114 2072 3438 2134 peraeque
3473 2074 3657 2117 caros
3700 2050 3938 2116 habeat
3971 2074 4213 2117 omnes.
4302 2053 4451 2118 Hoc
4485 2053 4656 2118 dun-

2701 2145 2885 2201 taxat
2939 2136 3164 2202 sedulo
3220 2157 3449 2220 precor
3506 2138 3886 2216 Dominum,
3946 2145 4021 2202 ut
4075 2159 4180 2202 me
4224 2138 4421 2204 faciat
4467 2159 4657 2205 meae

2700 2222 3059 2288 vocationis
3112 2224 3487 2301 certiorem,
3544 2222 3856 2288 extrudat
3911 2243 4293 2307 quocunque
4347 2225 4527 2289 volet
4580 2246 4659 2292 ac

2701 2308 3075 2391 ubicunque
3118 2330 3265 2374 mea
3306 2309 3484 2374 volet
3524 2309 3625 2374 uti
3665 2331 3881 2391 opera,
3937 2331 4058 2374 nec
4100 2311 4275 2375 sinat
4315 2332 4423 2375 me
4466 2307 4659 2393 quid-

2701 2416 2897 2476 quam
2938 2395 3102 2459 meis
3137 2401 3252 2459 ant
3284 2396 3667 2477 cuiusquam
3703 2395 4044 2460 hominum
4081 2395 4425 2479 indulgere
4460 2397 4660 2464 affec·

2701 2481 2895 2558 tibus,
2939 2500 3160 2544 meum
3203 2482 3490 2546 fortunet
3533 2481 3669 2546 suis
3723 2481 4027 2562 auspiciis
4070 2482 4529 2561 ministerium,
4573 2502 4662 2548 ne

2702 2587 2851 2631 mea
2895 2565 3085 2648 culpa
3128 2566 3270 2631 eius
3326 2567 3575 2650 gloriae
3631 2566 3985 2649 quidquam
4045 2567 4263 2633 valeat
4321 2568 4657 2651 derogare.

2703 2653 2797 2716 'Pe
2839 2671 3000 2717 vero
3045 2658 3110 2715 et
3156 2653 3440 2735 reliquos
3494 2653 3731 2718 fratres
3789 2662 4046 2718 nostros
4102 2674 4215 2718 oro
4269 2662 4337 2717 et
4388 2655 4661 2720 obsecro

2701 2744 2776 2801 ut
2811 2737 3049 2803 vestris
3080 2759 3198 2803 nos
3233 2739 3536 2822 precibus
3570 2747 3637 2804 et
3671 2738 3958 2804 consiliis
3992 2739 4253 2815 iuvetis,
4294 2740 4663 2805 Dominum

2700 2823 3054 2906 precemini
3098 2831 3174 2888 ut
3216 2824 3554 2890 ministros
3590 2833 3849 2890 sanctos
3891 2824 4028 2889 suis
4073 2826 4410 2906 praeficiat
4451 2825 4661 2891 eccle-

2701 2909 2817 2975 siis
2851 2931 2936 3059 {f
2986 2930 3107 2974 nos
3160 2910 3264 2975 his
3320 2911 3641 2994 angustiis
3685 2911 3936 2975 liberet.
4036 2910 4222 2975 Vale.
4323 2910 4659 2990 Genevae,

2710 2999 2805 3059 16.
2930 2995 3018 3060 aii
3066 2999 3248 3061 1542.

3848 3133 4031 3199 Tuus
4074 3153 4158 3198 ex
4203 3155 4346 3200 asse

4022 3219 4260 3285 Petrus
4304 3219 4599 3286 Viretus.

3601 3748 3752 3818 397.

2921 3887 3263 3956 CALVIN
3308 3889 3497 3955 on
3538 3872 3946 3953 FIDELEs
3991 3887 4119 3954 DE
4165 3887 4444 3953 LYON.

2879 4061 2930 4125 I
2932 4061 2955 4125 l
3011 4061 3099 4126 les
3164 4064 3281 4124 met
3344 4081 3421 4125 en
3468 4060 3668 4143 yarde
3724 4066 3923 4125 contre
3978 4059 4032 4124 le
4084 4062 4286 4125 moine
4342 4060 4668 4129 carmelite

2704 4149 2816 4229 qui
2858 4147 3034 4210 avait
3077 4147 3352 4229 nayuere
3393 4145 3624 4226 praebe
3665 4145 3707 4209 ὰ
3754 4145 3949 4227 Lym,
3994 4151 4046 4210 et
4092 4149 4203 4227 qui
4252 4146 4425 4211 avait
4468 4147 4671 4214 voulu

2703 4254 2769 4299 se
2822 4232 2992 4315 faire
3048 4230 3519 4316 reyulierement
3582 4251 3903 4296 consecrer
3968 4232 4009 4294 ὰ
4072 4233 4314 4297 θεηὲυε
4376 4251 4531 4297 sans
4593 4253 4671 4298 se

2702 4322 3028 4385 soumetbre
3071 4317 3113 4381 ὰ
3155 4338 3245 4382 un
3289 4337 3568 4382 examen.

2704 4490 2939 4553 (Minute
2994 4489 3283 4558 originale:
3335 4488 3472 4540 Bibl.
3521 4489 3588 4540 de
3636 4487 3852 4541 Geneve
3903 4488 4030 4542 Cod.
4084 4487 4197 4554 145,
4246 4489 4338 4541 fol.
4380 4487 4495 4542 131.
4566 4491 4667 4545 An

2700 4559 2799 4612 dos
2836 4576 2906 4612 on
2942 4559 3034 4612 lit:
3090 4558 3280 4612 Letbre
3323 4562 3508 4610 contre
3551 4557 3603 4609 le
3635 4571 3832 4610 eamne.
3886 4586 3945 4595 -
3984 4559 4213 4621 Bonnet,
4253 4558 4471 4611 Lettres
4506 4557 4573 4612 fr.
4613 4558 4665 4613 1.

3213 4625 3297 4680 57.
3341 4655 3401 4664 —
3438 4627 3600 4680 Trad.
3638 4627 3877 4695 anglaise
3911 4627 3953 4679 Ι.
3990 4625 4139 4686 299.)

2873 4799 2977 4863 La
3019 4817 3212 4880 grace
3256 4805 3326 4862 ct
3366 4798 3522 4880 paix
3566 4796 3646 4862 de
3666 4797 3839 4862 Dieu
3883 4806 4104 4864 nostre
4147 4820 4301 4882 pere
4346 4819 4469 4882 par
4504 4819 4667 4865 nos-

2702 4891 2804 4949 tre
2850 4882 3180 4966 Seigneur
3222 4883 3636 4962 Iesuschrist,
3694 4884 3820 4947 soit
3864 4892 3931 4949 et
3973 4884 4279 4950 domeure
4323 4885 4670 4952 tousiours

2701 4992 2816 5036 sur
2860 4991 3022 5034 vous
3064 4989 3185 5052 par
3228 4970 3292 5033 la
3328 4977 3518 5034 vertu
3564 4968 3643 5033 de
3688 4988 3809 5034 son
3851 4971 4059 5036 sainct
4097 4970 4319 5052 esprit.

2873 5055 3230 5120 'Preschers
3252 5055 3474 5132 freres,
3514 5074 3680 5119 nous
3708 5054 4102 5121 desirerions
4124 5055 4356 5121 davoir
4375 5058 4667 5123 mat-,iere

2701 5141 2781 5205 de
2826 5162 2988 5206 vous
3032 5142 3314 5224 escripre
3357 5141 3469 5223 qui
3512 5161 3677 5205 vous
3732 5142 3873 5206 vint
3917 5165 3955 5206 a
3996 5141 4144 5225 plus
4200 5142 4452 5226 grande
4497 5161 4668 5209 con-

2696 5227 3006 5306 solation,
3065 5248 3178 5292 car
3221 5236 3427 5309 quant
3483 5226 3760 5309 quelque
3819 5227 4032 5292 aultre
4090 5249 4254 5294 vous
4308 5229 4670 5295 contriste—

2696 5313 2844 5392 roit,
2889 5334 3056 5378 nous
3100 5313 3352 5379 serious
3395 5312 3492 5377 les
3536 5313 3855 5396 premiers
3898 5315 4009 5398 qui
4053 5312 4433 5382 vouldrions
4475 5334 4669 5382 mec-
