5050 6167
544 427 662 490 341

541 639 660 704 pro
696 616 823 681 leci
860 625 926 679 et
959 615 1271 698 temporis
1313 616 1628 698 qualitate
1673 616 2019 700 designare
2064 638 2496 700 accusareque

545 704 822 785 denique
877 711 944 766 et
995 702 1252 783 insequi
1308 702 1650 784 intrepide.
1741 704 2096 768 Possemus
2139 724 2304 786 0330
2348 725 2496 786 pre-

542 790 881 875 posuimus
940 786 1254 852 hactenus
1311 797 1825 853 commonstrare
1879 790 2245 871 praeceptis
2299 798 2497 873 atque

545 874 866 957 exemplis
911 874 1178 950 Christi,
1239 873 1705 956 prophetarum
1750 883 1818 938 et
1862 875 2324 957 apestolorum,
2369 876 2497 939 nisi

546 962 867 1029 sciremus
923 980 1000 1025 ee
1061 959 1282 1023 labore
1336 981 1453 1024 308
1513 959 1685 1042 apud
1741 970 1837 1036 te,
1882 981 2113 1046 ¹rerum
2159 981 2494 1026 sacrarum

545 1047 1036 1131 peritissimum,
1096 1066 1331 1128 aquam
1378 1044 1676 1109 derivare
1720 1046 1790 1110 in
1835 1067 2170 1112 oceanum.
2263 1045 2496 1111 Caete-

545 1154 692 1198 rum
739 1132 996 1197 vulneri
1040 1133 1286 1197 inflicto
1345 1131 1539 1195 iussit
1591 1130 1762 1195 idem
1806 1132 1917 1197 ille
1974 1133 2287 1215 magister
2327 1135 2498 1196 vitae

546 1218 870 1283 medelam
926 1218 1237 1283 adbibere
1296 1216 1542 1281 Christi
1598 1218 1942 1294 meritum,
2000 1219 2373 1299 praeteritis
2431 1226 2499 1281 et

546 1305 805 1370 reiectis
859 1305 1165 1369 omnibus
1233 1302 1380 1367 aliis
1448 1302 1750 1366 medendi
1817 1302 2194 1367 rationibus.
2309 1302 2497 1383 Quae

546 1390 811 1456 tametsi
852 1391 1382 1472 praesentissima
1427 1389 1513 1453 sit
1555 1409 1631 1454 30
1675 1390 2161 1471 pretiosissima,
2207 1390 2500 1453 exoritur

546 1485 771 1543 tamen
815 1499 901 1542 ex
942 1479 1083 1559 ipsa
1125 1475 1487 1539 ministerio
1524 1485 1588 1538 et
1623 1476 1942 1540 ministris
1978 1477 2162 1539 varia
2205 1476 2498 1550 tentatie,

547 1564 768 1629 odium
811 1563 1042 1627 mundi
1087 1573 1152 1625 et
1192 1561 1614 1644 persequutio
1659 1563 1897 1644 gravis.
1987 1561 2332 1625 Praedixit
2375 1561 2499 1626 hec

547 1651 844 1716 futurum
886 1650 1025 1731 ipse
1066 1646 1398 1712 Dominus
1443 1647 1512 1710 in
1560 1646 1927 1730 evangelie,
1986 1657 2048 1710 et
2106 1648 2200 1711 ita
2253 1647 2498 1710 factum

550 1756 692 1802 esse
735 1737 1129 1800 confirmant
1172 1732 1473 1813 exempla
1517 1732 1900 1816 apostolica,
1957 1753 2124 1814 quae
2165 1747 2230 1796 te
2273 1754 2498 1797 cense-

548 1821 773 1887 lantur
813 1820 990 1884 haud
1036 1818 1258 1894 dubie,
1315 1820 1369 1881 si
1416 1819 1597 1900 paria
1650 1841 1799 1883 cum
1844 1819 2003 1900 ipsis
2047 1818 2194 1882 odia
2237 1827 2503 1901 propter

549 1909 895 1974 veritatem
940 1905 1254 1980 sustines,
1318 1906 1610 1986 cogitans
1663 1905 1891 1987 utique
1949 1903 2122 1967 nibil
2182 1904 2334 1968 novi
2379 1904 2501 1968 tibi

552 1993 864 2059 obvenire
920 2013 959 2056 a
1015 1991 1318 2056 Domine.
1424 1989 1737 2069 Quinimo
1799 1990 2068 2073 spiritus
2110 1988 2380 2054 Domini
2436 1998 2503 2054 et

553 2079 856 2162 exempla
909 2077 1348 2160 apostolerum
1405 2075 1828 2156 pollicentur,
1889 2095 2000 2140 ees
2056 2076 2167 2157 qui
2224 2074 2505 2140 ederunt

555 2162 902 2248 aliquando
947 2163 1386 2227 infensissimo
1440 2183 1592 2224 mex
1650 2171 1985 2225 amaturos
2030 2159 2501 2226 ardentissime.

553 2252 741 2316 Nosti
786 2248 938 2333 quid
983 2270 1109 2313 usu
1155 2247 1412 2312 venerit
1436 2247 1694 2312 Galatis
1738 2255 1803 2310 et
1825 2247 2054 2322 Paule,
2099 2247 2254 2329 quid
2295 2246 2502 2311 Atha-

553 2337 740 2402 nasio
798 2343 864 2401 et
919 2333 1416 2406 Alexandrinis,
1476 2332 1830 2415 multisque
1883 2333 2026 2396 aliis
2083 2333 2504 2398 eeclesiarum

554 2420 963 2508 praesidibus
1021 2441 1170 2484 cum
1223 2420 1357 2483 suis
1416 2419 1719 2483 ecclesiis.
1808 2417 2096 2482 Proinde
2141 2439 2272 2482 non
2316 2429 2504 2501 puta-

556 2530 706 2574 mus
743 2508 878 2584 tibi,
919 2507 1122 2570 frater
1156 2507 1224 2570 in
1246 2504 1536 2568 Domine
1573 2502 1960 2580 venerande,
1998 2503 2080 2567 eb
2115 2513 2502 2569 commotam

557 2593 818 2659 turbam
865 2599 933 2656 et
975 2590 1118 2655 odia
1165 2591 1520 2654 multorum
1579 2590 2069 2671 relinquendam
2118 2611 2258 2653 esse
2301 2590 2504 2653 eccle-

505 2681 512 2688 '
557 2681 741 2747 siam.
833 2677 1193 2760 Speramus
1251 2677 1428 2740 enim
1484 2687 1815 2739 amaturos
1870 2683 1935 2738 te
1994 2672 2342 2756 aliquande
2401 2695 2505 2738 80-

554 2766 732 2832 brios
775 2764 885 2847 qui
930 2783 1106 2827 nunc
1149 2761 1489 2826 affectibus
1532 2761 1784 2843 abrepti
1827 2769 1893 2824 te
1937 2759 2083 2843 plus
2129 2781 2325 2842 quam
2368 2761 2504 2824 Va-

554 2852 806 2915 1131330
861 2849 1007 2912 0(110
1065 2857 1563 2930 persequuntur.
1654 2847 2006 2911 Praeterea
2063 2847 2389 2910 Dominus
2433 2847 2506 2909 in

556 2935 924 3019 evangelio:
972 2932 1381 3016 Quicunque,
1428 2932 1536 3008 ait,
1583 2953 1715 2997 nen
1760 2932 2090 3014 exceperit
2130 2953 2247 2995 vos
2295 2953 2504 3014 neque

557 3021 842 3089 audierit
891 3041 1222 3084 sermones
1269 3033 1536 3094 vestros,
1598 3031 1906 3082 exeuntes
1954 3041 2030 3080 ex
2081 3017 2345 3082 aedibus
2391 3029 2507 3081 aut

557 3130 641 3173 ex
685 3108 950 3172 civitate
989 3106 1104 3170 illa
1139 3106 1421 3170 excutite
1457 3102 1792 3184 pulverem
1831 3103 2069 3185 pedum
2114 3111 2503 3167 vestrorum.

555 3195 738 3278 Ergo
791 3194 1166 3275 quicunque
1232 3191 1572 3272 excipiunt
1636 3199 1704 3253 et
1764 3188 2040 3252 audiunt
2104 3197 2168 3252 te
2227 3189 2507 3253 verbum

556 3278 808 3345 Christi
867 3277 1350 3360 praedicantem
1406 3296 1540 3339 nen
1586 3282 1739 3339 sunt
1782 3274 2212 3356 relinquendi.
2302 3274 2508 3338 Venit

556 3363 953 3431 Corinthum
1019 3362 1375 3445 apestolus,
1452 3361 1850 3443 praedicavit
1914 3360 2189 3424 verbum
2259 3360 2505 3436 salutiS,

558 3449 672 3516 sed
711 3461 900 3515 erant
936 3450 1046 3531 qui
1093 3446 1315 3512 audire
1351 3457 1721 3523 renuerent,
1770 3454 1960 3509 erant
2003 3446 2112 3527 qui
2158 3467 2243 3509 ex
2288 3446 2507 3509 anime

555 3536 832 3601 verbum
869 3533 1193 3616 evangelii
1229 3543 1560 3616 cuperent,
1597 3554 1755 3614 ques
1790 3533 2171 3612 neutiquam
2209 3531 2331 3594 sibi
2369 3540 2509 3594 tan-

556 3629 661 3686 tus
699 3620 1030 3703 apestolus
1068 3619 1456 3683 deserendos
1493 3629 1757 3701 propter
1792 3616 2247 3680 insolentiores
2287 3616 2509 3681 relicta

557 3708 720 3772 urbe
765 3707 1034 3788 putavit.
1136 3705 1500 3769 Perdurato
1558 3726 1713 3785 erge
1771 3719 1832 3766 et
1892 3713 1961 3766 tu
2018 3704 2086 3765 in
2145 3703 2509 3767 ministerio

557 3803 707 3870 tue,
767 3792 849 3856 ad
896 3791 1066 3875 qued
1121 3799 1395 3855 vocatus
1451 3811 1538 3854 08.
1629 3790 1766 3854 Ora
1811 3788 2168 3852 Dominum
2215 3799 2508 3851 autorem

560 3887 626 3943 et
670 3887 1026 3942 amatorem
1074 3876 1278 3958 pacis,
1342 3886 1418 3939 ut
1474 3897 1626 3939 oves
1673 3887 1818 3938 tuas
1865 3874 1987 3938 sibi
2031 3874 2510 3954 aliquantulum

559 3973 817 4046 ereptas
863 3963 1195 4040 restituat,
1257 3971 1332 4024 ut
1387 3961 1467 4024 ad
1525 3960 1693 4024 evile
1738 3959 2042 4034 redeant,
2101 3959 2511 4041 disciplinam

562 4061 629 4115 et
679 4050 1146 4116 correctionem
1200 4069 1329 4110 non
1388 4047 1661 4130 fugiant.
1765 4046 2038 4108 Interim
2097 4065 2244 4108 cum
2306 4045 2512 4108 Paule

559 4135 632 4199 in
676 4155 903 4199 omnes
947 4145 1012 4196 te
1052 4135 1293 4196 formas
1338 4145 1645 4196 converte
1699 4145 1773 4195 ut
1817 4132 2194 4194 aberrantes
2239 4130 2513 4194 reducas

561 4221 634 4285 in
680 4222 852 4284 viam
899 4219 1148 4283 salutis.
1239 4218 1440 4292 Haec,
1487 4219 1772 4298 inquam,
1818 4226 1885 4278 et
1917 4215 2020 4278 his
2058 4216 2296 4279 similia
2339 4216 2512 4280 exis-

561 4307 873 4371 timamus
938 4307 1036 4368 tui
1103 4325 1242 4367 esse
1300 4303 1527 4379 efficii,
1596 4323 1634 4366 e
1692 4317 1915 4385 paster
1973 4302 2163 4365 bene:
2233 4322 2397 4381 quae
2457 4300 2512 4364 si

562 4412 821 4457 summa
863 4389 992 4454 fide
1038 4398 1106 4454 et
1145 4388 1498 4472 diligentia,
1545 4387 1861 4471 religione
1906 4399 1972 4449 et
2014 4385 2362 4468 prudentia
2396 4406 2512 4450 ex-

563 4485 878 4561 sequutus
943 4475 1177 4550 fueris,
1247 4474 1411 4539 nihil
1477 4472 1851 4537 dubitamus
1917 4472 2265 4548 Satanam,
2338 4493 2514 4536 nunc

562 4561 867 4629 nonnihil
898 4560 1437 4642 triumphantem,
1483 4567 1882 4642 prostratum
1904 4558 2004 4632 iri,
2052 4559 2514 4639 captivumque

563 4670 741 4714 nunc
786 4646 1000 4711 denuo
1046 4646 1296 4710 Christi
1354 4647 1595 4710 virtute
1651 4665 1767 4726 per
1822 4653 1888 4706 te
1943 4641 2313 4708 ducendum
2359 4644 2511 4707 fere.

563 4734 644 4800 Id
688 4733 862 4817 qued
905 4731 1027 4797 tibi
1070 4731 1381 4796 concedat
1423 4730 1730 4796 Christus
1775 4730 1997 4794 victer.
2091 4732 2325 4806 Amen.

737 4819 846 4884 Ad
889 4840 1009 4883 ves
1054 4826 1293 4894 autem,
1353 4839 1391 4882 o
1435 4817 1672 4881 fratres
1717 4822 2153 4898 symmystae,
2222 4825 2515 4898 pastores

565 4925 640 4972 ae
699 4903 1184 4988 praedicatores
1243 4902 1569 4986 evangelii
1635 4902 1753 4966 filii
1805 4900 1962 4977 Dei,
2029 4921 2147 4983 per
2213 4900 2517 4965 ecelesias

562 4992 747 5058 urbis
792 4998 860 5056 et
901 4990 1047 5073 agri
1089 4990 1226 5055 sive
1282 4989 1628 5054 comitatus
1673 4987 2003 5063 Neocemi,
2048 4988 2188 5068 ipse
2232 4986 2519 5052 salvater

561 5087 792 5143 nester
824 5077 894 5141 in
931 5075 1274 5159 evangelio
1308 5073 1505 5139 dixit:
1551 5074 1692 5138 Vos
1736 5074 1894 5137 estis
1930 5071 2026 5137 sal
2062 5079 2306 5150 terrao;
2346 5070 2519 5155 qued

564 5163 626 5231 si
669 5163 768 5228 sal
809 5163 1176 5227 infatuatus
1219 5161 1419 5225 fuerit
1461 5180 1591 5243 que
1628 5157 1944 5225 salietur?
2005 5156 2087 5222 ad
2132 5157 2299 5222 nihil
2346 5157 2521 5222 valet

563 5249 741 5315 ultra
783 5249 917 5314 nisi
959 5255 1037 5312 ut
1078 5247 1462 5330 proiieiatur
1503 5246 1677 5312 feras
1721 5253 1788 5310 et
1825 5244 2240 5310 conculcetur
2277 5244 2357 5308 ab
2401 5242 2519 5307 he·

565 5336 870 5402 minibus.
960 5332 1340 5417 Intelligitis
1395 5353 1513 5416 pro
1568 5331 1932 5397 eruditione
1976 5339 2044 5396 et
2086 5330 2326 5414 pietate
2370 5349 2520 5394 ves-

2235 434 2391 494 1541
2441 429 2851 498 NOVEMB.

4430 448 4559 509 342

2600 627 2704 682 tra
2738 619 2897 702 quid
2933 622 3324 703 exspectetis
3367 630 3437 686 et
3470 620 3623 704 quid
3661 623 3850 689 vebis
3893 627 4321 694 metuendum
4366 631 4453 696 sit
4486 632 4558 697 in

2599 705 2929 787 praesenti
2974 707 3241 791 negotio
3266 707 3529 785 Furem,
3575 709 3631 771 si
3675 709 3928 775 fueritis
3972 711 4270 795 insipidi„
4303 715 4554 798 impru-

2602 789 2832 855 dentes
2875 799 2943 855 et
2983 792 3229 876 ignavi.
3322 791 3441 858 Sal
3497 795 3851 858 acrimonia
3906 818 4029 861 sua
4086 807 4307 864 servat
4351 823 4393 866 3
4435 823 4557 885 pu-

2600 874 2858 940 mdine
2902 883 2971 941 et
3003 879 3440 961 corruptione.
3507 878 3647 945 Vos
3692 880 3914 963 itaque
3958 885 4216 964 pietate,
4262 887 4554 967 consilie,

2602 961 2955 1044 prudentia
2999 983 3074 1028 ac
3117 964 3465 1029 sedulitate
3520 973 3900 1031 conservate
3950 968 4255 1035 ecelesias
4301 981 4555 1039 vestras

2601 1054 2670 1110 et
2739 1048 3107 1113 ministeria
3171 1049 3627 1114 commendata
3693 1072 3733 1116 a
3792 1052 4100 1118 Domine.
4213 1057 4551 1123 Luxatum

2602 1154 2761 1197 vere
2805 1134 2929 1198 erit
2951 1134 3393 1200 ministerium
3429 1144 3720 1200 vestrum
3757 1138 3812 1201 si
3849 1147 4116 1221 propter
4150 1141 4556 1222 parrhesiam

2601 1218 2882 1300 pelletur
2937 1219 3266 1308 Ferreum,
3327 1241 3539 1304 neque
3592 1243 3746 1286 vere
3805 1233 3874 1287 et
3928 1224 4236 1289 ecclesiae
4292 1235 4556 1293 vestrae

2602 1304 2824 1369 salvae
2868 1326 3010 1370 esse
3054 1306 3348 1388 quibunt,
3391 1307 3532 1371 sine
3576 1307 3808 1372 idonee
3851 1319 3917 1372 et
3960 1309 4239 1376 heroicis
4282 1312 4555 1379 faculta-

2602 1389 2778 1454 tibus
2834 1388 3073 1455 donato
3132 1413 3206 1456 ac
3261 1392 3505 1475 insigni
3563 1394 3865 1475 quopiam
3922 1396 4257 1473 ministre,
4316 1398 4430 1479 qui
4485 1400 4556 1462 in

2603 1476 2767 1541 urbe
2832 1486 3053 1541 vestra
3110 1477 3423 1560 primaria
3475 1497 3698 1542 curam
3766 1493 3955 1562 gerat
4011 1491 4076 1546 et
4133 1480 4395 1548 urbicae
4453 1505 4557 1550 ec·

2605 1560 2840 1627 clesiae
2885 1570 2950 1626 et
2994 1564 3289 1627 emnium
3326 1564 3570 1645 pariter
3603 1564 4027 1629 ecclesiarum
4068 1575 4441 1632 vestrarum
4483 1569 4557 1633 in

2605 1667 2783 1730 agre.
2874 1646 3089 1727 Quem
3136 1657 3357 1713 autem
3398 1649 3771 1727 invenietis,
3825 1671 4084 1731 033080,
4134 1653 4387 1718 Farello
4431 1655 4557 1719 iste

2605 1742 2827 1797 nostre
2901 1733 3102 1810 (absit
3158 1734 3360 1799 verbo
3415 1733 3730 1818 invidial)
3799 1735 4107 1801 idoneum
4176 1739 4271 1802 rei
4337 1748 4559 1805 tantae

2606 1817 2862 1901 magis?
2956 1818 3249 1884 Farezzas
3305 1821 3450 1901 pius
3508 1829 3641 1898 est,
3700 1829 3982 1898 sanctus,
4038 1824 4346 1906 prudens,
4392 1836 4559 1889 tem·

2606 1924 2862 1987 perans,
2908 1904 3114 1981 fortis,
3160 1905 3546 1987 intrepidus,
3593 1905 4004 1972 doctissimus
4054 1917 4121 1972 et
4164 1909 4559 1993 eloquentis-

2607 1990 2842 2054 simus:
2903 1989 3182 2072 denique
3224 1992 3472 2074 optima
3513 2012 3806 2074 quaeque
3862 1992 4062 2072 dena,
4121 2015 4286 2076 quae
4341 1998 4557 2079 requi-

2608 2083 2848 2139 runtur
2904 2096 2943 2139 a
2995 2074 3166 2140 fideli
3237 2098 3272 2140 e
3320 2078 3573 2159 iscepe,
3641 2077 3864 2142 divina
3920 2079 4175 2144 benitas
4238 2082 4312 2144 in
4376 2081 4556 2148 hunc

2610 2182 2813 2225 unum
2870 2159 3228 2225 transfudit
3309 2162 3754 2227 iberalissime.
3859 2162 3993 2228 Sed
4050 2175 4118 2228 et
4173 2167 4381 2230 multa
4440 2188 4558 2250 per

2609 2244 2885 2310 eandem
2940 2246 3069 2311 Dei
3128 2248 3411 2330 gratiam
3472 2248 3724 2312 diutino
3782 2271 3907 2314 usu
3971 2257 4040 2314 et
4093 2253 4559 2318 exercitatione

2609 2333 2793 2396 varia
2860 2330 3105 2406 didicit,
3173 2343 3513 2414 praeterea
3580 2355 3786 2397 senex
3855 2343 3955 2399 est
4027 2343 4095 2399 et
4161 2336 4558 2402 senescendo

2608 2416 2939 2499 permulta
2980 2417 3167 2482 vidit.
3259 2419 3477 2484 Huius
3520 2419 3888 2484 ministerio
3942 2421 4155 2503 prima
4211 2421 4383 2505 apud
4443 2443 4559 2488 ves

2612 2501 2981 2567 rudimenta
3010 2524 3085 2568 30
3121 2503 3546 2568 fundamenta
3580 2505 3916 2587 religionis
3951 2527 4147 2570 verae
4182 2507 4352 2572 iacta
4385 2517 4557 2573 sunt.

2586 2588 2832 2653 ·Huius
2884 2589 3251 2653 ministerio
3307 2610 3465 2654 usus
3524 2599 3625 2653 est
3668 2591 3992 2654 Dominus
4049 2591 4130 2655 ad
4187 2613 4294 2657 res
4346 2595 4559 2658 maxi·

2611 2695 2785 2752 mas,
2843 2684 2910 2737 et
2953 2683 3220 2739 exstant
3275 2674 3514 2757 ubique
3570 2695 3765 2757 quam
3819 2676 4103 2757 plurima
4160 2680 4561 2760 apostolatus

2611 2760 2752 2825 eius
2797 2760 3063 2842 egregia
3122 2760 3514 2824 testimonia.
3620 2760 3951 2826 Sustinuit
4008 2762 4119 2826 ille
4178 2765 4243 2826 in
4290 2784 4561 2847 corpere

2612 2865 2729 2909 suo
2792 2846 3328 2927 persequutiones
3386 2867 3462 2911 ac
3526 2847 3800 2911 verbera
3862 2859 4129 2929 prepter
4184 2849 4565 2914 Dominum.

2611 2930 3077 2995 Perseveravit
3119 2930 3437 2996 hactenus
3491 2931 3563 2994 in
3607 2934 3879 2997 summis
3934 2933 4241 3015 periculis
4283 2935 4566 3001 invictus

2612 3016 2683 3080 13
2765 3017 3109 3098 praeconio
3188 3031 3255 3080 et
3330 3017 3730 3082 confessione
3809 3019 4124 3084 veritatis.
4230 3020 4423 3085 Unde
4501 3027 4571 3086 et

2612 3123 2854 3184 magna
2919 3111 2986 3165 et
3050 3102 3328 3168 illustris
3393 3113 3494 3166 est
3554 3102 3796 3168 Farelli
3850 3105 4026 3169 fama
4084 3125 4159 3168 ac
4224 3105 4435 3189 gloria
4491 3106 4565 3170 in

2614 3187 2879 3253 Christo
2924 3187 3099 3269 apud
3141 3189 3545 3266 Germanos,
3603 3189 3711 3270 qui
3756 3189 3881 3253 hec
3937 3191 4203 3254 nomine
4246 3191 4566 3257 hactenus

2612 3274 3155 3338 Neocemensium
3216 3274 3555 3338 ecelesiam
3622 3273 4058 3340 iudicavimus
4126 3276 4568 3341 felicissimam

2612 3380 2772 3437 esse,
2819 3379 2983 3441 quae
3028 3381 3067 3423 3
3110 3359 3396 3424 Domino
3450 3367 3705 3423 tantum
3757 3362 4111 3442 accepisset
4163 3363 4563 3427 ministrum.

2612 3444 2865 3509 Idcirco
2910 3466 3040 3508 nen
3078 3444 3400 3527 oportebit
3441 3466 3578 3518 ves,
3627 3466 3664 3508 o
3698 3446 3955 3522 fratres,
4000 3446 4189 3512 facile
4224 3447 4569 3512 admittere

2613 3538 2689 3594 ut
2728 3531 2831 3594 vir
2875 3543 3099 3594 tantus
3136 3541 3400 3614 praeter
3433 3530 3740 3594 meritum
3779 3540 3845 3594 et
3880 3531 4129 3597 indicta
4178 3554 4377 3598 03303
4430 3533 4570 3615 pel-

2613 3616 2809 3680 latur.
2900 3614 3017 3680 Sal
3062 3617 3219 3680 estis
3279 3615 3699 3681 ecclesiarum
3747 3627 4150 3683 vestrarum:
4217 3618 4572 3701 prudentes

2617 3723 2771 3784 ergo
2815 3710 2884 3765 et
2927 3713 3299 3765 constantes
3334 3711 3558 3776 estete,
3606 3710 3828 3766 curate
3874 3713 3947 3766 ut
3980 3704 4249 3768 valeant
4294 3704 4469 3786 leges
4504 3711 4573 3767 et

2615 3788 2780 3851 iura.
2871 3787 3071 3869 Agite
3116 3785 3284 3868 quod
3330 3789 3410 3850 ab
3455 3788 3897 3869 apestolorum
3958 3788 4358 3870 temporibus
4403 3810 4573 3853 sem-

2619 3874 2893 3956 peregit
2916 3872 3164 3937 Christi
3195 3872 3481 3937 ecclesia.
3544 3872 3960 3937 Convecetur
3983 3894 4139 3956 erge
4176 3873 4468 3956 synodus
4490 3896 4576 3938 ex

2620 3959 3004 4041 pastoribus,
3043 3958 3469 4036 senatoribus»,
3507 3957 3795 4040 adeoque
3831 3981 3911 4023 ex
3944 3959 4089 4041 ipsa
4124 3959 4315 4041 plebe
4347 3961 4576 4043 optimi

2623 4044 2863 4127 quique
2909 4054 2975 4107 et
3019 4043 3434 4110 sanctissimi.
3524 4043 3861 4108 Veeentur
3905 4053 3972 4109 et
4016 4044 4263 4110 Farelli
4307 4065 4570 4111 accusa·

2620 4141 2812 4193 teres.
2902 4129 3259 4207 Audiatur‚
3326 4139 3754 4212 cognoscatur
3812 4138 3877 4194 et
3934 4129 4318 4194 discutiatur
4372 4152 4572 4195 03383

2620 4215 3123 4298 diligentissime
3189 4235 3263 4280 30
3319 4215 3678 4280 iustissime
3742 4216 4271 4298 aequissimeque.
4374 4214 4570 4294 Quod

2620 4302 2677 4365 si
2722 4300 2877 4382 quid
2924 4299 3404 4383 deprehensum
3448 4301 3647 4365 fuerit
3683 4321 3722 4364 a
3746 4301 3997 4365 Farello
4033 4323 4175 4365 esse
4209 4309 4569 4382 peecatum,

2621 4408 2772 4470 age,
2840 4406 3162 4450 memores
3239 4393 3443 4450 estete
3504 4386 3852 4450 verberum
3924 4385 4194 4469 apostoli
4264 4385 4570 4450 dicentis:

2621 4472 2959 4536 Adversus
3027 4471 3483 4555 presbyterum
3551 4473 4021 4536 accusationem
4079 4493 4164 4536 ne
4229 4471 4573 4536 admiseris

2621 4558 2748 4622 3101
2791 4557 2912 4621 sub
2958 4555 3209 4622 duobus
3253 4567 3369 4621 aut
3422 4555 3633 4621 tribus
3676 4557 3981 4622 testibus:
4041 4578 4150 4621 ees
4196 4565 4416 4621 autem
4461 4556 4574 4638 qui

2619 4655 2889 4724 peccant
2929 4662 3149 4708 ceram
3193 4643 3498 4707 omnibus
3541 4662 3743 4725 argue
3777 4651 3852 4707 ut
3886 4652 3953 4705 et
3996 4643 4232 4707 caeteri
4271 4644 4574 4707 timerem

2621 4727 2926 4792 habeant.
3017 4727 3212 4808 Quod
3269 4728 3326 4792 si
3383 4727 3549 4792 nihil
3606 4728 3898 4810 peccavit
3944 4728 4271 4806 FarelluS,
4315 4749 4399 4792 ne
4459 4726 4574 4790 ad-

2620 4814 2901 4878 mittatis
2957 4821 3034 4877 ut
3086 4835 3169 4878 ex
3214 4814 3518 4890 ecclesia,
3576 4835 3739 4895 quae
3784 4835 4022 4878 nomen
4067 4813 4318 4878 Christi
4361 4810 4575 4877 adhuc

2623 4901 2967 4963 confitetur
3010 4906 3076 4962 et
3133 4901 3201 4963 in
3257 4919 3385 4981 033
3427 4900 3576 4963 iura
3619 4918 3693 4964 30
3737 4898 3914 4982 leges
3958 4898 4176 4964 valere
4221 4897 4434 4962 adhuc
4475 4898 4576 4962 vi-

2623 4984 2765 5049 deri
2811 4984 3058 5063 volunt,
3102 4984 3416 5051 eiiciatur.
3486 4983 3751 5066 Alioqui
3787 4986 3962 5048 enim
4006 4985 4253 5050 factum
4288 4983 4411 5048 hec
4449 4982 4576 5046 im-

2623 5069 3083 5153 probissimum
3126 5070 3375 5135 malum
3432 5070 3807 5152 exemplum
3867 5070 4046 5134 dabit
4087 5067 4388 5134 omnibus
4431 5067 4578 5133 aliis

2625 5155 2931 5222 ecclesiis.
3022 5154 3158 5222 Sed
3203 5166 3269 5220 et
3310 5155 3536 5220 hostes
3579 5155 3789 5219 nestri
3829 5157 4125 5238 papistae
4169 5154 4580 5219 damnabunt

2623 5242 2797 5307 hanc
2861 5241 3204 5307 levitatem
3267 5261 3467 5325 quam
3529 5241 3656 5323 ipsi
3720 5261 4055 5324 nunquam
4132 5237 4577 5306 admitterent.

2625 5329 2769 5393 Iam
2827 5336 2897 5392 et
2935 5333 3124 5393 tanta
3166 5327 3492 5393 iniustitia
3535 5335 3603 5391 et
3649 5326 3846 5392 libide
3890 5326 4172 5393 infirmis
4216 5328 4579 5412 quibusque

4054 5426 4171 5482 22*
