5050 6167
602 441 695 509 Οἵ

608 631 939 718 mgarder
980 653 1022 698 a
1061 632 1221 700 cela.
1309 630 1407 699 Oe
1460 651 1609 697 sera
1660 629 1726 695 la
1767 631 1964 696 chose
2003 628 2085 698 de
2126 631 2283 715 plus
2325 629 2578 714 grande

618 721 1058 871 ἐῗέιὲἶῖιιῒὲἒῖ·
1072 737 1412 869 ““ἒ.ἒ”ἓ.ῗ
1454 716 1970 869 33221’0035020
1985 715 2285 867 32⁰²&
2286 737 2390 866 ³130
2431 714 2579 866 ἕξ

619 888 797 955 ladio
839 825 1152 972 subitess)
1205 897 1273 954 et
1292 824 1505 954 paussi
1559 888 1751 971 qu'on
1802 824 2163 971 presumoilt
2217 822 2370 952 bilen
2413 886 2575 971 qu’il

619 976 884 1041 n’estoit
938 977 1004 1041 ia
1054 974 1329 1060 besoing
1382 972 1466 1039 de
1518 995 1590 1040 se
1645 973 1872 1040 haster
1925 995 2086 1040 avec
2139 973 2407 1057 danger.
2496 972 2576 1037 Ie

619 1082 716 1150 ny
757 1081 846 1145 ay
888 1069 1029 1126 este
1072 1060 1154 1125 de
1186 1081 1299 1125 ma
1338 1066 1494 1144 part
1524 1080 1649 1143 que
1688 1080 1811 1145 par
1851 1059 2145 1126 maniere
2187 1057 2436 1138 desbat,
2478 1079 2576 1142 ny

616 1166 871 1297 'Inueilllgs
898 1148 1190 1309 1540.·¹⁰')
1285 1145 1392 1211 De
1457 1143 1889 1230 Strasbourg‚
1958 1165 2032 1211 ce
2083 1143 2423 1210 XXVIII.
2491 1143 2576 1208 de

1236 1348 1480 1417 vostre
1523 1351 1696 1417 frere
1738 1359 1808 1417 et
1847 1351 1977 1416 bon
2021 1370 2176 1434 amy

1897 1486 2107 1554 Iehan
2141 1486 2400 1553 Oalvin.

1393 1783 1800 1791 μή.

1525 2014 1670 2085 22⁹.

1090 2170 1611 2240 GRYNAEUS
1655 2169 2097 2237 OALVINO.

797 2341 1197 2411 Commendat
1249 2344 1531 2409 iuvenem
1595 2341 1927 2426 tholey-‘ae
1996 2341 2361 2407 studium.
2448 2339 2579 2407 Fa-

616 2429 815 2495 roam
856 2428 1192 2495 Basileam
1259 2430 1550 2495 transiit:
1612 2428 1716 2494 hie
1770 2433 1830 2493 et
1875 2428 2105 2494 caeteri
2157 2429 2421 2509 cupiomt
2469 2446 2578 2492 res

618 2512 959 2599 Hayenoae
995 2520 1204 2600 qesta-⁹
1246 2515 1607 2581 accuratius
1647 2513 1893 2579 rescire.
2280 2545 2289 2552 ·

614 2684 729 2754 (Ex
763 2685 1100 2756 autographo
1135 2684 1264 2739 Cod-
1302 2685 1505 2740 Gener.
1545 2682 1663 2750 113,
1698 2683 1790 2738 fol.
1826 2682 1911 2738 75.
1959 2712 2026 2725 -
2075 2684 2244 2739 Pauci
2278 2700 2472 2738 versus
2506 2685 2579 2739 ab

614 2754 783 2810 initio
896 2756 982 2824 pis
1026 2754 1271 2810 mandati
1318 2762 1445 2807 sunt
1487 2770 1522 2807 a
1565 2753 1712 2807 Besa
1755 2752 1840 2807 ed.
1890 2752 2092 2809 Genev.
2140 2770 2194 2823 p.
2240 2751 2372 2820 366,
2535 2770 2579 2808 ι.

620 2839 675 2893 p.
710 2821 796 2890 49,
887 2839 1044 2878 auov.
1074 2840 1131 2904 p.
1156 2821 1243 2889 55,
1278 2821 1487 2877 Chouet
1519 2838 1573 2892 p.
1593 2820 1694 2876 501
1750 2823 1927 2877 Amet.
1962 2839 2017 2893 p.
2041 2819 2160 2875 228.
2212 2821 2375 2876 Unde
2411 2823 2578 2877 etiam

828 2892 1203 2962 transscripsit
1238 2890 1568 2945 suentem
1603 2891 1659 2943 in
1694 2861 1837 2961 izpp.
1875 2889 2116 2962 smmi
2150 2907 2201 2960 p.
2241 2888 2359 2958 56.)

786 3079 871 3145 D.
930 3078 1171 3147 Ioanm‘
1227 3078 1511 3148 Calvino
1564 3077 1775 3146 amico
1826 3099 1944 3146 suo
2000 3088 2070 3147 et
2125 3079 2317 3146 fratri
2374 3077 2577 3146 dilec-

628 3165 667 3230 Ι.
745 3165 760 3180 .
832 3185 873 3231 0

1854 3250 2282 3336 Argentinae.

795 3370 1067 3437 Iuvenis
1122 3368 1231 3436 hic
1285 3367 1462 3454 apud
1515 3389 1639 3435 nos
1691 3368 1832 3436 dies
1889 3371 2136 3454 aliquot
2184 3373 2327 3437 fuit.
2417 3372 2577 3437 Dis-

620 3476 769 3523 oere
824 3456 974 3522 istic
1034 3454 1422 3539 religionem
1475 3455 1672 3539 cupit.
1769 3456 1897 3522 Est
1938 3456 2251 3524 Nicaeus:
2311 3453 2579 3523 videtur

620 3561 765 3608 esse
820 3540 1117 3625 simplex.
1220 3538 1299 3606 Si
1356 3561 1488 3625 qua
1537 3541 1684 3607 istic
1741 3551 1843 3607 est
1894 3543 2015 3608 tibi
2067 3542 2248 3610 hunc
2301 3542 2577 3609 iuvandi

621 3647 803 3711 spes,
863 3646 979 3692 oro
1036 3637 1114 3691 ut
1167 3625 1282 3692 des
1337 3646 1622 3709 operam.
1710 3627 1848 3693 Diu
1892 3649 2026 3694 non
2069 3629 2303 3712 scripsi
2347 3626 2433 3694 ad
2474 3639 2574 3695 te:

620 3733 737 3778 oro
801 3719 880 3778 ut
942 3734 1028 3777 ne
1092 3712 1545 3796 interpreteris
1623 3733 1814 3779 secus
1873 3734 2074 3796 quam
2138 3723 2243 3780 est
2306 3714 2574 3780 factum.

619 3797 685 3863 N
686 3818 796 3863 am
859 3798 933 3861 in
991 3797 1139 3863 istis
1180 3798 1719 3880 occupationibus
1780 3800 2021 3865 vestris
2077 3798 2381 3865 nolebam
2433 3800 2577 3866 cui-

622 3903 821 3966 quam
858 3903 1002 3948 esse
1034 3882 1371 3949 molestus.
1439 3881 1653 3966 Spero
1696 3884 2051 3952 amicitiam
2096 3893 2391 3951 nostram
2427 3905 2575 3951 esse

622 3969 698 4033 in
754 3967 1022 4035 Ohristo
1076 3968 1226 4034 Iesu
1294 3968 1832 4035 indissolubilem.
1930 3970 2198 4036 Amicos
2225 3976 2275 4046 ¹)
2343 3991 2575 4036 omnes

626 4054 962 4121 mutabis.
1031 4052 1330 4120 Farellus
1370 4054 1479 4121 bic
1520 4055 1922 4138 praeteriens
1936 4058 1993 4138 2)
2036 4055 2387 4122 videbatur
2426 4056 2574 4122 lite-

620 4160 731 4206 ras
794 4161 836 4206 a
898 4140 1085 4206 vobis
1149 4148 1531 4224 exspectare
1608 4139 1689 4206 de
1754 4149 2000 4207 eventu
2065 4143 2495 4208 comitiorum.
2514 4141 2573 4228 ⁸)

617 4223 757 4291 Oro
800 4247 885 4290 ne
927 4225 1229 4310 negligas
1271 4226 1578 4303 amicum,
1623 4226 1740 4292 sed
1783 4225 1867 4291 ad
1902 4247 2015 4293 eos
2052 4227 2289 4293 tratres
2324 4227 2573 4294 scribas

616 4331 786 4394 quae
829 4320 898 4376 et
954 4333 1114 4378 vera
1156 4312 1325 4378 scias
1369 4332 1543 4389 esse,
1599 4319 1667 4378 et
1717 4310 1851 4377 illis
1906 4311 2122 4397 aliquo
2179 4313 2410 4379 solatio
2467 4316 2572 4380 fu·

621 4407 788 4462 tura.
858 4395 996 4463 Oro
1039 4398 1237 4462 etiam
1281 4409 1348 4462 te
1391 4405 1460 4462 et
1505 4396 1858 4463 Samium
1898 4406 1991 4477 ut,
2035 4419 2238 4481 quum
2280 4400 2573 4482 primum

615 4482 839 4567 aliqua
876 4482 1110 4548 saltem
1156 4480 1484 4549 scribendi
1513 4483 1616 4568 'ry
1710 4503 1859 4547 rum
1899 4486 2149 4550 occasio
2183 4493 2302 4563 est,
2349 4485 2572 4552 velitis

612 4587 692 4634 eo
758 4568 1061 4634 scribere.
1160 4567 1374 4635 Valde
1435 4568 1496 4633 Τ
1840 4571 1901 4654 ⁴)
1960 4569 2232 4635 Sturmii
2294 4571 2573 4653 epistola

819 4805 1396 4944 iofssembss'
1465 4881 1599 4933 ana
1629 4876 1680 4932 ιε
1722 4875 1903 4932 deerat
1948 4876 2018 4932 aa
2043 4877 2432 4947 prm-aym,
2468 4877 2572 4948 qm·

619 4944 913 5013 memnii
945 4944 1274 4999 Passmblde
1305 4962 1384 5000 au
1489 4986 1503 5001 .
1546 4945 1662 5002 Oct.
1697 4946 1737 5001 ὰ
1781 4945 2015 5002 Wom.

645 5015 876 5096 ²²⁹2„
916 5015 1139 5068 Amicos
1189 5054 1455 5069 .....
1508 5018 1821 5072 mittendas.
1900 5015 2064 5071 Haec
2110 5015 2315 5070 abeund
2358 5016 2430 5071 ab
2462 5015 2566 5070 in-

821 5150 882 5218 2)
915 5148 1192 5219 Hayenoa
1227 5150 1578 5208 Neooomum.

818 5219 1481 5284 mmo-tiam.
1566 5221 2562 5294 ommam-wllast-

608 5304 769 5358 ηοω,
807 5304 923 5344 non
956 5291 1179 5344 comitia
1210 5290 1450 5358 imperii.

812 5361 873 5426 4)
910 5359 1324 5415 Bibliandnm.

2166 439 2697 509 EPISTOLAE
2740 440 3073 505 228-231
4551 439 4637 503 68

2679 628 3079 696 oblectatum
3133 628 3337 693 fuisse
3392 625 3705 710 intelligo,
3794 625 3940 692 Has
3995 626 4221 693 literas
4272 648 4387 692 oro
4437 593 4504 693 te
4561 637 4641 691 ut

2679 714 2952 781 Bedroto
2994 713 3111 780 des
3154 713 3363 790 illico,
3423 713 3482 777 si
3526 733 3657 795 quo
3709 711 3903 777 modo
3957 720 4202 796 potest,
4257 714 4633 795 Augustam

2679 800 3052 866 mittendas.
3143 798 3333 865 Vale.
3422 797 3650 864 Pridie
3685 796 3976 882 Augusti
4015 798 4110 864 M„
4156 797 4240 863 D.
4286 796 4441 863 XL.

3691 932 3927 1001 Simon
3970 933 4329 1020 Grynaeus
4372 942 4545 1001 tuus.

2854 1107 3091 1175 Saluta
3133 1127 3361 1173 omnes
3406 1105 3671 1175 amicos.
3757 1104 3994 1174 Subito
4037 1105 4268 1193 scripsi
4309 1105 4489 1174 haec.

3547 1335 3606 1341 ...-
3655 1335 3860 1342 *affl--

3585 1482 3732 1551 eso.

3181 1583 3654 1706 opoamus
3699 1636 4146 1706 ummo,

2858 1810 3107 1876 Narrat
3150 1830 3311 1892 quae
3353 1811 3489 1893 ipse
3530 1830 3735 1891 nuper
3754 1808 4093 1895 Ηαρεκοαε
4132 1807 4311 1888 vidit,
4352 1830 4635 1893 W

2681 1897 2981 1965 recantas-s
3022 1917 3066 1962 a
3107 1894 3378 1964 Bedroto
3421 1900 3753 1979 acceperat.

2685 2067 2797 2134 (Ex
2834 2072 3062 2137 autogr-a
3101 2066 3173 2121 ho
3207 2066 3352 2121 Bibl.
3387 2067 3540 2120 civic.
3577 2066 3944 2137 Sangallensis
3978 2066 4132 2122 MSS.
4170 2067 4228 2120 T.
4255 2066 4327 2122 33
4362 2068 4460 2133 (al.
4477 2067 4629 2136 1v.),

2730 2136 2820 2191 fol.
2856 2134 2977 2190 361.
3079 2135 3272 2190 uitium
3307 2140 3371 2188 ut
3405 2152 3438 2189 a
3470 2136 3674 2190 nostris
3709 2136 3873 2190 rebus
3908 2136 4142 2191 alienum
4174 2137 4578 2207 praeterimus.)

2854 2307 3435 2321 —————
3468 2272 3795 2339 Hortatus
3837 2293 3984 2338 sum
4028 2271 4410 2356 Myconium,
4461 2275 4630 2358 Gry-

2681 2378 2926 2438 num,
2979 2358 3331 2438 Por-stium,
3386 2369 3463 2423 ut
3504 2360 3560 2424 si
3603 2358 3759 2442 quid
3802 2358 4125 2424 haberent
4165 2381 4386 2427 rerum
4432 2379 4632 2427 nova-

2681 2467 2832 2511 rum
2875 2445 2958 2511 ad
3000 2451 3068 2509 te
3110 2465 3232 2530 per
3273 2443 3552 2510 eundem
3599 2444 4011 2510 tabellarium
4066 2445 4457 2526 scriberent,
4512 2467 4632 2511 ne-

2680 2552 2807 2614 que
2849 2530 3074 2596 dubito
3114 2531 3401 2596 facturos
3439 2550 3601 2596 esse.
3666 2530 3946 2596 Interim
3989 2550 4132 2615 ego,
4177 2552 4347 2615 quae
4387 2532 4633 2616 partim

2679 2616 2824 2700 ipse
2863 2637 3171 2702 praesens
3214 2616 3384 2693 vidi,
3440 2617 3682 2699 partim
3735 2636 3818 2681 ex
3873 2618 4228 2682 amicorum
4271 2617 4480 2685 literis
4523 2640 4632 2685 ac-

2682 2704 2825 2786 cepi
2889 2722 3025 2767 non
3089 2702 3413 2787 gravabor
3477 2701 3814 2768 subiicere.
3924 2701 4055 2767 Fui
4117 2715 4273 2769 ante
4334 2725 4633 2772 mensem

2680 2787 3060 2874 Hagenoae‚
3084 2797 3164 2853 ut
3184 2788 3341 2871 quid
3360 2786 3495 2854 illic
3518 2801 3861 2872 gereretur
3879 2788 4192 2854 viderem.
4247 2788 4406 2854 Vidi
4427 2790 4634 2875 igitur

2684 2873 2913 2959 Reyem
2947 2883 3093 2957 post
3125 2875 3395 2939 missam
3437 2872 3789 2939 admodum
3821 2873 4055 2940 devote
4090 2874 4633 2961 procumbentem

2681 2967 2751 3025 et
2791 2969 3090 3025 orantem
3134 2959 3365 3026 solum.
3452 2957 3735 3024 Interim
3779 2980 3939 3027 vero
3981 2961 4317 3044 episcopos
4360 2961 4631 3046 aliquot,

2681 3052 2748 3111 et
2797 3046 2973 3111 inter
3025 3065 3136 3111 eos
3190 3044 3604 3129 potissimum
3662 3044 4022 3128 Spirensem
4076 3053 4144 3111 et
4191 3047 4635 3114 Tridentium

2680 3152 2814 3196 una
2856 3152 3007 3197 cum
3050 3130 3287 3215 legatis
3328 3130 3675 3197 Pontificis
3729 3143 3797 3197 et
3833 3130 4274 3212 Venetorum,
4330 3134 4492 3199 item
4535 3133 4629 3198 le-

2680 3227 2835 3304 gato
2879 3217 3059 3284 Galli
3100 3218 3354 3282 Lazaro
3395 3215 3630 3300 Bayfio
3668 3217 4065 3302 garrientes,
4117 3239 4330 3302 neque
4372 3216 4548 3303 quod
4589 3240 4632 3285 a

2681 3305 2973 3369 sacrifico
3017 3310 3327 3388 ageretur
3368 3323 3432 3367 m
3570 3323 3766 3386 opere
3818 3311 4144 3369 curantes.
4238 3308 4453 3387 Atque
4521 3325 4631 3370 eo-

2681 3388 2828 3454 dem
2849 3396 3199 3467 momento,
3246 3386 3404 3452 dum
3438 3322 3568 3453 iffi:
3605 3389 3929 3466 missatet,
3975 3389 4263 3473 reliquos
4304 3411 4628 3474 proceres,

2679 3472 2971 3553 barones,
3008 3476 3298 3551 comites,
3335 3482 3403 3539 et
3434 3472 3504 3538 id
3538 3495 3749 3560 genus
3767 3483 3985 3540 terrae
4019 3496 4239 3552 onera,
4275 3475 4350 3540 in
4384 3475 4631 3560 templo

2677 3560 2851 3625 ultro
2884 3561 3175 3644 citroque
3218 3560 3661 3627 discursantes
3703 3580 3779 3628 ac
3835 3559 3918 3625 de
3969 3564 4165 3646 nugis
4217 3563 4440 3628 nescio
4481 3564 4629 3647 qui-

2678 3645 2800 3712 bus
2843 3645 3333 3713 confabulantes
3378 3645 3759 3730 affatimque
3802 3646 4110 3726 ridentes,
4169 3648 4430 3713 iactatis
4473 3649 4628 3715 sub-

2677 3730 2830 3797 inde
2849 3732 3173 3810 manibus,
3212 3743 3286 3796 ut
3320 3732 3571 3798 scilicet
3603 3732 3822 3815 aliqua
3855 3752 3928 3797 re
3965 3753 4006 3797 a
4039 3733 4241 3818 vulgo
4263 3732 4625 3815 differrent,

2677 3819 2789 3901 qui
2837 3816 3066 3901 Reyem
3107 3824 3423 3900 tanquam
3472 3825 3844 3882 monstrum
3901 3816 4164 3902 aliquod
4216 3831 4335 3885 aut
4376 3840 4628 3886 numen

2676 3903 2895 3987 potius
2937 3902 3210 3968 coelitus
3260 3902 3616 3968 demissum
3669 3904 4023 3987 spectabat.
4113 3903 4421 3983 Summa,
4478 3906 4627 3973 visa

2676 3997 2833 4056 sunt
2884 3988 3049 4053 mibi
3105 3991 3326 4054 omnia
3381 3990 3594 4054 instar
3648 3989 4049 4069 comoediae,
4106 4012 4273 4075 quae
4329 3989 4626 4058 diversos

2677 4074 3031 4140 histriones
3074 4074 3147 4139 in
3182 4074 3440 4140 theatro
3482 4073 3846 4157 producere
3902 4077 4082 4141 solet.
4171 4076 4402 4159 Neque
4444 4079 4625 4143 enim

2675 4161 3026 4244 quidquam
3070 4161 3223 4225 serii
3265 4159 3425 4238 vidi,
3470 4159 3601 4224 nisi
3634 4170 3896 4227 nostros
3929 4160 4246 4240 homines,
4293 4163 4407 4245 qui
4448 4163 4622 4229 serio

2674 4247 2873 4310 etiam
2930 4244 3358 4330 deplorabant
3412 4267 3484 4311 se
3539 4246 3637 4310 ita
3687 4247 3937 4313 frustra
3997 4245 4351 4326 ludificari,
4413 4269 4623 4332 quum

2673 4332 2871 4415 paulo
2911 4339 3132 4406 antea,
3189 4353 3427 4414 nempe
3466 4333 3645 4396 intra
3694 4331 3993 4409 biduum,
4047 4333 4144 4399 eis
4194 4332 4621 4401 interdictum

2674 4427 2846 4483 esset
2871 4417 2922 4500 ¹)
2965 4438 3050 4480 ne
3094 4415 3266 4481 domi
3310 4437 3467 4482 suae
3500 4417 3696 4501 legati
3742 4419 4228 4484 concionatores
4271 4441 4424 4485 suos
4466 4441 4621 4486 con·

2673 4503 2916 4568 cionari
2953 4501 3280 4567 sinerent:
3318 4523 3531 4585 neque
3567 4503 3742 4567 enim
3778 4502 3846 4567 id
3868 4524 4218 4585 passurum
4245 4505 4475 4588 Reyem
4496 4516 4618 4572 eto.

2845 4589 3109 4653 Interea
3153 4587 3313 4653 dum
3357 4588 3655 4664 discessi,
3712 4588 3793 4653 ad
3837 4609 3945 4653 me
4001 4591 4264 4674 scripsit
4309 4591 4623 4658 Bedrotus

2674 4673 2743 4737 in
2787 4674 2949 4739 haec
3005 4674 3240 4739 verba:
3286 4673 3676 4755 „Philippus
3731 4673 4118 4759 Hagenoam
4178 4697 4310 4741 non
4367 4678 4618 4760 veniet3

2671 4760 2744 4822 in
2787 4760 3021 4824 itinero
3063 4759 3276 4842 coepit
3318 4760 3614 4825 laborare
3659 4761 3970 4844 graviter,
4018 4770 4091 4825 ut
4133 4765 4322 4843 nosti,
4382 4784 4620 4829 verum

2670 4845 3124 4910 convalescere
3177 4845 3430 4910 dicitur.
3523 4845 3955 4930 Noviomagus
3971 4849 4029 4930 ²)
4085 4846 4229 4913 heri
4281 4871 4416 4916 una
4466 4869 4617 4916 oum

2711 5012 2842 5076 2³⁰.
2871 5014 2938 5146 {i
2971 5014 3729 5168 WAE‘QQ
3778 5090 3945 5140 maor
3986 5086 4256 5143 ιωωήω
4287 5089 4617 5169 ‚Batonem

2666 5151 3593 5304 mbtffldsswwffl.
3611 5156 4124 5296 Νωόἕοᾞὲἴρ
4271 5159 4612 5295 1⁹me

2665 5290 2983 5414 buffo-nm,
3047 5287 3180 5344 unde
3240 5290 3314 5343 ab
3368 5307 3425 5344 a.
3494 5290 3636 5345 1634-
3888 5295 3899 5308 ·
4212 5295 4613 5366 Mam-diae.

2664 5359 2735 5428 (Ι
2790 5398 2804 5413 .
2838 5359 3182 5429 Hermann,
3219 5358 3484 5430 Sclmepf.
3525 5361 3705 5431 1870.)
3939 5415 3942 5416 γ
