5050 6167
649 450 776 515 519

652 644 790 703 toto
831 657 1007 703 nunc
1047 633 1242 703 corde
1300 633 1547 721 gratias
1603 653 1798 719 agam
1842 633 2125 700 Domino
2167 632 2281 717 qui
2323 653 2447 698 nos
2487 653 2608 716 pro

651 743 775 789 sua
830 722 1122 787 bonitate
1178 719 1595 788 reconciliare
1650 718 1961 805 dignatus
2024 719 2223 785 fuerit
2278 719 2605 802 utrinque.

649 808 869 874 Penes
911 828 1018 873 me
1060 808 1263 891 igitur
1305 806 1473 872 nihil
1514 807 1679 884 fuci,
1745 825 1869 872 nec
1911 803 2210 889 putridae
2252 804 2607 871 simultatis

651 893 884 959 haeret
924 892 1222 976 amplius,
1273 891 1528 958 Calvine
1569 892 1829 975 optime,
1875 892 2112 975 quippe
2148 892 2260 974 qui
2294 898 2432 955 tam
2467 911 2607 957 cer-

652 989 791 1045 tam
834 999 1017 1062 spem
1061 978 1143 1043 de
1185 986 1300 1044 tua
1341 978 1747 1062 conceperim
1790 977 1923 1041 iam
1962 978 2254 1056 caritate,
2297 997 2426 1060 qua
2468 998 2609 1042 am-

651 1065 939 1148 plexaris
995 1085 1222 1130 omnes
1282 1074 1603 1147 quotquot
1654 1064 1978 1129 sinceram
2042 1062 2328 1147 diligunt
2367 1063 2610 1128 verita-

653 1161 803 1217 tem.
872 1150 974 1215 Ne
1018 1171 1173 1234 ergo
1218 1149 1530 1225 haesites,
1578 1149 1764 1227 volo,
1807 1148 2154 1231 quominus
2198 1155 2607 1214 constantem

654 1235 989 1301 existimes
1032 1256 1140 1300 me
1180 1236 1454 1300 fratrem
1495 1234 1784 1300 inveniri
1826 1244 1895 1298 et
1936 1234 2217 1299 amicum
2260 1234 2607 1319 integerri-

653 1341 857 1401 mum,
903 1342 1105 1405 quum
1149 1320 1232 1386 ob
1268 1320 1336 1385 id
1370 1321 1657 1385 maxime
1694 1318 1866 1404 quod
1899 1320 2102 1386 sciam
2135 1319 2326 1386 nobis
2361 1320 2426 1385 in
2466 1321 2611 1403 ipsa

651 1407 914 1490 pietatis
958 1405 1255 1473 doctrina
1295 1404 1646 1472 convenire
1688 1405 1911 1484 solide,
1954 1414 2100 1471 tum
2134 1426 2289 1472 vero
2328 1403 2501 1489 quod
2534 1414 2610 1471 tu

651 1513 905 1576 quoque
947 1491 1220 1557 eandem
1263 1492 1608 1557 veritatem
1669 1491 1815 1557 aliis
1866 1493 2114 1576 passim
2157 1492 2339 1575 cupis
2383 1500 2609 1557 notam

654 1578 994 1657 fratribus,
1060 1599 1221 1661 quos
1274 1598 1393 1661 pro
1457 1577 1672 1661 gratia
1727 1575 1860 1643 tibi‘
1890 1599 1930 1643 a
1970 1576 2257 1643 Domino
2298 1578 2368 1643 in
2411 1577 2609 1644 huius

650 1663 1000 1728 ministerii
1059 1671 1302 1729 sortem
1358 1663 1725 1728 luculenter
1777 1660 2149 1729 concredita
2184 1663 2268 1728 ad
2313 1671 2608 1730 sanctam

654 1749 977 1813 unitatem
1021 1757 1087 1813 et
1129 1769 1545 1815 communem
1587 1749 1896 1815 ecclesiae
1917 1749 2047 1815 Dei
2091 1748 2608 1816 aedificationem

652 1841 835 1899 tanto
876 1834 1150 1901 instruis
1193 1856 1269 1901 ac
1312 1834 1622 1919 provehis
1666 1833 1923 1901 studio:
1978 1835 2266 1918 primum
2309 1856 2436 1919 quo
2479 1836 2607 1920 ipsi

646 1920 922 1986 verbum
965 1921 1093 1986 Dei
1156 1920 1529 2005 intelligant
1569 1941 1766 2004 pure,
1833 1920 2069 1987 deinde
2112 1928 2189 1985 ut
2228 1922 2297 1986 in
2335 1920 2607 1987 ecclesia

648 2004 899 2072 Christi
919 2004 988 2071 id
1007 2007 1224 2088 ipsum
1246 2006 1624 2089 dispensent
1656 2004 1955 2083 fideliter,
2002 2016 2069 2072 et
2111 2006 2378 2073 demum
2419 2028 2608 2073 sacra

650 2091 903 2157 Christi
946 2091 1245 2177 symbola
1278 2100 1561 2159 tractare
1607 2092 1862 2159 discant
1903 2113 2099 2176 quam
2123 2095 2605 2177 augustissime.

645 2176 885 2244 Certus
938 2198 1083 2242 sum
1150 2198 1323 2263 ergo,
1384 2178 1588 2243 frater
1626 2178 1698 2243 in
1740 2179 2026 2244 Domino
2069 2177 2489 2260 observande,
2536 2179 2605 2244 id

648 2283 856 2327 unum
916 2263 1223 2329 omnibus
1286 2264 1551 2347 quidem
1606 2265 1778 2330 votis
1832 2264 1966 2328 iam
2022 2272 2322 2331 aestuare
2376 2273 2605 2349 pectus

645 2360 853 2427 tuum,
898 2355 974 2412 ut
1013 2348 1218 2415 semel
1258 2348 1330 2414 in
1374 2371 1581 2414 unum
1625 2349 2061 2416 coalescamus
2087 2351 2290 2415 animi
2313 2372 2602 2429 sensum,

645 2433 819 2498 idem
863 2434 1194 2516 sapiamus
1237 2435 1306 2499 in
1351 2436 1654 2500 Domino,
1714 2435 1910 2502 Hanc
1953 2436 2159 2520 igitur
2199 2458 2403 2519 quum
2446 2438 2602 2502 novi

647 2527 713 2585 te
753 2520 823 2584 in
868 2526 1130 2602 pectore
1173 2529 1431 2603 gestare
1495 2526 1814 2599 mentem,
1872 2543 2005 2587 non
2048 2535 2277 2606 potero
2318 2544 2452 2588 non
2493 2544 2603 2588 me

645 2615 799 2671 tuae
841 2605 1106 2671 credere
1151 2605 1332 2684 fidei,
1378 2627 1652 2690 sperans
1694 2607 1833 2673 fore
1877 2608 2285 2692 propediem,
2326 2608 2599 2687 Calvino,

644 2711 771 2775 quo
793 2691 988 2774 paulo
1010 2691 1255 2758 rectius
1277 2691 1479 2757 semel
1500 2692 1867 2757 formentur
1908 2693 2137 2771 multa,
2183 2714 2350 2778 quae
2396 2715 2602 2778 usque

643 2777 715 2842 in
758 2776 930 2843 hanc
975 2778 1203 2843 horam
1249 2777 1706 2844 desiderentur
1747 2799 1788 2843 a
1830 2778 2016 2844 nobis
2059 2778 2381 2846 omnibus.
2453 2780 2602 2846 Iam

643 2863 889 2928 etenim
931 2883 1079 2929 cum
1123 2865 1287 2929 meis
1328 2864 1402 2927 in
1444 2885 1703 2929 summa
1745 2864 1973 2930 fatisco
2014 2886 2236 2930 rerum
2276 2867 2600 2950 angustia,

643 2956 1036 3032 procurante
1079 2947 1268 3016 nobis
1312 2969 1453 3014 eam
1500 2949 1789 3016 invidiae
1834 2958 2290 3033 tempestatem
2311 2973 2601 3035 quorun-

642 3033 794 3099 dam
836 3033 1172 3100 sitibunda
1212 3035 1600 3115 ambitione,
1646 3037 1756 3120 qui
1799 3036 1991 3102 nobis
2034 3037 2291 3120 plebem
2324 3037 2460 3103 fere
2502 3046 2602 3104 to-

640 3129 782 3186 tam
822 3118 1193 3203 impudenti
1235 3121 1437 3186 nimis
1480 3121 1822 3187 mendacio
1866 3123 2348 3188 exacerbarunt
2379 3124 2601 3208 impie.

641 3203 778 3272 Sed
817 3205 1067 3272 videbit
1104 3205 1430 3273 Dominus
1470 3215 1538 3273 et
1582 3206 1965 3274 diiudicabit
2021 3209 2198 3273 inter
2249 3229 2397 3287 nos,
2455 3210 2600 3293 qui-

641 3311 799 3356 nam
865 3291 999 3358 sint
1060 3313 1335 3375 quorum
1403 3293 1657 3358 malitia
1717 3295 2021 3360 turbetur
2062 3294 2369 3361 ecclesiae
2414 3304 2599 3360 tran-

641 3375 948 3459 quillitas.
1038 3378 1141 3443 Tu
1181 3379 1331 3444 vale
1373 3379 1443 3443 in
1488 3378 1804 3457 Domin0,
1864 3378 2019 3445 boni
2078 3380 2421 3447 consulens
2475 3381 2600 3448 has

642 3481 822 3528 meas
842 3462 1319 3546 qualescunque
1341 3464 1637 3547 ineptias.
1686 3463 1997 3531 Salutant
2031 3476 2095 3532 te
2116 3466 2370 3545 fratres,
2416 3487 2599 3533 cum-

641 3548 872 3632 primis
939 3547 1240 3614 Sulnerus
1305 3570 1500 3633 quem
1557 3548 1680 3614 tibi
1756 3551 1932 3616 nosti
2011 3549 2596 3619 devinctissimum.

641 3633 902 3700 Bernae
947 3636 1031 3699 20
1072 3634 1301 3700 Martii
1345 3656 1518 3701 anno
1571 3640 1750 3703 1543.

1759 3721 1940 3790 'l'uus
1982 3723 2050 3787 in
2094 3723 2384 3790 Domino

1737 3809 1979 3875 Petrus
2057 3808 2423 3876 Conzenus.

1553 4216 1704 4289 457.

1138 4354 1618 4424 'POSSANUS
1665 4355 2103 4423 CALVINO.

812 4526 916 4595 De
981 4549 1325 4614 promes-sa
1400 4528 1705 4611 evanyezii
1779 4530 1955 4609 apud
2033 4528 2342 4595 Mamas
2402 4533 2460 4593 et
2530 4528 2601 4593 in

642 4613 872 4680 ditione
934 4615 1204 4697 epi-scopi
1454 4614 1652 4680 ieneie
1703 4614 1908 4695 plura
1963 4615 2305 4698 praefatus
2360 4614 2601 4696 paucis

641 4719 798 4766 suas
841 4700 1053 4782 ipsius
1093 4720 1195 4766 res
1240 4701 1504 4784 auinyit.
2036 4738 2050 4747 -
2225 4756 2232 4763 .

950 4870 1059 4939 (Ex
1094 4870 1429 4941 autographo
1466 4868 1599 4925 Cod.
1637 4869 1839 4925 Gener.
1871 4869 1984 4937 110,
2021 4870 2113 4925 fol.
2142 4868 2290 4938 156.)

642 5042 1163 5129 vigilantissimo
1199 5041 1507 5109 ecclesiae
1541 5040 1957 5109 Genevensis
1988 5042 2236 5125 pastori
2255 5041 2341 5107 D.
2357 5042 2596 5109 Ioanni

863 5127 1159 5209 Calvino,
1204 5128 1396 5195 fratri
1437 5149 1555 5194 suo
1596 5125 2004 5194 observando
2047 5127 2379 5196 Genevae.

815 5264 886 5333 S.
950 5266 1115 5330 'Pam
1159 5264 1270 5331 diu
1314 5273 1417 5331 eet
1456 5286 1539 5330 ex
1584 5286 1711 5349 quo
1762 5263 1931 5330 nihil
1973 5263 2058 5331 ad
2106 5276 2172 5334 te
2214 5269 2447 5355 scripsi
2486 5270 2596 5336 vir

641 5350 1113 5431 colendissime,
1160 5360 1236 5417 ut
1277 5373 1453 5419 nunc
1494 5350 1964 5436 propemodum
2006 5354 2288 5424 scribere
2329 5357 2590 5440 pudeat.

2208 442 2736 511 EPISTOLAE
2777 445 3120 509 456—459

4541 447 4656 511 520

2708 629 2846 699 Sed
2888 631 3154 700 obsecro
3198 638 3264 697 te
3306 652 3426 715 per
3460 631 3819 699 Dominum
3860 630 4085 697 Iesum
4127 637 4195 696 et
4236 638 4418 696 tuam
4460 630 4656 713 pieta-

2708 726 2843 785 tem
2884 739 2970 783 ne
3012 739 3236 784 meum
3277 718 3350 782 in
3395 724 3460 784 te
3504 719 3797 784 animum
3839 718 4142 783 aestimes
4182 737 4267 782 ex
4310 716 4518 783 officio
4554 717 4656 783 lit-

2708 813 3019 881 terarum,
3065 824 3271 888 quum
3307 824 3521 870 meam
3555 805 3717 871 satis
3750 804 4011 869 noveris
4045 803 4533 888 negligentiam,
4576 812 4653 884 et,

2710 890 2850 957 sive
2892 890 3174 957 scribam
3216 889 3299 954 ad
3341 897 3409 954 te
3452 891 3591 957 sive
3636 911 3766 956 non
3808 888 4088 956 scribam
4107 941 4122 968 ,
4180 909 4287 954 me
4348 890 4451 954 tui
4494 910 4656 955 nun-

2710 996 2907 1059 quam
2950 976 3166 1059 capiat
3207 974 3478 1056 oblivio,
3530 985 3725 1060 teque
3768 995 3990 1041 amore
4043 996 4299 1041 summo
4348 996 4424 1041 ac
4463 996 4655 1042 vene-

2710 1061 2966 1127 ratione
3008 1082 3380 1146 prosequar.
3426 1063 3876 1128 Vehementer
3895 1059 4148 1146 gaudeo
4169 1061 4371 1127 Motis
4399 1062 4656 1128 ianuam

2711 1156 3007 1232 apertam
3049 1168 3209 1227 esse,
3244 1147 3296 1232 ¹)
3356 1145 3472 1213 sed
3529 1147 3715 1213 doleo
3759 1147 4049 1213 maxime
4090 1147 4321 1232 lupum
4364 1147 4499 1213 iam
4541 1147 4656 1212 ali-

2710 1254 2905 1317 quem
2927 1233 2984 1319 2)
3041 1254 3287 1300 novum
3346 1232 3859 1318 subingressum.
3946 1233 4041 1298 Et
4093 1253 4470 1317 quanquam
4530 1254 4657 1299 non

2710 1319 3007 1405 ignorem
3061 1339 3257 1403 quam
3314 1319 3407 1385 sis
3462 1321 3610 1387 istic
3661 1319 3844 1386 utilis
3887 1326 3955 1385 et
3997 1320 4404 1386 necessarius
4459 1319 4656 1386 eccle-

2711 1406 2845 1472 siae
2888 1404 3162 1485 Christi,
3207 1426 3511 1489 cuperem
3556 1414 3779 1471 tamen
3821 1412 3887 1470 te
3929 1405 4063 1470 illic
4105 1426 4268 1481 esse,
4313 1406 4370 1470 si
4413 1403 4483 1469 id
4524 1405 4658 1471 ulla

2710 1492 2959 1557 ratione
3012 1492 3155 1557 fieri
3195 1498 3416 1575 posset
3430 1542 3445 1569 ,
3499 1491 3888 1574 praesertim
3930 1491 3988 1557 si
4031 1486 4330 1557 Fareuus
4371 1512 4505 1557 non
4546 1489 4657 1556 ad-

2709 1579 3025 1643 mittatur.
3069 1577 3210 1643 Nec
3248 1576 3473 1643 dubito
3508 1578 3667 1660 quin
3703 1577 3794 1643 sis
3836 1598 4095 1662 semper
4135 1577 4430 1642 facturus
4475 1576 4657 1660 quid-

2709 1663 2869 1747 quid
2911 1662 2994 1728 ad
3039 1663 3317 1747 gloriam
3337 1661 3610 1728 Domini
3651 1663 3984 1746 pertinere
4025 1663 4434 1729 indicaveris.
4481 1664 4657 1729 Bon-

2709 1768 2865 1813 nam
2928 1750 3332 1815 conveniunt
3385 1749 3761 1834 episcopum
3821 1748 4242 1816 Gelonion-sem
4302 1748 4655 1831 Philippus,

2710 1832 2915 1901 Hedio
2973 1846 3039 1900 et
3096 1834 3207 1900 alii
3265 1834 3529 1919 quidam
3584 1833 3853 1914 eruditi,
3922 1833 4006 1900 ad
4064 1835 4317 1902 Christi
4380 1857 4658 1920 regnum

2705 1918 3492 2081 fsffiffidffisslffss
3514 1919 4485 2093 fflff‘ffffisssffiszss?
4503 1922 4659 2073 13³3}

2711 2090 3187 2174 christophorus
3232 2092 3526 2157 animum
3568 2093 3844 2178 pulchre
3888 2092 4206 2177 adiungat
4248 2093 4330 2159 ad
4375 2114 4658 2177 evange-

2704 2177 2885 2243 lium.
2959 2178 3237 2245 Caetera
3280 2200 3363 2244 ex
3404 2177 3530 2245 hoc
3574 2179 3815 2245 nuncio
3857 2179 4204 2263 intelliges.
4283 2180 4471 2246 Bene
4514 2178 4658 2244 vale

2705 2264 2777 2328 in
2802 2265 3082 2329 Domino
3118 2264 3231 2348 qui
3264 2272 3331 2329 te
3353 2285 3549 2347 quam
3591 2264 3957 2331 diutissime
4000 2273 4218 2331 servet
4260 2286 4410 2330 cum
4454 2285 4659 2332 uxore

2706 2358 2772 2414 et
2814 2350 3079 2415 familia.
3170 2349 3404 2417 Saluta
3469 2349 3631 2415 mihi
3699 2350 4048 2435 diligenter
4110 2352 4347 2417 fratres
4413 2371 4659 2430 omnes,

2705 2436 3096 2586 tligm3inatim
3139 2446 3357 2502 autem
3403 2437 3764 2502 Antonium.
3810 2434 4288 2521 Mombelgardi
4319 2440 4400 2501 24
4433 2437 4661 2504 Martii

3884 2609 4065 2675 Tuus
4110 2629 4192 2673 ex
4237 2609 4458 2674 animo

3999 2695 4350 2760 Tossanus.

2876 2828 2952 2896 Si
3009 2829 3181 2896 istuc
3237 2828 3319 2894 ad
3378 2837 3444 2895 te
3505 2831 3762 2896 venerit
3834 2830 4068 2914 aliquis
4124 2851 4208 2896 ex
4265 2833 4511 2898 nostris
4565 2831 4662 2897 fac

2703 2937 2857 2982 eum
2900 2913 3247 2999 diligenter
3290 2913 3641 2981 admoneas
3684 2916 3899 2981 officii.

3478 3211 3884 3220 -——-—-—-——

3596 3426 3751 3499 458.

3239 3582 3708 3651 CALVINUS
3753 3581 4124 3649 VIBE'PO.

2879 3753 3186 3820 Palicani
3242 3754 3457 3820 literae
3512 3753 3752 3836 oblique
3801 3756 4018 3836 ipsum
4064 3753 4404 3822 Calvinum
4449 3764 4665 3841 petere

2701 3839 3002 3905 videntur.
3106 3839 3424 3905 Antonias
3477 3841 3724 3907 incaute
3785 3846 4062 3923 recepti&
4129 3861 4269 3907 cum
4325 3844 4541 3911 eodem
4595 3844 4664 3908 in

2695 3926 2970 4091 {raam
3010 3925 3218 4074 redire
3249 3927 3437 4007 cupit.
3481 3924 3638 3992 Oum
3671 3932 3892 3993 senatu
3923 3927 4000 3993 de
4030 3930 4665 3997 excomunicatione

2733 4267 2864 4327 457.
2903 4266 2960 4332 1)
2994 4266 3198 4336 Leyati
3240 4266 3400 4322 ducis
3448 4266 3964 4338 Wmemberyencis,
4013 4269 4068 4324 L
4251 4270 4373 4326 avii
4404 4271 4663 4328 Hassiae

2700 4340 2753 4390 ct
2786 4334 3045 4390 Civitatis
3071 4336 3623 4403 Aramo-aemam
3656 4354 3701 4393 c.
3739 4338 3978 4393 medinm·
4011 4355 4081 4393 m.
4189 4339 4396 4394 artium
4432 4342 4499 4396 id
4533 4341 4660 4408 effe-

2704 4410 2896 4459 cerant
2925 4409 2992 4458 ut
3035 4410 3262 4460 uenam
3296 4406 3568 4462 Maeonis
3607 4424 3785 4462 mmm
3828 4407 4089 4477 anaplum
4130 4408 4335 4465 liberae
4625 4411 4636 4422 '

2703 4474 4240 4547 compraedicationiseconmsunmprmniumt:
4289 4480 4662 4548 quodmen

2695 4543 2903 4612 paucis
2928 4548 3062 4612 post
3095 4543 3288 4598 dicbus
3320 4544 3385 4598 ὑι
3434 4546 3559 4614 ipso
3594 4547 3734 4614 festo
3772 4546 4065 4615 paschatis
4107 4563 4309 4602 novam
4356 4549 4661 4618 sausquiuis

2702 4612 3485 4748 mefssqw
3510 4616 3831 4684 proditione
3856 4633 3973 4673 non
4004 4616 4294 4687 impedivit
4327 4618 4658 4684 (Mem-isse.

2749 4698 2778 4736 o
3184 4722 3199 4735 .
3340 4723 3354 4736 .

2788 4821 2800 4832 ·
2907 4750 2967 4815 2)
3006 4750 3235 4805 Petrum
3284 4752 3468 4807 Caroli
3517 4752 3635 4807 dua:
3683 4753 4106 4837 Aurelianensis
4159 4754 4355 4810 Meam
4401 4757 4655 4823 morat,

2700 4904 2916 4959 quoquo
2949 4888 3109 4943 modo
3285 4826 3532 4945 ασεανεῖ,
4245 4824 4406 4894 apud

2904 4957 2962 5023 3)
3003 4957 3271 5014 Nondum
3300 4964 3487 5014 tamon
3519 4957 3773 5028 aderant,
3818 4960 4070 5030 scapost
4111 4960 4351 5018 modium
4394 4964 4655 5034 Apu-aen·

2698 5026 3027 5165 amajo
3076 5042 3134 5082 sc
3189 5028 3550 5083 contuderunt.
3646 5028 3943 5100 (Deckcrs,
4009 5030 4305 5086 Hermam·
4368 5050 4422 5088 v.
4494 5031 4657 5088 Πᾶσα

2691 5111 2738 5166 Ρ
2815 5233 2826 5245 ·
2890 5164 3290 5246 042)me
3341 5165 4655 5241 aauditadhaeheramanummeoloyom

2693 5234 3798 5445 mffffffisqumti.
3848 5243 3962 5375 τὰ.
3975 5238 4455 5378 msam&
4490 5309 4562 5365 de
4594 5309 4653 5364 la
