5050 6167
431 456 546 521 613

424 639 719 727 postulet.
810 640 1045 708 Multis
1086 640 1306 707 verbis
1349 640 1516 709 nihil
1556 661 1721 725 opus
1763 648 1881 707 est.
1943 641 2009 707 N
2009 663 2098 706 on
2141 639 2372 720 deeris,

423 728 645 810 opinor
660 776 677 806 ,
733 734 855 793 tuo
908 727 1186 793 muneri.
1288 726 1652 792 Hominem
1709 727 1936 794 audies
1992 734 2062 793 et
2103 748 2260 794 cum
2297 748 2374 793 eo

423 812 711 880 conferes
753 813 1066 880 exactius.
1153 811 1493 879 Diaconos
1545 819 1767 879 noster
1812 812 2006 880 hodie
2047 812 2372 879 obdormi-

423 899 519 966 vit
583 897 657 963 in
709 896 999 965 Domino
1063 906 1217 982 post
1271 898 1663 964 diuturnum
1725 898 2048 966 morbum.
2157 898 2376 964 Audio

422 983 635 1051 isthuc
675 986 1040 1068 profectum
1087 983 1476 1051 Zebedaeum
1493 986 1570 1065 ⁸),
1614 1004 1901 1068 quocum
1954 985 2251 1052 conferas
2294 983 2376 1050 de

421 1090 499 1136 ea
541 1090 868 1221 mogum
936 1091 1151 1154 nuper
1205 1067 1291 1135 ad
1359 1077 1423 1136 te
1487 1071 1736 1154 scripsi.
1834 1069 2182 1137 Habebam
2246 1070 2378 1135 alia

419 1175 583 1240 quae
751 1164 818 1223 te
858 1156 1214 1224 scriberem
1269 1155 1388 1222 sed
1439 1177 1574 1221 non
1626 1157 1785 1223 satis
1836 1166 2050 1222 vacat.
2139 1155 2378 1223 Saluta

421 1243 670 1310 batres.
760 1241 948 1308 Vale.
990 1242 1390 1309 Lausannae
1441 1248 1535 1306 14.
1583 1239 1769 1325 Sept.
1819 1245 2002 1307 1543.

1654 1378 1836 1444 Tuus
1879 1380 1956 1445 P.
2002 1377 2292 1445 Viretus.

1314 1908 1468 1979 500.

527 2061 943 2132 VIRETUS
987 2061 1473 2131 MINISTRIS
1519 2049 2264 2131 GENEVENSIBUS.

587 2236 991 2305 Commendat
1026 2235 1178 2302 Ant.
1223 2234 1687 2302 Ram-hesim
1741 2255 1786 2300 a
1826 2234 2089 2301 sinistro
2127 2254 2381 2302 rumore

412 2345 478 2392 x
506 2327 957 2410 purqatumm

711 2494 820 2561 (Ex
856 2490 1193 2564 autographo
1230 2492 1358 2548 Cod.
1397 2491 1601 2547 Gener.
1639 2490 1783 2546 111⁸.
1810 2490 1904 2546 fol.
1939 2488 2082 2559 130.)

584 2646 1005 2752 beatissimis
1048 2702 1124 2749 ω
1165 2680 1564 2747 fidelissimis
1606 2680 1917 2748 eeclesiae
1961 2678 2382 2748 cenomanis

411 2769 739 2839 ministris
778 2768 1097 2835 fratribus
1138 2775 1208 2833 et
1249 2765 1636 2853 symmystis
1678 2765 2275 2919 ᾳηαωῦέἶτέζιέὶε

585 2991 833 3058 Gratia
873 2997 943 3056 et
983 3007 1136 3073 pax.
1226 2989 1588 3054 Antonium
1628 2987 2085 3055 Franohesium
2108 2989 2159 3070 ¹)
2197 2988 2384 3056 vobis

412 3076 725 3145 omnibus
759 3075 1181 3142 notissimum
1215 3074 1689 3154 existimamus,
1726 3082 1803 3140 ut
1834 3075 1948 3159 qui
1975 3074 2174 3141 isthic
2208 3073 2387 3158 apud

411 3185 532 3231 vos
574 3163 825 3229 multos
867 3179 1133 3227 menses
1186 3181 1338 3227 cum
1389 3180 1600 3226 uxore
1640 3169 1945 3227 versatus
1988 3160 2096 3226 sit.
2184 3160 2256 3226 Is
2299 3159 2385 3226 ad

412 3271 534 3317 vos
568 3246 1016 3334 proficiscitur
1041 3245 1323 3311 fratrum
1357 3245 1649 3325 consilio,
1685 3252 1767 3311 ut
1799 3244 2006 3311 diluat
2039 3245 2386 3313 sinistrum

412 3334 754 3421 quendam
810 3352 1145 3399 rumorem
1188 3332 1300 3416 qui
1355 3331 1603 3398 isthinc
1643 3330 1729 3397 ad
1772 3352 1892 3398 nos
1938 3352 2207 3416 sparsus
2261 3336 2384 3412 est,

413 3429 483 3488 et
518 3420 805 3488 crimina
839 3438 1114 3501 quorum
1145 3417 1588 3498 insimulatur,
1626 3426 1830 3502 utque
1863 3417 2088 3484 literas
2123 3439 2165 3484 a
2196 3417 2387 3486 vobis

412 3507 734 3592 impetret
753 3512 957 3570 testes
979 3523 1140 3571 suae
1159 3503 1595 3584 innocentiae,
1640 3525 1768 3587 quo
1791 3511 1859 3569 et
1878 3524 2000 3570 nos
2041 3503 2286 3569 certius
2308 3524 2386 3571 ac

415 3593 655 3660 verius
687 3588 952 3674 aliquod
1003 3588 1083 3654 de
1120 3590 1263 3656 eius
1306 3587 1608 3657 doctrina
1644 3595 1714 3655 et
1754 3589 2046 3656 moribus
2091 3589 2385 3655 testimo-

411 3678 605 3744 nium
623 3676 802 3761 apud
822 3675 1152 3759 principes
1163 3676 1336 3741 ferre
1357 3677 1702 3760 possimus,
1716 3696 1999 3760 quorum
2014 3674 2386 3758 sumptibus

410 3764 522 3832 hic
567 3783 726 3830 cum
767 3780 978 3827 uxore
1035 3761 1211 3826 vixit
1264 3768 1404 3828 tres
1458 3783 1735 3828 menses.
1838 3760 1944 3827 Ita
1988 3782 2070 3827 ue
2124 3781 2389 3828 causam

411 3850 437 3916 i
518 3850 626 3916 'us
671 3847 859 3914 vobis
900 3855 1204 3932 optamus
1239 3867 1382 3914 esse
1418 3867 1619 3931 quam
1653 3867 1953 3914 commen
2002 3848 2385 3914 atissimam.

411 3871 747 4018 &oritur
790 3953 862 3999 se
903 3932 1079 4017 apud
1123 3932 1443 4017 quosdam
1487 3953 1748 3999 summo
1789 3933 2088 3999 laborare
2129 3932 2278 3999 odio
2322 3940 2390 3998 et

411 4019 696 4088 invidia.
796 4020 892 4085 At
942 4018 1110 4084 nihil
1164 4039 1330 4102 opus
1386 4039 1530 4086 esse
1585 4019 1967 4103 putavimus
2021 4026 2101 4085 ut
2162 4018 2389 4084 multis

410 4128 539 4175 vos
584 4104 1092 4174 admoneremus
1147 4125 1232 4170 ne
1287 4105 1625 4171 hominem
1681 4104 1985 4171 sineretis
2039 4102 2389 4178 calumniis

411 4191 900 4269 malevolorum
943 4211 983 4255 o
1027 4190 1241 4274 primi.
1331 4188 1532 4258 Scitis
1572 4190 1702 4274 ipsi
1743 4187 1902 4275 quid
1943 4189 2235 4256 debeatis
2282 4211 2388 4257 ec-

411 4277 665 4347 clesiae
730 4284 799 4343 et
861 4277 971 4360 qui
1078 4275 1360 4358 denique
1415 4276 1733 4343 fratribus
1787 4275 2086 4361 singulis.
2197 4273 2390 4343 Sicut

411 4387 555 4432 non
600 4370 711 4430 est
748 4362 899 4428 leve
953 4360 1284 4445 piaculum
1326 4361 1670 4429 eeclesiam
1712 4361 1987 4444 prodere
2001 4413 2019 4443 ,
2075 4381 2152 4427 ac
2196 4361 2388 4427 dissi-

411 4449 684 4517 mulare
720 4468 886 4532 quae
920 4448 983 4512 ei
1016 4448 1320 4514 nocitura
1352 4456 1852 4532 cognoscuntur,
1898 4448 1996 4514 ita
2026 4468 2164 4513 non
2206 4454 2389 4514 caret

411 4536 816 4622 gravissimo
859 4533 1137 4600 crimine
1192 4534 1435 4598 famam
1488 4533 1875 4617 cuiusquam
1917 4532 2247 4599 immerito
2291 4532 2388 4598 la-

412 4642 680 4690 cessere
718 4632 787 4686 et
819 4618 1153 4703 impetere.
1220 4616 1486 4686 Dabitis
1520 4618 1725 4702 igitur
1757 4639 2026 4702 operam
2070 4625 2148 4684 ut
2182 4617 2387 4685 eccle-

413 4798 810 4808 *w*—

632 4895 697 4964 3)
740 4894 894 4951 Orba
933 4894 1126 4951 relicta
1171 4895 1236 4948 in
1284 4892 1594 4948 θαωκκ
1644 4891 2014 4947 uniamus·
2065 4891 2244 4961 recipi
2296 4907 2388 4947 eu-

674 4965 880 5021 oeiln'eet
932 4978 1053 5019 cum
1114 4962 1259 5019 Pha.
1315 4962 1385 5017 de
1443 4961 1693 5018 Eodem
1747 4961 2389 5030 lampa-mutaturus.

528 5038 540 5051 ’
574 5042 761 5091 tamen
790 5033 1096 5089 recusabat.

580 5146 592 5159 .
636 5105 692 5168 1)
733 5102 949 5158 Nomen
981 5101 1083 5156 hoc
1111 5099 1268 5155 varie
1299 5101 1415 5155 seri
1513 5116 1566 5154 m
1605 5097 1763 5165 infra
1806 5102 2052 5154 recurrat
2097 5097 2387 5169 (Fr-achei,

415 5170 797 5240 stancketf).
881 5171 1107 5226 Videtur
1146 5169 1325 5235 fuisos
1427 5170 1570 5240 iquis
1611 5169 1967 5238 thooloqaster
2005 5167 2388 5236 mahanaim,

413 5242 662 5301 edentia
695 5247 747 5296 ct
778 5239 998 5296 dotibus
1037 5239 1253 5308 inqem'i
1294 5253 1409 5293 non
1452 5238 1674 5293 omnino
1706 5237 2026 5319 destitutus,
2069 5236 2166 5292 cuo·
2205 5243 2387 5292 tomen

543 5326 617 5366 ea
668 5309 936 5392 Calviptue
973 5308 1141 5393 plane
1178 5307 1335 5362 aliud
1379 5309 1760 5379 horoscopium
1801 5307 2049 5363 “Mouet
2090 5322 2161 5364 ac
2190 5306 2389 5362 daseia

2069 454 2234 518 1543
2278 449 2803 520 SEPTEMBR.

4322 454 4454 523 614

2478 641 2618 707 siae
2670 644 2740 706 et
2789 639 3011 720 fratri,
3072 639 3287 723 quoad
3344 641 3485 707 eius
3538 643 3687 708 fieri
3738 643 4007 726 poterit,
4066 645 4453 715 consulatis.

2479 727 2629 793 Non
2672 725 2993 811 ignoratis
3035 726 3262 810 quales
3318 748 3462 793 esse
3515 736 3815 812 oporteat
3866 736 4070 797 testes
4111 752 4272 814 quos
4316 731 4447 800 fide

2481 812 2715 897 dignos
2757 811 3080 890 iudicetis,
3125 820 3195 878 et
3237 834 3433 896 quam
3470 834 3607 879 non
3652 814 3743 882 sit
3785 822 4033 882 temere
4073 816 4284 883 cuivis
4327 818 4451 885 ho-

2479 898 2647 963 mini
2689 906 2758 963 et
2797 899 3045 964 rumori
3103 896 3267 965 fides
3325 898 3729 965 adhibenda:
3793 900 3965 983 quod
4008 921 4132 968 vos
4174 902 4449 970 minime

2478 985 2766 1050 facturos
2828 982 3233 1050 confidimus.
3338 984 3608 1064 Valete,
3677 986 4001 1052 carissimi
4056 988 4324 1068 fratres,
4380 994 4450 1055 et

2479 1090 2629 1135 eam
2673 1069 2863 1135 nobis
2905 1068 3013 1135 hic
3065 1090 3329 1153 operam
3385 1080 3716 1155 praestate
3774 1092 3971 1156 quam
4025 1073 4096 1139 in
4138 1073 4288 1157 pari
4328 1094 4450 1140 ne·-

2480 1156 2659 1241 gotio
2693 1175 2736 1221 a
2776 1153 2967 1221 nobis
3009 1156 3381 1241 exigeretis.

2654 1293 3071 1375 Lausannae,
3122 1297 3219 1359 16.
3267 1292 3601 1378 Septemb.
3655 1299 3838 1361 1543.

3516 1430 3761 1497 Vester
3797 1432 3874 1497 P.
3923 1432 4197 1499 Viretus

3267 1516 3534 1583 nomine
3574 1516 3883 1601 colloquii
3926 1517 4448 1586 Lamousia

3258 1792 3681 1803 —-—-—-—-——o

3400 2011 3548 2083 5⁰1.

3017 2147 3496 2217 OALVINUS
3540 2147 3915 2216 VIBE'I'O.

2660 2319 2989 2387 Iudicium
3043 2319 3120 2386 de
3172 2322 3478 2386 sententia
3531 2320 3915 2387 arbitrorum
3956 2320 4448 2389 Basaeemium.

2485 2404 2591 2475 De
2632 2405 3022 2473 Ranehesio
3077 2406 3236 2488 quid
3286 2406 3650 2488 faciendum
3706 2405 3953 2489 colleqis
3995 2411 4452 2490 propositum

2484 2492 2571 2557 sit
2610 2492 2867 2559 indicat.
2934 2491 3040 2559 De
3075 2490 3377 2558 Zebedaei
3417 2492 3692 2573 consilio,
3735 2491 3935 2558 locum
3975 2513 4117 2559 cum
4148 2493 4449 2577 Philippo

2486 2577 2563 2644 de
2630 2577 2918 2645 Ecclesia
2983 2577 3420 2661 pematandi,
3494 2579 3605 2643 vix
3682 2577 3817 2661 fore
3880 2583 3951 2644 ut
4019 2580 4107 2646 ad
4167 2580 4446 2662 effectum

2486 2667 2708 2749 spectet
2751 2663 3147 2747 sperandum.

2486 2850 2974 2974 {Efflffiff
3010 2849 3142 2905 (Μ
3180 2848 3809 2975 flam...
3855 2851 4456 2976 ascherii·

2517 2937 2590 2974 ⁰¹¹
2808 2957 3087 3043 sardon-0
3108 2930 3265 3059 ⁸331»ss
3284 2959 3435 3043 'svn
3461 2987 3583 3043 485.
3655 2989 3875 3044 simleri
3901 2938 4031 3045 irin.
4067 2961 4177 3057 533)
4240 2938 4311 2975 ⁰'
4430 2962 4445 2988 ’

2487 3176 2691 3244 Petro
2729 3174 2961 3243 Vireto
3018 3176 3210 3243 fratri
3266 3187 3336 3244 et
3388 3176 3599 3245 amieo
3653 3177 3821 3242 mihi
3875 3177 4212 3245 carissimo
4268 3179 4454 3245 Lau-

2748 3264 3095 3330 sannensis
3141 3264 3453 3331 ecclesiae
3495 3264 3746 3347 pastori
3789 3262 4188 3331 fidelissimo.

2666 3397 2737 3465 S.
2803 3399 3053 3467 Literis
3087 3401 3222 3468 tuis
3256 3402 3681 3485 impetratum
3715 3401 3918 3467 fuisse
3952 3398 4125 3485 quod
4166 3399 4455 3485 petebas,

2492 3492 2572 3551 ut
2615 3483 2982 3568 Rodolphue
3006 3488 3059 3563 ¹)
3104 3506 3191 3552 ex
3247 3507 3449 3553 coeno
3502 3486 3621 3552 illo
3664 3487 4131 3554 extraheretur
4171 3488 4306 3553 iam
4349 3487 4458 3554 in-

2491 3570 2830 3637 tellexisti.
2919 3571 3125 3651 Mihi,
3191 3580 3544 3657 antequam
3612 3571 4003 3653 discederet,
4069 3573 4219 3640 vale
4282 3571 4457 3639 dixit

2491 3658 2757 3809 t‘ffi'tque
2799 3657 3050 3742 gratias
3091 3657 3174 3724 de
3215 3658 3783 3812 sufflratigne,
3829 3660 3982 3743 quia
4024 3660 4288 3810 scitebat,
4331 3680 4457 3810 line

2494 3764 2967 3982 ffisssffiffi
3006 3763 3313 3914 33⁶3
3352 3796 3573 3915 oupio,
3628 3766 4313 3914 nknpssssssgssssnmissu
4356 3764 4459 3897 132

2577 3936 3157 4068 ravlissmznoenfia
3205 3999 3680 4066 Basiliensium
3699 4002 3755 4084 ²)
3811 4001 4042 4069 iactari
4099 4008 4170 4067 et
4210 4001 4456 4068 multos

2493 4093 2562 4152 et
2625 4088 2928 4154 sinistros
2992 4105 3292 4152 rumores
3361 4085 3533 4151 nihil
3610 4092 3715 4152 est
3776 4087 4039 4153 mirum.
4150 4086 4326 4152 Nam
4391 4095 4461 4154 et

2491 4173 2691 4238 multi
2727 4180 2899 4253 sunt,
2956 4172 3071 4256 qui
3110 4172 3371 4256 fingant
3410 4192 3552 4239 rem
3596 4171 3768 4237 male
3823 4171 4090 4251 habere,
4150 4174 4308 4256 quia
4361 4173 4458 4240 sic

2493 4266 2835 4343 cuperent:
2903 4277 3024 4324 nec
3078 4256 3320 4323 dosunt
3382 4258 3495 4341 qui
3549 4257 3833 4324 libenter
3891 4258 4214 4341 recipiant
4276 4255 4457 4341 quod

2492 4344 2844 4410 confictum
2886 4351 3004 4410 est.
3108 4343 3204 4411 Ut
3258 4351 3481 4410 autem
3536 4345 3760 4428 paucis
3814 4343 4055 4423 dicam,
4127 4343 4457 4426 superiori

2491 4437 2595 4495 est
2636 4451 2772 4496 non
2810 4430 3095 4495 multum
3139 4430 3489 4510 absimilis,
3550 4429 3710 4513 quin
3767 4430 3965 4495 etiam
4023 4427 4253 4495 eadem
4295 4429 4455 4509 fere,

2491 4515 2622 4581 nisi
2665 4515 2837 4599 quod
2895 4515 2967 4580 in
3017 4515 3320 4582 exsulum
3340 4517 3399 4601 ⁸)
3456 4536 3658 4583 causa
3700 4515 4107 4600 gratificatur
4150 4513 4459 4581 nonnihil

2490 4600 2945 4668 Bernensibus
2962 4653 2979 4678 ‚
3037 4600 3155 4668 sed
3202 4623 3280 4668 eo
3343 4622 3550 4686 usque
3605 4608 3895 4682 tantum,
3952 4609 4029 4669 ut
4084 4600 4217 4668 illis
4259 4608 4457 4668 extra

2525 4890 2653 4973 5⁰1.
2692 4891 2755 4961 1)
2796 4890 2936 4962 Quis
2966 4891 3058 4948 hic
3088 4891 3260 4956 fuerit
3294 4896 3347 4947 ot
3390 4907 3457 4947 οε
3504 4906 3614 4961 quo
3661 4890 3985 4947 diceri-iim
4014 4891 4291 4958 liberatus,
4326 4905 4455 4946 nes-

2489 4975 2678 5016 amaa

2698 5028 2762 5095 2)
2798 5030 2859 5083 in
2901 5043 3073 5085 causa
3117 5028 3483 5085 Bes-nmium
3526 5033 3579 5085 ot
3629 5027 4025 5084 Geneveneiam
4072 5029 4181 5082 ian·
4236 5028 4452 5098 intento

2491 5097 2713 5154 biennio
2732 5097 2798 5153 de
2814 5097 3060 5154 dominio
3092 5098 3342 5154 etv-editu
3374 5098 3628 5153 abbatiae
3649 5097 3726 5153 ad
3751 5097 3807 5152 S.
3846 5098 4076 5152 Victoris
4095 5097 4449 5167 minantium.

2488 5165 2606 5235 (of.
2647 5166 2871 5224 Ruehat
2915 5167 2979 5228 V.
3008 5166 3131 5222 239.
3207 5166 3384 5237 Royet
3417 5167 3506 5222 II.
3540 5164 3612 5221 85
3645 5182 3719 5222 aa.
3761 5166 3861 5221 101
3897 5180 3942 5220 ο.

2699 5235 2756 5300 3)
2789 5238 2888 5307 qm·
2929 5239 3074 5291 inter
3105 5236 3296 5293 turbas
3339 5251 3521 5290 nense
3552 5236 3723 5293 Ιιιοιϊσ
3763 5232 3899 5290 1540
3937 5233 4188 5290 θωνα
4229 5240 4455 5290 monac

2491 5305 2628 5361 urbo
2680 5305 2834 5374 pulei
2912 5310 3136 5373 nerant,
3199 5310 3254 5362 et
3304 5303 3558 5375 &inceps
3617 5322 3657 5361 a
3711 5304 4088 5360 Bon-ensibus
4139 5304 4463 5367 sustentati.

2502 5374 2565 5428 V.
2604 5372 2827 5431 Bacchae
2917 5416 2931 5429 .
2967 5373 3090 5430 14⁹.
