5050 6167
603 407 688 471 99
2155 396 2683 464 EPIS'POLAE
2729 399 3069 461 247—250

602 603 796 662 tuere
857 602 927 658 et
986 592 1374 657 confirmare
1437 609 1694 656 summo
1759 587 1976 654 studio
2041 605 2309 671 operam
2376 585 2564 664 detis,

603 680 865 748 lucrum
923 677 1215 763 putaturi
1275 674 1621 759 quidquid,
1689 682 1766 739 ut
1821 675 1946 738 ista
2004 680 2141 738 tam
2199 671 2567 738 necessaria

606 762 951 834 concordia
969 763 1151 830 vobis
1174 769 1598 829 conservetur
1619 769 1686 824 et
1706 767 1970 843 perstet,
1996 754 2563 836 dissimulandum,

605 848 984 930 ferendum,
1064 847 1552 915 concedendum
1630 847 1745 924 sit,
1827 845 2008 911 salvo
2070 854 2292 909 tamen
2360 863 2564 926 regno

610 936 892 1004 Christi:
948 955 1328 1019 quanquam
1383 954 1520 1000 uon
1577 931 1980 1007 dubitemne,
2037 929 2224 995 facile
2279 928 2566 994 obtineri

607 1043 815 1107 posse,
853 1030 927 1087 ut
947 1021 1113 1087 nihil
1138 1021 1517 1103 imponatur
1550 1019 1849 1100 iniquum
1885 1023 2003 1082 aut
2034 1015 2327 1091 noxium,
2371 1013 2565 1078 modo

608 1109 813 1176 animi
856 1129 988 1173 non
1031 1106 1505 1172 exacerbantur
1539 1112 1606 1169 et
1638 1125 1801 1169 veru
1838 1101 2130 1168 remedia
2162 1108 2565 1183 quaerantur

608 1203 803 1278 atque
847 1191 1299 1259 adhibeantur.
1387 1191 1575 1257 Bene
1620 1189 1832 1256 valete
1874 1190 1945 1253 in
1991 1186 2277 1265 Christe,
2337 1187 2454 1269 qui
2496 1192 2567 1250 et

606 1280 947 1347 ecclesiam
1008 1290 1077 1344 et
1136 1277 1605 1361 rempublicam
1683 1283 1976 1344 vestram
2053 1271 2435 1357 tranquillet
2498 1279 2567 1337 et

608 1366 871 1433 beatam
914 1364 1166 1430 reddat.
1253 1363 1562 1446 Ameu.⁵)

1398 1482 1940 1547 Dominatiouum
2032 1487 2406 1545 vestrarum
2497 1478 2568 1541 iu

1485 1567 1769 1633 Domino
1812 1564 2241 1631 addictissimi

1398 1653 1711 1738 Wolfgan
1809 1675 1840 1718 s
1882 1651 2134 1734 Capite.
2180 1651 2261 1715 D.

1399 1739 1661 1823 Gaspar
1775 1737 1940 1804 odio.
1986 1739 2071 1803 D.

1398 1825 1733 1891 Martinus
1777 1824 2094 1890 Bueerus.

1400 1911 1492 1976 Ie.
1540 1909 1893 1977 Sturmius.

1400 1996 1528 2064 Iac.
1576 1995 1906 2062 Bedrotus

1398 2103 1475 2148 ac
1554 2082 1798 2148 caeteri
1874 2080 2163 2145 ministri
2228 2079 2537 2145 ecelesiae

1485 2167 2085 2253 Argentoratensis‚

1722 2274 1928 2318 manu
1969 2271 2119 2316 mea

1366 2339 1487 2404 M.
1534 2341 1776 2406 Buceri
1821 2339 2367 2420 subscripserunt.

1466 2599 1553 2606 m..
1692 2600 1784 2607 *φα-.-

1498 2783 1647 2853 248.

1095 2903 1568 2972 GALVINUS
1613 2901 2077 2970 FARELLO.

775 3057 998 3128 Etiam
1061 3060 1209 3127 huie
1262 3061 1339 3126 de
1400 3060 1610 3126 reditu
1671 3058 1889 3125 scribit
1951 3059 2121 3125 eirea
2183 3078 2364 3141 quem
2427 3078 2564 3123 am-

602 3147 832 3234 biguus
892 3167 1090 3229 usque
1142 3145 1366 3212 haeret.
1468 3141 1719 3210 Interea
1797 3143 2218 3211 Wormaeiam
2255 3145 2259 3150 ’
2272 3143 2566 3227 proficis·

600 3235 865 3301 cendum
927 3252 1059 3298 esse
1108 3237 1445 3298 suaserunt
1497 3230 1756 3315 eoUeyae
1808 3230 2391 3314 Ανροηίοναίεηεεε,
2448 3229 2566 3313 qui

598 3321 790 3388 etiam
832 3317 1289 3384 Genevensibus
1331 3322 1581 3383 autores
1622 3321 1769 3382 sunt
1808 3321 1878 3381 ut
1937 3315 2217 3383 Vir-etum
2250 3320 2473 3382 vocent.

605 3475 778 3545 (Epp.
817 3478 874 3528 et
895 3473 1179 3541 Responsa
1213 3472 1300 3525 ed.
1320 3470 1524 3525 Genev.
1562 3487 1614 3538 p.
1635 3468 1917 3551 :iz-Laus.
1947 3487 2007 3552 p.
2033 3469 2118 3537 69,
2154 3470 2368 3524 Hanov.
2388 3487 2441 3541 p.
2477 3467 2567 3541 77,

604 3544 819 3598 Chouet
850 3559 904 3612 p.
937 3540 1024 3608 40,
1059 3540 1234 3594 Amat.
1270 3557 1322 3608 p.
1363 3538 1443 3594 18.
1480 3569 1546 3578 —
1581 3538 1780 3673 verisne
1816 3540 2028 3609 anghca
2062 3556 2147 3609 ap.
2174 3539 2319 3594 B.·C.
2340 3539 2491 3593 Tom.
2512 3539 2559 3592 1.

1460 3625 1513 3676 p.
1550 3605 1670 3661 256.

775 3746 999 3829 Quum
1055 3745 1218 3810 mibi
1264 3744 1502 3811 allatae
1559 3753 1716 3810 sunt
1757 3754 1912 3810 tuae
1968 3744 2214 3824 literae,
2261 3745 2394 3811 iam
2438 3744 2558 3811 ha-

600 3834 833 3901 bebam
879 3852 1058 3897 meas
1102 3831 1184 3895 ad
1226 3837 1295 3895 te
1338 3840 1630 3914 paratas:
1667 3851 1833 3914 quae
1855 3832 2115 3897 tametsi
2137 3852 2269 3896 nou
2291 3830 2558 3896 omnino

602 3919 1030 3987 consentiunt
1085 3935 1237 3982 cum
1295 3917 1426 3981 tuis
1480 3916 1861 4000 postulatis,
1917 3915 2277 3983 mittendae
2334 3923 2558 3982 tamen

600 4007 890 4084 fuerunt,
931 4009 1009 4068 ut
1051 4003 1216 4068 scias
1261 4002 1329 4065 in
1376 4023 1502 4086 quo
1546 4003 1784 4068 affectu
1818 4023 1926 4067 me
1961 4000 2554 4086 deprehenderunt.

600 4091 799 4158 Nune
850 4095 1193 4173 postquam
1251 4086 1389 4153 vidi
1445 4097 1511 4153 te
1565 4087 1842 4154 ulterius
1900 4088 2239 4166 insistere,
2302 4096 2369 4154 et
2407 4087 2558 4155 illos

602 4178 802 4246 etiam
846 4183 1102 4240 veteres
1152 4181 1409 4239 nostros
1454 4173 1743 4257 hospites
1799 4173 2016 4257 palam
2073 4194 2144 4238 se
2197 4172 2557 4259 adiungere

604 4260 691 4329 ad
742 4280 1035 4338 eausam,
1095 4259 1366 4325 adhibui
1420 4258 1502 4324 de
1560 4260 1816 4344 integro
1877 4266 2150 4325 nostros.
2180 4261 2230 4344 ⁸)
2330 4259 2557 4326 Lectis

604 4347 735 4413 tuis
759 4355 828 4411 et
849 4345 1272 4411 Genevatum
1294 4344 1520 4422 literis,
1556 4345 1853 4412 consului
1888 4345 2277 4428 ecquidnam
2310 4345 2556 4413 factum

603 4455 643 4498 o
690 4454 770 4498 us
824 4432 960 4496 fore
1024 4441 1384 4497 censerent.
1496 4429 2008 4514 Responderunt
2074 4432 2344 4496 minime
2410 4452 2558 4496 esse

603 4515 1091 4602 disputandum,
1138 4538 1221 4582 an
1281 4517 1521 4584 omisso
1569 4524 1898 4582 conventu
1914 4516 1971 4602 ²)
2031 4515 2335 4582 deberem
2398 4517 2558 4583 illue

602 4602 935 4686 extemplo
991 4601 1362 4670 concedere.
1462 4602 1692 4686 Neque
1758 4602 1934 4667 enim
1991 4613 2110 4667 aut
2171 4624 2346 4669 nunc
2414 4623 2558 4668 esse

606 4760 889 4770 ἡκ--

602 4918 684 4966 nt
717 4927 784 4964 ae
815 4909 1174 4977 praecedenti,
1211 4926 1377 4979 quum
1411 4910 1601 4966 dieunt
1622 4909 1907 4964 Οαῑυίηκηι
1925 4926 2052 4965 eras
2072 4917 2172 4964 aut
2184 4917 2309 4979 post
2330 4911 2556 4966 biduum

559 5019 566 5028 .
616 4979 976 5034 Wormaeiam
1005 4979 1394 5047 profecturum.
1470 4979 1627 5049 Erae
1643 4985 1755 5033 stat
1773 4995 1938 5048 quam
1963 4994 2136 5046 supra
2159 4979 2557 5049 adscripsimus

602 5048 905 5103 observatio
939 5048 1147 5102 ert'tt‘ea.
1206 5046 1643 5117 Sabat-mationa
1675 5049 1875 5102 abeunt
1909 5047 1979 5103 ab
2012 5048 2312 5116 amplas-2·
2342 5048 2555 5119 Arym-

602 5120 883 5173 ωναίοηεί.

636 5182 775 5246 248.
810 5186 871 5249 1)
906 5201 1007 5239 our
1039 5186 1383 5255 magistu-acy.

808 5252 870 5319 2)
917 5252 1312 5310 Wormaccem·
1340 5255 1454 5309 adl.
1492 5254 1707 5324 Anulus
1737 5267 1893 5307 vero.-
1929 5252 2162 5306 without
2204 5254 2402 5324 calling
2446 5271 2554 5324 any

598 5323 859 5393 previous
894 5322 1149 5392 meeting.

808 4840 871 4905 5)
910 4840 1070 4893 Diem
1102 4856 1216 4894 non
1250 4841 1587 4896 addiderunt
1619 4841 1715 4895 sed
1746 4841 1889 4896 idem
1915 4843 2146 4896 omnino
2180 4842 2558 4912 demandas
2669 4864 2682 4870 ·

4505 401 4629 466 100

2613 591 2619 634 ⁹
2666 586 3032 670 integrum:
3089 597 3205 651 aut
3257 588 3623 670 oportuisse
3678 585 3845 651 illud
3913 586 3981 652 in
4051 583 4320 652 dubium
4387 586 4625 665 vocari,

2668 671 2927 737 etiamsi
2971 671 3297 737 nihildum
3334 681 3508 739 esset
3549 671 3901 739 decretum.
3990 671 4171 756 Ergo
4207 671 4290 735 ad
4333 672 4461 737 iter
4505 692 4627 738 nos

2668 757 3099 842 accingimus:
3149 769 3222 821 ut
3265 770 3481 823 autem
3527 758 3857 842 praesenti
3911 756 4219 823 ecelesiae
4274 757 4452 822 illius
4510 777 4624 822 ne-

2668 843 2959 909 cessitati
3002 853 3439 923 succurratur,
3485 865 3683 926 quam
3727 843 4035 910 nolumus
4089 864 4231 908 esse
4274 843 4623 922 desertam,

2668 937 2940 995 censent
2989 928 3200 997 modis
3268 931 3572 996 omnibus
3642 952 3718 996 eo
3786 928 4250 996 accersendum
4329 929 4626 1009 Virdum,

2668 1015 2934 1079 interim
2994 1014 3153 1080 dum
3211 1015 3341 1080 alia
3405 1016 3745 1082 vocatione
3812 1013 4172 1080 distrahor:
4232 1015 4346 1081 ubi
4413 1014 4624 1080 redie-

2669 1101 2878 1165 rimus
2921 1122 3052 1165 non
3097 1110 3421 1180 recusant,
3467 1101 3623 1185 quin
3668 1101 3825 1167 illuc
3869 1099 4150 1165 redeam.
4219 1098 4628 1181 Quinetiam

2669 1184 2958 1251 Bueems
3014 1207 3084 1251 se
3139 1207 3396 1252 meeum
3452 1201 3804 1252 venturum
3861 1186 4218 1271 pollicetur.
4330 1186 4413 1251 In
4478 1207 4625 1251 eam

2671 1270 3066 1337 sententiam
3114 1274 3328 1338 visum
3372 1283 3474 1339 est
3514 1273 3675 1356 ipsis
3700 1273 4000 1348 scribere,
4045 1292 4174 1354 quo
4202 1273 4442 1337 certior
4460 1272 4627 1338 fides

2670 1358 2887 1422 fieret:
2963 1357 3127 1424 meis
3192 1358 3404 1425 literis
3468 1381 3621 1425 suas
3691 1379 3948 1442 quoque
4001 1357 4294 1423 Bueerus
4356 1356 4624 1424 addidit.

2675 1444 2776 1508 De
2813 1464 2958 1508 meo
2996 1445 3212 1508 animo
3248 1446 3341 1510 sic
3375 1446 3618 1528 accipe:
3656 1444 3820 1509 mihi
3845 1445 3899 1510 si
3923 1443 4114 1509 detur
4136 1445 4327 1526 opti0‚
4364 1443 4628 1528 quidvis

2671 1529 2985 1595 libentius
3030 1529 3153 1594 sim
3195 1529 3504 1608 facturus,
3540 1551 3736 1614 quam
3771 1540 3847 1595 ut
3880 1529 4000 1594 tibi
4022 1530 4130 1596 hie
4151 1530 4626 1612 obtemperem:

2672 1615 2787 1680 sed
2831 1616 3138 1697 quoniam
3185 1636 3320 1680 non
3371 1639 3514 1682 esse
3569 1617 3698 1683 mei
3741 1617 3901 1682 iuris
3937 1616 4226 1694 memini,
4271 1636 4628 1682 cormeum

2674 1700 2856 1767 velut
2898 1711 3254 1767 mactatum
3297 1700 3587 1767 Domino
3632 1703 3698 1766 in
3744 1703 4135 1769 sacrificium
4179 1701 4397 1767 offero.
4487 1702 4627 1767 Ita-

2670 1807 2800 1870 que
2846 1809 2975 1852 non
3019 1796 3122 1852 est
3164 1786 3338 1871 quod
3380 1789 3730 1871 suspiceris
3773 1788 3890 1853 tibi
3936 1787 4138 1854 verba
4180 1788 4322 1852 dari
4339 1811 4356 1867 ;
4415 1788 4627 1853 nostri

2672 1872 2839 1937 nibil
2882 1872 3012 1937 nisi
3057 1893 3142 1937 ex
3185 1874 3407 1939 animo
3450 1874 3859 1957 promittunt.
3949 1874 4042 1938 Et
4082 1893 4202 1958 ego
4246 1872 4414 1937 nihil
4447 1871 4628 1938 aliud

2671 1956 2977 2036 obtestor,
3067 1980 3217 2023 uam
3262 1968 3340 2024 ut
3399 1960 3581 2025 nulla
3636 1961 3765 2025 mei
3823 1961 4076 2025 ratione
4142 1958 4368 2025 habita
4425 1959 4627 2044 dispi-

2671 2045 2851 2110 ciant
2909 1980 3065 2127 quid
3133 2046 3415 2109 maxime
3483 2046 3571 2111 sit
3626 2067 3709 2111 ex
3770 2047 3892 2111 Dei
3952 2045 4161 2129 gloria
4215 2053 4283 2110 et
4316 2045 4627 2112 ccclesiae

2672 2129 2972 2195 utilitate.
3061 2130 3356 2196 Tametsi
3411 2151 3543 2196 non
3599 2152 3746 2197 sum
3804 2131 3995 2197 valde
4037 2131 4434 2231 ingeniosus,
4491 2151 4629 2196 non

2670 2223 2893 2281 tamen
2957 2214 3270 2282 deficiunt
3335 2238 3440 2281 me
3494 2217 3769 2301 effugia,
3823 2217 4057 2302 quibus
4113 2224 4208 2282 lta
4259 2216 4628 2283 clanculum

2670 2300 2909 2380 elabar‚
2956 2313 3033 2367 ut
3075 2301 3262 2368 facile
3308 2301 3480 2386 apud
3525 2304 3823 2369 homines
3858 2323 4163 2369 excusem
4199 2324 4319 2386 per
4352 2325 4459 2370 me
4493 2324 4626 2372 non

2670 2387 2944 2454 stetisse.
3055 2388 3310 2453 Verum
3386 2390 3519 2453 scio
3593 2389 3759 2454 mihi
3839 2410 3980 2455 esse
4061 2390 4398 2472 negotium
4475 2410 4628 2456 cum

2667 2474 2842 2552 Deo,
2912 2475 3020 2557 qui
3086 2473 3459 2539 huiusmodi
3529 2476 3807 2541 astutias
3880 2474 4331 2558 deprehendit.
4444 2475 4627 2559 Ergo

2669 2559 2960 2625 animum
3028 2581 3249 2624 meum
3318 2562 3613 2627 vinctum
3670 2569 3738 2626 et
3786 2561 4210 2627 constrictum
4269 2558 4499 2646 subigo
4554 2562 4629 2625 in

2669 2644 3107 2711 obedientiam
3150 2643 3313 2710 Dei:
3360 2654 3427 2710 et
3468 2645 3727 2729 quando
3784 2648 4044 2730 proprio
4102 2646 4371 2713 consilio
4428 2646 4629 2712 desti-

2667 2740 2837 2812 tuor,
2882 2752 2989 2797 me
3032 2731 3139 2796 his
3184 2730 3544 2816 regendum
3607 2732 3827 2812 trado,
3885 2753 4007 2816 per
4048 2754 4211 2816 quos
4255 2752 4446 2816 spero
4488 2734 4628 2798 Do·-

2666 2818 2921 2882 minum
3000 2817 3217 2901 ipsum
3297 2817 3460 2882 mihi
3537 2818 3981 2902 loquuturum.
4109 2817 4330 2900 Quum
4407 2815 4629 2901 capito

2667 2904 2947 2987 scripsit,
2991 2903 3270 2985 putavit,
3315 2911 3390 2967 ut
3432 2903 3659 2983 video,
3719 2926 3826 2969 me
3869 2903 4127 2988 prolixa
4181 2903 4460 2988 epistola
4503 2903 4629 2970 tibi

2666 2989 3123 3073 expositurum
3159 2996 3361 3053 totam
3399 2989 3883 3057 deliberationis
3919 2998 4180 3056 nostrae
4215 2990 4472 3071 seriem,
4509 2989 4627 3058 sed

2666 3077 2826 3141 satis
2883 3083 2984 3141 est
3034 3073 3206 3157 quod
3263 3095 3593 3142 summam
3658 3075 3879 3142 habes.
3984 3074 4379 3159 Quanquam
4442 3098 4629 3142 eram

2664 3161 2736 3226 id
2792 3182 3044 3244 quoque
3102 3161 3397 3226 facturus
3453 3163 3582 3228 nisi
3641 3170 3900 3246 tempus
3944 3161 4275 3230 defuisset.
4365 3162 4626 3228 Verum

2667 3255 2844 3312 totus
2888 3245 3026 3313 dies
3072 3246 3274 3312 variis
3318 3249 3759 3314 avocamentis
3813 3247 3981 3313 mihi
4031 3259 4458 3331 consumptus
4501 3254 4623 3314 est.

2666 3333 2861 3399 Nunc
2927 3354 2969 3398 a
3030 3353 3233 3399 coena
3297 3331 3578 3418 longiori
3654 3333 4108 3400 lucubratione
4175 3334 4625 3402 valetudinem

2668 3418 2911 3501 alioqui
2967 3418 3230 3484 dubiam
3289 3428 3546 3484 tentare
3605 3420 3806 3486 nolui.
3895 3419 4028 3486 Hie
4082 3441 4152 3485 se
4208 3419 4292 3484 ad
4334 3420 4626 3486 natalem

2666 3505 2937 3570 Domini
2992 3503 3358 3570 rediturum
3416 3506 3721 3588 promisit
3775 3528 3923 3572 eum
3994 3525 4294 3584 carruca,
4361 3507 4429 3571 in
4492 3526 4626 3590 qua

2662 3589 2903 3673 poterit
2946 3591 3181 3655 afferre
3240 3590 3576 3658 Vendelino
3621 3612 3707 3657 ex
3742 3590 3925 3657 libris
3960 3593 4098 3657 suis
4134 3590 4360 3658 decem
4395 3612 4622 3658 exem-

2661 3676 2874 3759 plaria
2893 3675 3361 3757 Institutionis,
3396 3697 3513 3743 sex
3543 3678 4045 3744 commentarios
4065 3678 4137 3741 in
4161 3676 4542 3746 Ieremiam:
4563 3675 4622 3763 8)

2664 3782 2743 3827 ea
2785 3761 2969 3829 dabis
3012 3762 3109 3827 illi
3154 3761 3554 3828 advehenda.
3577 3761 3635 3847 ⁴)

3559 4292 3704 4363 249.

3140 4429 3639 4499 FARELLUS
3685 4429 4121 4497 OALVINO.

2835 4602 2985 4668 Post
3013 4603 3304 4685 priorem
3348 4602 3671 4684 epistolam
3713 4601 3895 4667 nobis
3936 4603 4329 4684 deperditam
4385 4605 4616 4671 iterum

2660 4689 2936 4754 amicum
2978 4689 3116 4753 adit
3156 4693 3228 4753 ut
3275 4687 3727 4753 Genevensium
3771 4688 4076 4755 vocationi
4118 4690 4489 4771 obtemperet.

2863 4978 2926 5043 3)
2966 4978 3385 5046 oecolampadii.

2862 5045 2919 5112 4)
2956 5046 3109 5102 Besa
3152 5055 3203 5102 et
3249 5047 3468 5101 Bonnet
3512 5055 3701 5102 errata
3747 5048 3809 5102 ὡς
3841 5048 4124 5102 natalibus
4248 5049 4260 5061 '
4397 5065 4424 5102 e
4478 5049 4607 5117 defi·

2657 5116 2902 5182 nanda,
2948 5133 3112 5185 quau·
3163 5116 3245 5170 ad
3286 5132 3339 5170 a.
3377 5113 3511 5169 1041
3559 5117 3828 5183 referunt,
3868 5117 3976 5186 ille,
4023 5123 4081 5171 ut
4163 5117 4175 5129 ”
4210 5123 4344 5183 etur,
4380 5119 4448 5172 de
4481 5135 4608 5175 eon·

2657 5192 2820 5240 ventu
2847 5184 3239 5241 Rambonenm'
3251 5187 3515 5254 comtum,
3552 5186 3641 5240 hie
3664 5202 3792 5240 vero
3811 5187 4029 5241 incaute
4048 5201 4279 5240 menum
4297 5188 4350 5239 A

2658 5253 2990 5320 adscribens,
3022 5270 3129 5324 quo
3164 5252 3453 5309 calmum
3487 5255 3671 5310 adhue
3701 5254 4000 5310 hauitasu
4029 5255 4272 5323 ροτήῶα
4287 5271 4363 5311 an
4384 5256 4607 5313 rediret.

2669 5322 2830 5378 Talia
2862 5322 3283 5388 confutationum
3315 5339 3429 5378 non
3462 5327 3764 5394 requirnnt.
3949 5389 3951 5392 ⁸
