5050 6167
407 419 527 483 393

399 608 649 674 fi’ustra
667 609 1028 674 timuimus.
1046 610 1106 689 π)
1169 607 1318 673 Non
1351 607 1587 674 fefellit
1605 629 1726 675 nos
1769 607 1912 675 diu:
1955 608 2165 688 vultu,
2209 629 2357 674 ver-

402 695 532 772 bis,
599 702 734 759 toto
800 694 1080 778 denique
1142 714 1444 778 corpore,
1522 694 1736 778 qualis
1813 704 1986 762 esset
2044 694 2347 778 prodidit.

400 781 632 863 Neque
679 789 902 846 tamen
959 781 1214 846 obstitit
1271 781 1622 863 quominus
1664 803 1816 847 cum
1860 802 1938 846 eo
1982 781 2359 846 humaniter

401 887 763 950 ageremus.
853 865 1108 932 Omitto
1139 867 1401 950 privata
1435 867 1924 932 benevolentiae
1957 868 2353 932 testimonia.

401 950 740 1033 Quantum
809 952 894 1017 ad
962 952 1402 1018 ministerium
1479 952 1697 1035 ipsum
1757 954 2021 1018 attinet:
2092 963 2168 1017 ut
2243 953 2355 1017 ob-

399 1039 579 1104 viam
621 1040 869 1103 iremus
911 1039 1222 1121 periculis
1265 1039 1585 1116 omnibus,
1631 1061 1799 1121 quae
1824 1039 2011 1104 varia
2030 1039 2183 1103 hinc
2206 1039 2357 1103 inde

399 1123 752 1201 instabant,
797 1124 1195 1190 contulimus
1237 1144 1390 1190 cum
1432 1124 1698 1209 collegis
1729 1126 1991 1203 nostris,
2035 1144 2356 1206 quaenam

399 1229 558 1292 erga
619 1229 772 1274 eum
835 1211 1003 1275 ratio
1045 1210 1334 1275 tenenda
1388 1212 1574 1275 foret.
1683 1209 2141 1276 Communiter
2204 1230 2354 1276 cen-

397 1295 652 1359 suimus
709 1316 861 1359 eum
912 1296 998 1360 ad
1052 1317 1171 1361 nos
1228 1294 1602 1362 vocandum
1656 1317 1817 1373 esse,
1863 1296 2355 1410 rogantiumque

399 1389 474 1444 ut
529 1382 716 1446 nobis
771 1381 1116 1446 consilium
1171 1403 1368 1447 suum
1439 1392 1815 1464 exponeret.
1921 1382 2355 1446 Londiximus

395 1466 470 1530 in
535 1475 872 1549 posterum
947 1467 1138 1532 diem.
1243 1467 1349 1531 Ad
1419 1469 1704 1550 primum
1783 1466 2185 1549 postulatum
2252 1487 2354 1531 re-

397 1551 694 1635 spondit,
751 1575 821 1617 se
868 1573 944 1617 eo
999 1554 1219 1617 animo
1275 1555 1534 1618 venisse
1589 1562 1663 1617 ut
1707 1553 2014 1619 ecclesiae
2057 1554 2351 1617 serviret.

397 1638 570 1702 Tum
629 1659 944 1704 excusare
997 1639 1202 1720 coepi,
1256 1638 1428 1721 quod
1472 1659 1604 1703 non
1647 1640 1872 1703 statim
1916 1659 2065 1704 eum
2109 1640 2354 1721 recipe-

395 1744 621 1789 remus
636 1775 651 1802 ,
719 1724 1016 1789 ordinem
1083 1746 1233 1788 eum
1299 1746 1444 1790 csse
1510 1724 1697 1790 nobis
1773 1726 2249 1808 praescriptum
2315 1744 2356 1788 a

393 1810 713 1889 Domino,
779 1832 977 1894 quem
1033 1812 1103 1874 in
1167 1810 1366 1875 ullius
1428 1810 1717 1874 hominis
1784 1811 2064 1894 gratiam
2121 1809 2354 1874 violari

392 1897 581 1961 nefas
626 1905 817 1961 essct.
907 1896 988 1960 Id
1032 1917 1284 1979 quoque
1328 1895 1411 1961 ad
1454 1897 1830 1979 exemplum
1875 1897 2225 1978 pertinere,
2272 1917 2354 1960 nc

393 1981 656 2047 admitti
733 2002 805 2047 se
882 1982 992 2046 alii
1071 2003 1324 2064 quoquc
1379 1982 1610 2047 eodem
1671 1980 1865 2046 modo
1929 1981 2351 2065 postularent.

389 2067 722 2133 Hortatus
777 2088 923 2132 sum
983 2079 1058 2131 ut
1115 2068 1434 2152 cogitaret
1489 2089 1628 2132 rem
1674 2089 1807 2133 non
1852 2090 1994 2134 esse
2036 2068 2108 2131 in
2150 2087 2350 2131 manu

389 2162 627 2218 nostra
668 2154 894 2219 sitam:
949 2174 1154 2236 quum
1209 2164 1435 2235 aperto
1474 2154 1605 2219 Dei
1663 2155 1863 2218 verbo
1917 2154 2353 2220 conscientiae

387 2248 660 2304 nostrae
724 2239 1111 2306 constrictae
1177 2247 1583 2305 tenerentur.
1600 2240 1658 2326 ⁸)
1777 2238 1968 2320 Quod
2036 2240 2092 2304 si
2157 2240 2354 2303 timor

389 2323 526 2389 Dei
585 2345 706 2390 nos
763 2345 898 2390 non
952 2324 1330 2407 impediret,
1400 2346 1485 2390 ne
1549 2347 1668 2410 per
1725 2326 2025 2390 homines
2088 2323 2352 2407 quidem

387 2409 625 2476 licere:
685 2411 842 2493 quia
905 2411 1044 2475 eius
1108 2412 1207 2475 roi
1262 2413 1688 2495 compositam
1739 2411 2088 2476 formulam
2154 2410 2353 2475 habe-

387 2517 639 2575 remus,
675 2497 783 2560 cui
825 2505 1002 2561 stare
1036 2517 1157 2562 nos
1191 2505 1534 2579 oporteret.
1624 2498 2034 2580 Deprecatus
2067 2517 2214 2560 sum
2249 2493 2357 2559 de-

385 2582 567 2658 inde,
613 2602 702 2647 ne
741 2590 1125 2666 contemptu
1169 2582 1272 2647 sui
1330 2593 1450 2647 aut
1501 2582 1870 2648 diffidentia
1925 2603 2047 2647 nos
2090 2581 2355 2646 differre

387 2668 827 2734 existimaret.
939 2666 1187 2733 Addidi
1254 2668 1398 2733 cius
1463 2689 1718 2751 quoque
1777 2668 2080 2751 inprimis
2148 2667 2355 2731 inter·

387 2774 559 2832 esse,
609 2773 691 2818 ne
734 2754 831 2818 ita
874 2754 1090 2820 subito
1134 2774 1299 2819 onus
1358 2755 1638 2832 subiret,
1698 2754 1905 2818 satius
1945 2754 2084 2818 fore
2127 2752 2355 2828 multo,

387 2841 444 2905 si
483 2838 973 2922 aliquantulum
1013 2839 1227 2904 adhuc
1261 2841 1573 2922 temporis
1606 2837 1690 2903 ad
1727 2836 2219 2903 deliberandum
2234 2837 2359 2903 sibi

385 2935 707 2990 sumeret.
810 2925 976 2990 Tota
1033 2927 1239 2990 oratio
1294 2946 1496 3008 quum
1555 2945 1713 3009 erga
1777 2945 1929 2989 cum
1995 2923 2359 2989 honorifica

387 3020 558 3088 erat,
606 3019 752 3076 tum
794 3011 993 3095 plena
1037 3009 1528 3076 benevolentiae
1571 3032 1646 3076 ac
1682 3009 2129 3075 humanitatis.
2217 3010 2357 3074 Ex-

386 3099 572 3181 cepit
618 3095 928 3175 breviter,
975 3116 1044 3162 se
1087 3104 1329 3179 petere,
1372 3106 1453 3161 ut
1491 3094 1656 3161 fides
1699 3097 1823 3162 sibi
1870 3094 2199 3179 extemplo
2245 3093 2360 3158 da-

383 3193 617 3249 retur:
663 3182 827 3248 duas
870 3203 1015 3248 esse
1059 3201 1289 3247 causas
1332 3203 1450 3246 cur
1484 3181 1689 3247 nollet
1719 3201 2076 3264 suspensus
2113 3179 2360 3244 diutius

383 3290 690 3335 manere.
778 3268 977 3334 Nunc
1018 3289 1088 3333 se
1135 3267 1374 3332 habere
1417 3266 1687 3333 idoneos
1731 3268 2006 3333 comites
2044 3286 2085 3331 a
2125 3265 2360 3348 quibus

384 3354 853 3432 deduceretur,
899 3362 967 3420 et
1008 3374 1173 3436 equo
1217 3352 1413 3417 etiam
1459 3374 1536 3419 ac
1592 3353 1831 3418 viatico
1887 3353 2354 3417 instrueretur:

381 3440 677 3525 posthac
719 3461 857 3505 non
900 3460 1044 3505 eam
1089 3436 1215 3504 sibi
1258 3436 1785 3504 commoditatem
1838 3439 1995 3502 fore.
2095 3435 2358 3501 Deinde

381 3527 443 3592 si
489 3528 570 3591 in
621 3525 913 3591 Galliam
966 3524 1093 3590 sibi
1149 3523 1643 3608 remigrandum
1705 3525 1910 3601 foret,
1977 3521 2143 3587 nihil
2216 3543 2360 3587 esse

380 3612 640 3676 melius
682 3630 882 3693 quam
925 3610 994 3675 id
1036 3609 1350 3676 citissime
1392 3611 1555 3689 ficri,
1597 3619 1954 3692 antequam
2008 3629 2236 3673 rumor
2279 3607 2361 3673 de

382 3699 533 3763 eius
623 3695 709 3762 ad
772 3717 890 3762 nos
966 3695 1260 3761 adventu
1332 3695 1530 3761 latius
1607 3702 1922 3761 manaret.
2039 3693 2362 3759 Iussimus

469 3783 740 3866 ulisper
796 3782 1097 3849 secedere
1153 3803 1238 3847 ex
1290 3781 1624 3847 communi
1688 3775 1977 3847 consilio.
2108 3778 2364 3846 Viretus

376 3804 673 3955 &agam
728 3875 794 3933 et
850 3888 1122 3952 gravem
1177 3869 1539 3933 orationem
1597 3866 1680 3933 de
1723 3866 2039 3951 religione
2093 3885 2170 3931 ac
2213 3865 2363 3929 dili-

467 3956 659 4034 ntia‚
721 3974 889 4037 quae
946 3956 1017 4019 in
1076 3951 1383 4018 vocandis
1444 3953 1767 4018 ministris
1805 3950 2129 4017 servanda
2172 3958 2363 4030 esset,

431 4042 657 4108 abuit.
759 4039 1090 4107 Produxit
1143 4046 1286 4103 tum
1338 4058 1422 4104 ex
1485 4039 1681 4104 verbo
1737 4037 2025 4112 Domini,
2086 4046 2231 4101 tum
2275 4057 2362 4100 ex

379 4130 649 4196 veteris
692 4127 1003 4193 ecclesiae
1039 4124 1332 4191 historiis
1375 4125 1694 4207 exempla,
1739 4125 2030 4189 rationes
2066 4121 2365 4187 adhibuit

379 4236 563 4298 quae
609 4213 698 4279 ad
746 4233 1011 4279 causam
1044 4213 1256 4277 facere
1302 4210 1709 4276 videbantur.
1782 4210 1953 4275 Erat
1987 4207 2362 4274 huiusmodi

379 4302 632 4378 oratiO‚
681 4320 849 4382 quae
893 4297 1230 4362 hominem
1273 4317 1411 4361 non
1454 4296 1831 4363 lacesseret:
1894 4302 1961 4360 et
2021 4304 2237 4359 tamon
2281 4294 2363 4358 ab

377 4389 791 4471 importuna
844 4384 962 4449 illa
1019 4383 1432 4449 festinatione
1487 4383 1824 4447 retrahere
1869 4402 2020 4445 eum
2065 4378 2361 4444 deberet:

378 4493 575 4556 quae
626 4470 934 4553 denique,
980 4470 1040 4533 si
1082 4468 1240 4551 quid
1282 4466 1557 4534 haberet
1598 4467 1870 4551 pudoris
1914 4465 2186 4550 ingenui
2221 4465 2364 4529 sine

377 4557 919 4642 exprobratione
995 4554 1212 4637 aliqua
1286 4574 1672 4637 permovere
1736 4552 1819 4618 ad
1901 4548 2368 4617 verecundiam

375 4652 644 4728 posset.
739 4642 946 4725 Atqui
991 4639 1153 4705 adeo
1194 4641 1443 4705 fractus
1486 4660 1619 4703 non
1663 4639 1806 4715 fuit,
1862 4647 1938 4702 ut
1981 4634 2133 4701 inde
2177 4656 2367 4718 cepe-

373 4731 473 4794 rit
528 4728 868 4793 maiorem
926 4724 1275 4791 ferociendi
1330 4723 1691 4790 audaciam.
1781 4722 1859 4790 Si
1916 4722 2208 4800 Domini,
2263 4723 2364 4786 in·

375 4816 548 4899 quit,
603 4812 921 4896 spiritum
978 4832 1094 4876 vos
1155 4810 1398 4876 habere
1440 4810 1706 4894 putatis,
1752 4830 1874 4894 ego
1918 4830 1995 4875 eo
2038 4828 2174 4873 non
2220 4827 2367 4871 sum

538 5070 675 5151 ·2)
713 5067 1367 5156 Hicfortan'et'lleipoc
1399 5070 1521 5121 crat
1555 5065 1623 5120 de
1658 5064 2257 5133 qquaae-ozuoemer
2292 5064 2369 5118 ad

339 5215 349 5222 ‘
376 5141 424 5196 C
602 5209 671 5272 3)
719 5136 1410 5260 ίςέιῐυιῗιῗιξ)ωοηαεὴοωη
1456 5203 1619 5271 fidem
1652 5209 1705 5257 et
1737 5216 1913 5257 mores
1948 5218 2043 5256 m
2086 5206 2229 5256 cetos
2265 5201 2365 5255 ha-

373 5275 1133 5417 ὧδᾳῗατόρνῗφιιῆῗῗηὲίέιῖ
1185 5273 1270 5340 Gf.
1308 5287 1451 5341 quae
1484 5272 1675 5327 scribit
1707 5273 1774 5325 in
1817 5271 1992 5327 libello
2126 5270 2366 5325 scanda-

2205 421 2368 484 1542
2413 415 2610 484 MAI.

4290 431 4416 496 394

2462 604 2833 673 destitutus.
2902 607 3057 676 Scio
3096 610 3303 695 igitur
3335 610 3492 695 quid
3525 611 3736 678 liceat.
3789 613 3938 679 Non
3974 614 4082 680 hic
4104 637 4251 682 sum
4274 618 4418 700 qui-

2462 690 2615 756 dem
2656 702 2735 758 ut
2775 715 2945 777 quae
2988 718 3028 760 a
3069 697 3257 762 vobis
3301 698 3555 763 obiecta
3596 707 3752 764 sunt
3793 700 4115 765 refellam:
4162 710 4419 768 constat

2462 784 2686 843 tamen
2744 783 3070 863 apostolos
3127 804 3259 847 non
3319 784 3516 848 fuisse
3576 785 3864 851 vicissim
3908 787 4214 867 probatos
4256 788 4418 854 alios

2463 863 2545 929 ab
2582 865 2744 930 aliis.
2820 866 2970 931 Hoc
2991 879 3211 932 autem
3235 870 3606 950 proferebat
3649 879 3834 935 tanto
3876 871 4071 950 fastu,
4117 884 4191 937 ut
4230 872 4417 938 vide-

2461 952 2644 1015 retur
2688 971 2728 1015 a
2770 954 3159 1018 refutatione
3203 954 3549 1031 abstinere,
3595 957 3902 1039 quoniam
3949 978 4081 1022 non
4127 979 4418 1025 essemus

2462 1034 2645 1119 digni
2703 1039 3089 1120 quibuscum
3134 1042 3563 1124 experiretur.
3655 1041 3947 1119 Addidit,
4010 1064 4078 1108 se
4135 1044 4419 1109 libenter

2460 1120 2526 1185 id
2572 1143 2921 1204 passurum
2984 1125 3205 1202 fuisse,
3265 1128 3321 1190 si
3376 1137 3530 1191 ante
3584 1128 3948 1209 proximam
3994 1127 4416 1212 quadragesi-

2459 1228 2639 1271 mam
2656 1210 2714 1290 ⁴)
2758 1208 2891 1274 huc
2937 1210 3253 1275 venisset:
3300 1233 3481 1277 nunc
3503 1234 3704 1295 quum
3726 1214 3794 1276 in
3819 1213 4094 1279 ecclesia
4136 1223 4273 1279 tam
4320 1216 4415 1280 vi-

2460 1293 2611 1357 cina
2654 1294 2985 1376 specimen
3028 1296 3133 1360 sui
3177 1296 3471 1372 ediderit,
3518 1299 3835 1363 notiorem
3881 1319 3951 1362 se
3997 1299 4232 1365 debere
4275 1319 4417 1367 esse

2461 1398 2657 1460 quam
2694 1391 2770 1444 ut
2804 1401 2976 1446 nova
3009 1382 3390 1464 probatione
3414 1404 3577 1465 opus
3615 1384 3869 1449 habeat.
3909 1385 4245 1468 Respondi
4279 1408 4415 1452 non

2459 1485 2602 1530 esse
2646 1465 2782 1530 illic
2826 1466 3183 1544 ecclesiam,
3242 1488 3323 1532 ex
3368 1490 3499 1550 qua
3562 1469 3875 1535 iudicium
3922 1469 4004 1535 de
4046 1472 4417 1554 pastoribus

2459 1551 2631 1614 sumi
2674 1561 3016 1634 oporteret.
3098 1553 3290 1633 Quod
3337 1555 3394 1618 si
3439 1554 3683 1637 aliquid
3729 1556 4019 1621 nominis
4060 1557 4195 1621 illic
4239 1578 4416 1622 com-

2459 1649 2770 1719 parasset,
2818 1639 3059 1704 mirum
3095 1660 3227 1702 non
3263 1659 3436 1703 esse:
3482 1641 3749 1705 evenire
3793 1642 3968 1705 enim
3993 1642 4208 1708 Gallis
4243 1643 4414 1727 quod

2460 1723 2555 1785 ait
2611 1720 2896 1800 Solom0,
2963 1745 3201 1806 nempe
3263 1726 3497 1791 animis
3565 1727 3878 1792 famelicis
3937 1729 4133 1792 etiam
4193 1749 4418 1795 amara

2459 1826 2601 1872 esse
2654 1805 2887 1874 dulcia.
2980 1809 3084 1873 Ad
3128 1809 3289 1875 haec
3348 1832 3658 1894 magnam
3701 1813 4157 1879 infirmitatem
4204 1814 4417 1880 decla-

2459 1913 2640 1958 rasse
2684 1894 2752 1958 in
2797 1894 2932 1959 suis
2976 1896 3412 1961 concionibus.
3495 1897 3633 1963 Nos
3677 1898 3960 1981 quidem,
4005 1920 4139 1965 non
4183 1921 4418 1983 expro-

2460 1979 2695 2044 brandi
2742 1980 2961 2045 animo
3018 1981 3179 2045 haec
3221 2002 3760 2062 commemorare,
3821 1985 3937 2051 sed
3988 1987 4230 2068 ineptis
4275 1987 4418 2052 cius

2457 2065 2791 2130 iactantiis
2834 2066 2996 2149 cogi.
3085 2066 3194 2131 Ita
3234 2065 3594 2142 discessum
3638 2080 3757 2145 est,
3819 2070 3950 2135 nisi
3994 2071 4165 2152 quod
4210 2091 4415 2136 unus-

2459 2153 2733 2233 quisque
2776 2170 2985 2232 pauca
3025 2151 3229 2218 verba
3272 2153 3567 2231 subiecit,
3613 2154 3696 2219 ad
3742 2155 4073 2219 hominem
4106 2156 4251 2220 miti
4387 2192 4418 2206 —

2457 2236 2649 2300 dum:
2709 2237 2837 2302 scis
2891 2236 3047 2319 quid
3092 2239 3456 2320 profectum
3509 2240 3724 2304 fuerit.
3813 2239 4020 2305 Paulo
4064 2251 4210 2322 post
4252 2178 4419 2308 gannit

2458 2322 2531 2386 in
2576 2321 2952 2400 diversori0‚
2998 2344 3069 2388 se
3105 2324 3212 2389 hic
3253 2323 3471 2388 nullos
3505 2326 3794 2408 reperire
3825 2324 4049 2391 doctos
4086 2325 4413 2392 homines:

2458 2416 2655 2489 atque
2688 2416 2767 2472 ut
2794 2406 3021 2474 videas
3043 2409 3376 2474 hominem
3415 2409 3610 2491 plane
3650 2411 3988 2490 furiosum,
4031 2411 4204 2475 dixit
4236 2411 4420 2476 nulla

2460 2493 2812 2559 occasione.
2904 2494 3129 2574 Quum
3171 2516 3346 2560 unus
3389 2496 3667 2561 fortasse
3709 2516 3817 2560 me
3855 2503 3926 2560 et
3980 2496 4259 2562 Viretum
4300 2516 4418 2562 no-

2460 2579 2794 2657 minasset,
2832 2577 3169 2662 respondit
3190 2581 3494 2659 fastuose,
3530 2580 3895 2666 myriadum
3927 2602 4071 2647 esse
4104 2583 4175 2646 in
4196 2581 4421 2647 Gallia

2461 2664 2674 2730 multo
2716 2666 3100 2731 doctiorum.
3191 2663 3372 2746 Quid
3415 2666 3661 2732 refert?
3706 2667 3980 2749 inquies.
4068 2668 4215 2751 Ego
4258 2687 4419 2733 vero

2461 2750 2625 2816 istas
2645 2750 2946 2834 ineptias,
2990 2759 3068 2816 ut
3100 2770 3223 2833 par
3257 2758 3378 2829 est,
3417 2752 3613 2817 rideo.
3678 2752 4153 2818 Animadverto
4194 2760 4419 2818 tamen

2465 2856 2609 2902 esse
2671 2847 2850 2903 certa
2917 2844 3313 2920 argumenta
3381 2837 3685 2903 malevoli
3729 2859 3804 2904 ac
3862 2838 4138 2922 maligni
4196 2839 4415 2904 animi.

2464 2920 2756 3005 Rogabis
2816 2940 3015 3005 quam
3069 2922 3156 2987 sit
3215 2921 3440 2987 doctus
3498 2924 3608 3006 qui
3662 2925 3732 2987 in
3787 2923 3946 2990 alios
3989 2944 4216 2989 omncs
4259 2922 4421 2990 adeo

2464 3027 2734 3072 severus
2776 3013 2879 3073 est
2918 3026 3167 3073 censor.
3257 3006 3505 3072 Vidisti
3545 3008 3789 3074 multos
3832 3009 4072 3086 asinos,
4131 3010 4311 3094 finge
4353 3015 4419 3075 te

2463 3113 2677 3158 unum
2720 3113 2807 3158 ex
2847 3091 2981 3158 illis
3025 3092 3268 3157 videre.
3289 3097 3349 3168 ὅ)

2637 3178 2816 3244 Dum
2840 3177 3003 3244 haec
3035 3178 3264 3256 scribo,
3308 3178 3538 3243 literae
3559 3178 3723 3244 mihi
3755 3186 3912 3244 tuae
3940 3177 3995 3265 ⁶)
4033 3180 4421 3260 afferuntur,

2463 3262 2700 3347 quibus
2744 3283 3007 3329 rursum
3049 3264 3310 3347 flagitas
3352 3270 3428 3329 ut
3460 3263 3627 3329 alter
3654 3272 3955 3330 nostrum
3975 3266 4144 3331 istuc
4172 3265 4418 3331 veniat.

2462 3349 2670 3431 Atqui
2724 3350 2781 3414 si
2845 3348 3015 3416 scias
3071 3369 3270 3431 quam
3312 3349 3524 3414 multa
3579 3357 3650 3414 et
3711 3352 4084 3416 necessaria
4134 3371 4254 3415 nos
4312 3351 4422 3418 hic

2463 3434 2821 3512 detineant,
2864 3434 3053 3499 facile
3085 3443 3427 3501 excusatos
3450 3434 3711 3502 habeas.
3776 3436 4097 3520 Magnam
4140 3437 4422 3501 fratrum

2460 3519 2953 3586 multitudinem
3006 3539 3186 3585 nunc
3236 3520 3575 3595 habemus,
3598 3525 3651 3598 ⁷)
3705 3519 3943 3603 quibus
3997 3521 4068 3587 in
4127 3522 4229 3587 sin

2463 3605 2663 3672 horas
2698 3604 3227 3689 respondendum
3268 3613 3387 3671 est.
3453 3606 3642 3672 Inter
3661 3626 3773 3672 eos
3809 3604 3939 3674 duo
3972 3612 4135 3674 sunt
4265 3614 4420 3685 tem,

2465 3691 2549 3757 de
2590 3691 2828 3774 quibus
2871 3711 3006 3756 non
3050 3689 3243 3756 modo
3285 3689 3454 3756 bene
3496 3712 3838 3774 speramus
3854 3741 3869 3772 ,
3922 3691 4038 3757 sed
4081 3689 4423 3775 splendide

2463 3777 2655 3843 nobis
2696 3776 3101 3860 pollicemur.
3188 3775 3329 3842 Alii
3388 3784 3549 3842 sunt
3602 3779 3799 3843 etiam
3845 3798 3979 3843 non
4022 3778 4248 3860 inepti,
4308 3775 4425 3843 sed

2464 3863 2565 3928 illi
2608 3863 2738 3929 duo
2780 3862 3126 3928 excellunt.
3216 3861 3518 3929 Nuncius
3563 3871 3718 3928 tuus
3762 3862 4056 3928 nondum
4100 3862 4427 3944 colloquu-

2465 3958 2578 4015 tus
2621 3955 2725 4014 est
2768 3948 3125 4026 nobiscum,
3172 3946 3288 4014 sed
3333 3956 3484 4031 post
3525 3947 3993 4014 catechismum
4037 3947 4120 4013 ad
4163 3967 4271 4012 me
4313 3968 4427 4012 ve-

2465 4034 2625 4100 niet.
2690 4033 2877 4112 Vale,
2914 4034 3117 4098 frater
3151 4033 3597 4117 integerrime.
3681 4034 3933 4099 Vinius
3965 4042 4031 4098 te
4063 4033 4428 4116 plurimum

2468 4120 2728 4197 salutat,
2785 4119 2972 4185 cuius
3015 4119 3282 4184 nominc
3326 4118 3487 4185 haec
3530 4119 3780 4203 scripsi,
3835 4118 4031 4202 longe
4072 4119 4270 4202 plura
4311 4117 4428 4184 ad-

2468 4204 2728 4272 diturus
2772 4205 2828 4269 si
2872 4205 3081 4270 otium
3124 4205 3322 4270 foret:
3368 4204 3485 4271 sed
3526 4205 3660 4271 iam
3705 4205 3834 4270 alio
3872 4224 4087 4271 vocor.
4153 4204 4426 4272 Utinam

2467 4291 2699 4357 liceret
2740 4290 3039 4356 chartam
3084 4290 3257 4357 hanc
3298 4290 3601 4373 implere:
3647 4290 3925 4356 materia
3968 4290 4146 4355 enim
4190 4310 4426 4373 suppe-

2468 4378 2551 4442 tit
2585 4386 2652 4442 et
2685 4377 2949 4442 animus
2969 4397 3103 4442 non
3138 4374 3340 4453 deest,
3377 4375 3493 4442 sed
3527 4377 3921 4460 abrumpere
3955 4377 4179 4440 omnia
4212 4395 4424 4459 cogor.

2468 4462 2723 4528 Iterum
2770 4460 2935 4527 vale.
3033 4461 3349 4529 Genevae
3401 4466 3496 4527 10.
3542 4462 3707 4528 Maii
3748 4465 3931 4527 1542.

2828 4602 2883 4609 ...-

2676 4685 2739 4749 4)
2956 4684 3158 4752 optime
3226 4683 3435 4738 uado-at
3469 4683 3534 4736 ιέη
3568 4682 3646 4738 N.
3684 4681 3802 4749 393,
3840 4689 3951 4738 not.
3988 4683 4034 4737 3.

2681 4754 2741 4820 5)
2925 4770 2963 4807 α
2996 4752 3150 4806 dabit
3237 4767 3300 4820 p.
3338 4752 3417 4806 N.
3454 4751 3575 4807 397.

2681 4822 2740 4884 6)
2780 4821 2858 4876 N.
2897 4821 3016 4874 394.

2683 4890 2741 4956 7)
2779 4890 2896 4944 scil.
2932 4889 3359 4944 candidam-um
3393 4904 3437 4943 a.
3472 4889 3783 4944 „metuit

3250 5133 3654 5140 ffl—-q
