5050 6167
616 480 685 540 11
2159 466 2683 536 EPISTOLAE
2732 472 3068 534 206—207
4538 473 4617 534 12

609 687 730 733 nos
771 685 999 731 omnes
1044 684 1227 728 error
1267 661 1401 740 ille,
1456 660 1626 744 quod
1669 660 2045 742 putavimus
2096 656 2280 724 vobis
2333 677 2559 722 recon-

607 753 919 821 oiliatum.
1021 749 1197 814 Nam
1252 748 1378 812 hac
1430 767 1581 811 eum
1632 746 1779 829 lege
1832 746 2195 827 recepimus
2248 750 2324 807 ut
2378 754 2561 806 ratae

608 843 951 905 manerent
993 854 1220 899 omnes
1265 833 1598 915 pactiones
1639 831 1874 915 quibus
1913 828 2310 914 Agathopoli
2345 828 2560 893 vobis-

608 945 758 993 cum
794 921 1095 988 rediisset
1127 921 1201 984 in
1241 919 1541 1003 gratiam.
1630 915 1708 983 Si
1742 916 2031 993 redierit,
2068 914 2439 981 cavebimus
2474 933 2559 978 ne

607 1009 763 1095 quid
802 1016 1027 1074 nostra
1068 1005 1347 1071 facilitas
1404 1004 1782 1068 detrimenti
1836 1001 2022 1068 vobis
2075 1002 2324 1066 afferat.
2411 999 2559 1064 Illic

610 1095 828 1162 nescio
869 1114 955 1157 an
1002 1093 1243 1175 poterit
1284 1111 1514 1156 nocere
1558 1090 1815 1154 etiamsi
1859 1088 2035 1155 velit.
2126 1085 2204 1152 Si
2248 1087 2328 1151 de
2371 1085 2561 1150 nobis

607 1181 1010 1264 obloquatur,
1058 1179 1169 1243 vix
1212 1186 1288 1241 ut
1328 1196 1517 1257 spero
1560 1174 1891 1239 audietur:
1949 1174 2083 1239 scio
2131 1173 2309 1237 enim
2354 1172 2562 1236 Inme-

605 1270 768 1335 ἥκω
790 1266 849 1348 ²)
915 1263 998 1328 de
1058 1263 1245 1328 nobis
1304 1260 1540 1326 melius
1604 1262 1848 1326 sentire
1912 1279 2110 1342 quam
2175 1271 2250 1323 ut
2313 1266 2561 1322 temere

608 1353 911 1420 admittat
933 1349 1134 1414 ullam
1159 1347 1699 1415 criminationem.
1768 1347 1912 1429 Ego
1934 1366 2205 1428 quoque,
2229 1351 2310 1409 ut
2329 1362 2560 1408 verum

607 1441 831 1515 fatear,
897 1435 1089 1500 illum
1156 1434 1446 1517 Roynaco
1509 1430 1995 1506 commendavi,
2072 1428 2189 1496 sed
2249 1430 2323 1494 in
2387 1428 2561 1493 hanc

607 1526 903 1600 formam,
946 1520 1121 1604 quod
1155 1518 1554 1602 resipuisset,
1599 1517 1772 1601 quod
1807 1538 1877 1581 se
1911 1515 1994 1581 ad
2030 1537 2154 1581 nos
2186 1515 2559 1596 recepisset,

609 1609 785 1695 quod
828 1609 1056 1692 agnita
1097 1605 1291 1688 culpa
1330 1604 1596 1669 veniam
1638 1603 2081 1685 impetrasset:
2133 1623 2252 1668 nos
2296 1620 2559 1684 sperare

606 1696 795 1762 illum
840 1715 924 1759 ex
969 1693 1192 1758 animo
1236 1690 1317 1756 ad
1356 1711 1474 1756 nos
1507 1710 1867 1754 reversum.
1955 1688 2186 1770 Itaque
2229 1686 2560 1770 rogabam,

608 1782 668 1847 si
711 1801 783 1847 se
827 1799 960 1845 non
1005 1777 1196 1842 aliter
1235 1785 1494 1860 gereret
1536 1796 1732 1857 quam
1768 1773 1953 1839 decet
1985 1774 2239 1839 Christi
2274 1792 2559 1848 servum,

607 1888 694 1933 ne
760 1866 917 1951 quid
981 1864 1096 1929 illa
1158 1862 1464 1927 alienatio
1530 1862 1588 1925 ei
1654 1859 1926 1925 obesset.
2027 1860 2181 1924 Non
2238 1857 2421 1923 venit
2476 1855 2562 1921 ad

794 1972 991 2026 acuon,
1057 1948 1204 2014 ideo
1270 1968 1403 2013 non
1468 1967 1629 2011 usus
1689 1952 1789 2011 est
1842 1966 1922 2011 ea
1977 1943 2558 2010 commendatione.

607 2038 758 2104 Illic
800 2048 1024 2102 tamen
1070 2034 1434 2099 Alexander
1477 2043 1776 2114 receptus
1831 2039 1934 2097 est
1986 2030 2061 2095 in
2105 2031 2387 2114 gratiam
2433 2028 2562 2093 Ro-

607 2123 970 2197 bertivazlis,
995 2119 1050 2206 ³)
1087 2121 1270 2185 cuius
1306 2119 1506 2183 fuisse
1540 2118 1693 2182 olim
1724 2118 1796 2181 in
1817 2116 2065 2181 familia
2087 2116 2276 2182 nosti.
2336 2113 2562 2195 Quum

608 2210 742 2275 huc
785 2217 1015 2292 postea
1057 2207 1295 2270 missus
1341 2213 1531 2281 esset,
1577 2203 1807 2285 scripsi
1847 2202 2137 2286 Roqnaco
2171 2222 2277 2266 me
2311 2200 2561 2292 consci-

609 2296 788 2361 entia
842 2293 1047 2358 fuisse
1097 2288 1510 2374 impeditum,
1564 2288 1916 2372 quominus
1972 2286 2148 2351 domi
2202 2287 2562 2369 reciperem

610 2394 727 2446 aut
791 2401 939 2447 cum
1006 2399 1081 2442 eo
1134 2376 1338 2443 verba
1390 2375 1692 2439 facerem.
1798 2374 1953 2456 Ipse
2010 2373 2391 2438 humaniter
2445 2392 2561 2436 ex-

609 2467 862 2533 cusavit
883 2466 996 2531 sei
1049 2462 1343 2528 notantia
1364 2480 1684 2543 peccasse,
1721 2458 1893 2542 quod
1922 2459 2563 2525 excommunicatum

608 2573 750 2619 esse
796 2550 1011 2616 nescie
1056 2557 1138 2613 at.
1228 2546 1569 2611 Venturus
1613 2553 1834 2609 autem
1871 2545 2003 2611 huc
2035 2552 2139 2611 est
2171 2564 2323 2611 cum
2356 2563 2562 2608 uxore

607 2637 733 2704 hac
774 2634 1289 2720 quadragesima.
1379 2634 1550 2696 Tum
1605 2630 1685 2696 de
1732 2629 1954 2697 carolo
2007 2630 2359 2715 diligenter
2413 2650 2560 2712 per·

607 2723 932 2790 contabor.

780 2806 973 2889 Quod
1018 2804 1312 2889 quereris
1353 2823 1613 2869 sacrum
1661 2800 2099 2868 ministerium
2143 2810 2278 2865 tam
2320 2799 2561 2865 misere

609 2895 758 2962 istic
813 2892 1194 2976 collapsum,
1246 2890 1340 2955 sic
1396 2911 1501 2954 res
1554 2887 1766 2954 habet.
1876 2885 2285 2968 Quocunque
2341 2897 2562 2949 vertas

607 2980 803 3049 hodie
835 2978 1074 3056 oculos,
1118 2978 1465 3040 innumera
1498 2975 1784 3058 reperias
1819 2994 1987 3057 quae
2021 2972 2335 3054 deplores.
2413 2971 2562 3055 Ego

605 3077 785 3134 certe
850 3065 1008 3130 dum
1071 3064 1272 3127 finem
1338 3060 1593 3125 nullum
1646 3060 1865 3139 video,
1931 3057 2225 3123 animum
2289 3077 2561 3140 prorsus

606 3148 1099 3234 desponderem,
1146 3146 1277 3213 nisi
1318 3168 1424 3212 me
1465 3147 1629 3214 haec
1664 3165 1799 3211 una
1833 3144 2141 3228 cogitatio
2185 3144 2561 3223 sustineret,

650 3236 779 3320 uod
821 3256 986 3319 opus
1030 3233 1319 3312 Domini,
1379 3231 1693 3317 quidquid
1746 3230 2012 3310 accidat,
2070 3250 2408 3312 nunquam
2461 3236 2565 3293 est

606 3261 1060 3390 deserendum.
1129 3319 1379 3385 Tamen
1412 3321 1590 3383 inter
1627 3326 1723 3382 tot
1755 3316 1929 3383 mala
1957 3315 2289 3381 interdum
2317 3312 2564 3399 aliquid

608 3410 724 3478 dat
763 3408 1095 3474 Dominus
1137 3405 1309 3487 quod
1367 3425 1490 3471 nos
1532 3415 1796 3470 recreet.
1886 3402 2316 3480 Her-mannua
2334 3403 2390 3482 ⁴)
2448 3402 2563 3484 qui

606 3495 923 3563 adversus
968 3511 1087 3556 nos
1131 3491 1446 3557 Genevae
1489 3490 1591 3555 dis
1638 3489 1873 3567 utavit‚
1918 3488 2092 3553 diem
2138 3509 2178 3553 a
2220 3508 2326 3553 me
2368 3487 2562 3570 petiit

606 3581 692 3646 ad
731 3576 1250 3662 colloquendum.
1340 3576 1421 3640 In
1459 3597 1498 3658 p
1623 3577 2004 3658 obaptismo,
2039 3576 2111 3638 in
2147 3572 2561 3638 humanitate

610 3665 884 3743 Christi,
928 3664 1000 3729 in
1044 3662 1191 3728 aliis
1232 3661 1639 3745 quibusdam,
1686 3682 1756 3726 se
1790 3662 2082 3744 graviter
2115 3660 2372 3742 lapsum
2417 3679 2561 3724 esse

606 3755 737 3819 iam
774 3753 1036 3817 fatetur.
1118 3747 1297 3814 Sunt
1334 3748 1464 3813 alia
1506 3746 1826 3830 quaedam
1869 3748 1942 3810 in
1986 3745 2221 3830 quibus
2256 3744 2560 3811 nonnihil

605 3838 861 3904 haeret:
900 3835 1014 3901 sed
1049 3832 1222 3898 bona
1256 3853 1405 3917 spes
1440 3846 1543 3898 est
1574 3841 1674 3898 tot
1697 3830 2187 3898 difficultatibus
2212 3832 2555 3914 perruptis.

607 3924 846 3991 Comes
913 3920 1181 3986 Ioannis
1235 3919 1501 3984 tandem
1558 3939 1835 4002 puerum
1892 3939 2084 4000 quem
2145 3916 2343 3983 habet
2396 3924 2560 3982 natu

606 4010 766 4077 satis
933 4005 1125 4071 ndem
1142 4007 1202 4089 ⁶)
1246 4005 1481 4070 obtulit
1524 4003 1607 4069 ad
1649 4004 2070 4088 baptismum.
2158 4002 2394 4086 Ignovi
2438 4004 2559 4067 ali-

604 4116 798 4180 quam
852 4093 918 4156 ‘u
954 4093 1094 4157 eius
1129 4089 1516 4168 infirmitati,
1562 4110 1765 4172 quum
1803 4086 2051 4155 diceret
2092 4089 2213 4154 sibi
2259 4097 2559 4154 constare

601 4182 920 4264 optimam
952 4177 1276 4242 rationem
1314 4175 1676 4241 differendi.
1767 4175 2057 4241 Tandem
2099 4173 2284 4252 dixit,
2320 4195 2391 4239 se
2425 4194 2560 4238 non

602 4266 847 4332 morari
914 4284 1023 4329 eos
1087 4283 1367 4345 quorum
1430 4262 1791 4344 pervicacia
1854 4261 2038 4326 nullo
2090 4258 2285 4325 modo
2341 4259 2558 4345 frangi

644 4361 816 4418 ueat.

602 4374 645 4436 q
775 4434 968 4518 Quod
1014 4433 1095 4499 de
1139 4435 1442 4517 ingressu
1481 4430 1779 4499 Caesaris
1811 4432 1959 4497 istic
1993 4432 2202 4496 fertur
2237 4437 2340 4496 est
2373 4429 2559 4495 fabu-

601 4525 840 4590 losum:
910 4520 1247 4586 hominem
1311 4519 1446 4584 illic
1499 4517 1830 4585 habebant
1894 4517 2103 4582 nostri
2169 4518 2283 4599 qui
2337 4517 2560 4582 omnia

598 4608 1017 4695 perspiceret.
1137 4605 1414 4672 Oertum
1473 4613 1599 4684 est,
1669 4603 1749 4668 de
1802 4603 1999 4668 rebus
2056 4601 2247 4666 seriis
2297 4603 2559 4667 nullum

599 4714 969 4765 sermonem
1012 4693 1211 4759 fuisse
1255 4691 1571 4756 habitum.
1675 4689 1931 4755 Verum
1986 4686 2200 4754 dictus
2256 4698 2359 4753 est
2417 4688 2558 4754 dies

598 4782 687 4850 ad
724 4779 1054 4848 Calendas
1098 4779 1394 4856 Martias,
1439 4797 1568 4860 quo
1611 4775 1813 4842 simul
1859 4773 2097 4841 Caesar
2133 4780 2202 4839 et
2248 4774 2388 4840 Rex
2432 4773 2559 4840 Sa-

808 5052 867 5118 2)
906 5045 2297 5117 Genuam-odelauarks'eiqmuraolm.

809 5121 871 5186 3)
906 5120 986 5177 Ν.
1026 5118 1143 5189 193,
1176 5125 1292 5175 not.
1328 5121 1411 5173 22.
1902 5184 1914 5196 ο
2280 5183 2291 5195 .

808 5192 872 5246 4)
908 5189 1102 5245 Herm.
1149 5188 1216 5243 ds
1268 5187 1574 5255 Gon-bam,
1610 5185 1971 5252 Laodamia,
2018 5183 2395 5248 amasam
2541 5223 2555 5238 .

606 5259 896 5317 ababa
946 5258 1197 5340 Gabeni,
1233 5257 1427 5313 Lsso.
1474 5255 1780 5325 W.
1806 5255 1861 5311 I.
1888 5252 2008 5307 294.
2061 5251 2172 5320 Οὔ,
2196 5251 2351 5308 Am.
2381 5267 2447 5323 p.

747 5327 1345 5453 151rathsrbigfor
1389 5326 1627 5395 hisege.
1676 5320 2553 5393 -So‘nlormoudoendunpu-

602 5403 716 5456 tat.-
776 5414 995 5453 oannes.

2663 658 3070 723 marobrivae
3084 657 3144 741 ⁶)
3184 657 3596 723 conveniant.
3684 655 3763 723 Si
3805 657 4047 739 poterit
4086 657 4264 722 inter
4304 677 4417 723 eos
4459 678 4620 725 con-

2663 742 2909 820 venire,
2953 744 3189 808 merito
3231 742 3604 807 timendum
3649 756 3752 808 est
3806 762 3893 807 ue
3949 742 4033 808 ad
4076 763 4198 808 nos
4251 742 4616 826 perdendos

2663 829 3054 912 conspirent,
3157 827 3395 894 Aderit
3448 828 3929 907 ferdinandus,
3995 829 4108 911 qui
4171 829 4305 894 iam
4358 830 4617 895 itineris

2661 933 2971 997 magnam
3014 923 3271 997 partem
3314 934 3699 998 progressus
3733 924 3850 980 est.
3939 914 4198 979 Rumor
4234 921 4337 980 est
4375 914 4618 981 Sabaio-

2662 1000 2814 1063 dum
2877 1021 3131 1083 quoque
3206 1020 3328 1083 per
3400 999 3670 1064 Italiam
3733 1001 3859 1066 iter
3921 1000 4133 1066 facere
4198 1009 4275 1065 ut
4332 1000 4618 1083 Alpibus

2665 1085 3068 1151 Tridentinis
3109 1086 3180 1151 in
3226 1085 3652 1151 Germaniam
3699 1086 3936 1151 veniat.
4015 1086 4111 1150 Et
4150 1105 4310 1151 sane
4348 1086 4517 1151 nihil
4556 1087 4618 1152 ei

2664 1171 2805 1255 spei
2847 1172 3120 1237 restabit
3161 1171 3244 1236 ad
3289 1191 3408 1236 sua
3448 1170 3912 1253 recuperanda,
3961 1171 4016 1235 si
4053 1192 4130 1236 eo
4174 1171 4444 1238 absente
4487 1173 4618 1239 duo

2662 1257 2760 1321 illi
2805 1258 3262 1342 transegerint.
3350 1257 3580 1322 Nostri
3628 1255 3963 1322 Caesarem
4009 1255 4091 1322 de
4134 1279 4253 1322 sua
4297 1258 4617 1341 pollicita-

2664 1343 2838 1407 tione
2884 1342 3234 1426 appellant.
3321 1342 3601 1408 Interim
3657 1353 3881 1408 tamen
3937 1363 4076 1407 non
4128 1365 4318 1409 secus
4371 1343 4617 1409 tumul-

2663 1435 2948 1508 tuantur,
2995 1449 3070 1492 ac
3105 1431 3159 1493 si
3196 1427 3442 1493 bellum
3477 1436 3652 1494 esset
3683 1428 3818 1493 iam
3853 1427 4194 1494 indictum.
4274 1428 4617 1513 Superiori

2663 1535 2888 1580 mense
2953 1515 3082 1579 visi
3147 1523 3305 1578 sunt
3370 1515 3565 1578 nimis
3620 1535 3762 1579 esse
3805 1513 4087 1580 resides:
4157 1535 4336 1580 nunc
4373 1516 4618 1580 mirum

2662 1607 2765 1664 est
2806 1621 3005 1683 quam
3047 1600 3182 1665 sint
3221 1599 3508 1664 excitati.

2836 1686 3041 1768 Atqui
3082 1686 3256 1750 inter
3298 1694 3518 1750 tantos
3562 1694 3777 1751 motus
3821 1685 3986 1750 mihi
4029 1694 4286 1750 tantum
4345 1694 4447 1752 est
4501 1686 4619 1751 ou'i

2664 1779 2741 1836 ut
2793 1771 2874 1836 de
2929 1792 3135 1836 uxore
3190 1769 3486 1836 ducenda
3539 1772 3826 1854 cogitare
3893 1769 4189 1837 audeam.
4212 1769 4267 1856 ⁷)
4375 1770 4621 1838 Oblata

2662 1858 2829 1923 mihi
2871 1866 3013 1921 erat
3053 1857 3272 1941 puella
3316 1855 3650 1940 quaedam,
3694 1857 3933 1923 nobilis
3976 1878 4235 1942 genere,
4295 1866 4366 1922 et
4417 1878 4621 1941 supra

2662 1943 3101 2010 conditionem
3159 1962 3378 2007 meam
3434 1940 3670 2007 dotata.
3777 1942 3881 2007 Ab
3941 1963 4019 2009 eo
4084 1944 4387 2029 coniugio
4448 1943 4620 2009 duae

2662 2028 2952 2094 rationes
3016 2048 3124 2093 me
3180 2027 3657 2093 absterrebant:
3725 2028 3894 2110 quod
3958 2028 4261 2113 linguam
4326 2037 4619 2095 nostram

2664 2136 2797 2179 non
2866 2113 3155 2192 tenebat,
3224 2122 3294 2178 et
3353 2112 3523 2196 quod
3576 2113 3853 2179 verebar
3905 2136 3991 2179 ne
4045 2115 4152 2180 sui
4215 2117 4477 2199 generis
4542 2135 4619 2181 ac

2664 2199 3067 2265 educationis
3130 2200 3324 2263 nimis
3397 2220 3651 2264 memor
3720 2209 3907 2265 esset.
4006 2200 4247 2267 Frater
4310 2202 4452 2267 eius
4515 2202 4618 2268 vir

2665 2286 3114 2370 pientissimus
3136 2283 3444 2362 instabat,
3477 2305 3599 2351 nec
3622 2285 3752 2351 alia
3785 2307 3984 2352 causa
4018 2287 4148 2352 nisi
4167 2287 4341 2369 quod
4362 2289 4457 2352 ita
4477 2294 4620 2352 erat

2666 2393 2887 2437 amore
2928 2373 3061 2436 mei
3104 2380 3487 2437 excaecatus
3522 2379 3599 2436 ut
3633 2392 3704 2436 se
3737 2373 3955 2454 ipsum
3990 2372 4372 2457 negligeret.
4431 2372 4618 2439 Uxor

2665 2459 2861 2524 etiam
2905 2456 3125 2522 studio
3170 2456 3369 2522 simili
3411 2476 3563 2521 cum
3605 2478 3681 2521 eo
3725 2457 4035 2536 certabat,
4079 2467 4157 2523 ut
4191 2457 4347 2524 dare
4380 2479 4618 2525 manus

2665 2542 3136 2627 propemodum
3178 2562 3463 2626 cogerer,
3525 2543 3653 2607 nisi
3710 2564 3815 2609 me
3870 2543 4201 2610 Dominus
4258 2544 4615 2611 liberasset.

2666 2628 2892 2711 Quum
2935 2628 3113 2694 enim
3154 2627 3655 2711 respondissem,
3712 2629 3878 2694 nihil
3925 2650 4032 2695 me
4083 2631 4430 2708 facturum,
4488 2631 4618 2695 nisi

2664 2715 2884 2798 puella
2904 2715 3225 2797 reciperet
3245 2736 3316 2779 se
3337 2714 3603 2798 linguae
3638 2725 3904 2779 nostrae
3940 2714 4288 2782 discendae
4321 2717 4619 2782 animum

2665 2800 3094 2878 adiecturam,
3172 2798 3290 2865 illa
3359 2809 3619 2882 tempus
3690 2799 3776 2865 ad
3845 2800 4341 2867 deliberandum
4412 2801 4614 2885 petiit.

2665 2885 2910 2952 Statim
2942 2886 2965 2949 i
3014 2887 3148 2950 itur
3179 2886 3450 2950 fratrem
3485 2906 3706 2950 meum
3741 2908 3892 2952 cum
3933 2887 4102 2953 bono
4145 2886 4427 2970 quodam
4470 2888 4618 2952 viro

2665 2973 2833 3050 misi,
2892 2992 3005 3053 qui
3059 2971 3226 3035 mihi
3282 2970 3558 3035 alteram
3612 2970 3991 3037 adduceret:
4047 2993 4230 3056 quae,
4289 2975 4344 3037 si
4404 2973 4619 3039 famae

2665 3078 2824 3124 suae
2887 3055 3307 3140 respondeat,
3384 3059 3543 3123 satis
3606 3078 3918 3141 magnam
3982 3057 4204 3123 dotem
4259 3059 4403 3124 sine
4481 3058 4620 3125 ulla

2664 3144 2942 3227 pecunia
2975 3163 3197 3208 secum
3233 3141 3500 3208 adferet.
3586 3144 3866 3210 Mirifice
3901 3144 4077 3209 enim
4122 3143 4619 3211 commendatur

2665 3228 2748 3294 ab
2790 3228 2874 3294 iis
2915 3229 3027 3311 qui
3070 3238 3334 3294 norunt.
3421 3227 3495 3293 Si
3542 3230 3778 3306 veniet,
3824 3228 3997 3313 quod
4033 3239 4211 3296 certo
4253 3250 4615 3313 speramus,
4667 3275 4677 3285 -

2666 3317 2934 3399 nuptiae
2969 3335 3105 3379 non
3139 3316 3316 3380 ult-ra
3349 3313 3671 3380 decimum
3714 3312 3886 3381 diem
3919 3316 4149 3381 Martii
4183 3316 4614 3400 proferentur.

2663 3401 2938 3468 Utinam
2973 3408 3133 3467 tunc
3167 3400 3446 3478 adesses,
3485 3407 3559 3466 ut
3592 3401 4005 3468 benediceres
4026 3411 4249 3468 nostro
4288 3401 4613 3487 coniugio.

2664 3485 2802 3553 Sed
2845 3487 2998 3570 quia
3038 3493 3106 3551 te
3150 3508 3325 3552 anno
3368 3487 3720 3569 praeterito
3761 3488 3913 3571 plus
3947 3490 4108 3554 satis
4141 3488 4435 3572 fatigavi,
4480 3508 4615 3553 non

2662 3571 2872 3638 audeo
2905 3592 3158 3656 rogare.
3248 3572 3324 3637 Si
3369 3572 3519 3655 quis
3561 3581 3784 3638 tamen
3818 3595 3904 3639 ex
3938 3573 4253 3639 fratribus
4286 3573 4360 3638 in
4396 3574 4616 3638 animo

2662 3659 2936 3724 haberet
2987 3679 3109 3724 nos
3159 3658 3464 3737 invisere,
3519 3659 3798 3743 optarim
3854 3668 3931 3726 ut
3984 3680 4062 3725 eo
4117 3669 4428 3743 tempore,
4485 3680 4614 3742 quo

2663 3747 2839 3811 vices
2883 3753 3030 3809 tuas
3065 3745 3411 3810 sufficeret.
3482 3742 3878 3826 Quanquam
3915 3746 4267 3812 ridiculum
4303 3766 4411 3811 me
4444 3744 4613 3812 facio

2662 3832 2721 3897 si
2756 3832 3103 3914 contigerit
3146 3850 3250 3894 me
3294 3831 3426 3895 ista
3464 3849 3581 3912 spe
3624 3829 3936 3896 decidere.
4006 3829 4141 3897 Sed
4185 3832 4339 3914 quia
4379 3830 4610 3896 Domi·

2663 3938 2836 4069 gunli)
2859 3917 3025 3981 mihi
3060 3915 3441 3981 adfuturum
3476 3914 3751 3996 confido,
3787 3916 4061 3999 perinde
4094 3939 4170 3984 ac
4207 3917 4288 3983 de
4323 3937 4396 3982 re
4430 3925 4612 3983 certa

2707 4003 2792 4067 eli
2838 4023 2965 4067 ero.

2834 4086 3060 4153 Redeo
3112 4086 3196 4151 ad
3252 4086 3583 4170 publicum
3641 4095 3906 4154 statum.
3996 4087 4327 4169 Quoniam
4374 4087 4610 4154 Caesar

2664 4196 2784 4258 per
2823 4172 3250 4240 Londensem
3263 4173 3325 4254 ὅ)
3379 4171 3698 4238 indicavit
3753 4174 4000 4240 nostris
4052 4174 4485 4257 principibus,
4538 4193 4610 4238 se

2664 4259 2744 4325 de
2789 4270 3120 4325 conventu
3174 4257 3479 4323 habendo
3535 4259 3881 4325 consilium
3938 4280 4074 4324 non
4129 4260 4469 4338 abiecisse,
4523 4276 4610 4323 ne

2660 4345 2968 4428 imparati
3027 4342 3633 4426 deprehendantur,
3702 4347 4038 4411 iusserunt
4089 4343 4610 4411 Schmalcaldiae

2661 4430 2889 4497 adesse
2930 4430 3180 4513 aliquot
3221 4429 3515 4494 eruditos
3556 4431 3733 4496 viros
3777 4431 3891 4513 qui
3935 4430 4018 4496 de
4060 4430 4287 4497 ordine
4330 4430 4610 4497 actionis

2663 4516 3025 4599 dispiciant.
3115 4515 3408 4581 Bucerus
3458 4523 3611 4581 ante
3665 4516 4052 4581 vicesimum
4111 4517 4307 4581 huius
4359 4516 4608 4582 mensis

2662 4624 2738 4668 eo
2784 4603 3194 4685 profecturus
3236 4610 3353 4666 est.
3444 4602 3612 4667 Vale
3626 4653 3643 4680 ‚
3690 4602 3895 4667 frater
3947 4602 4370 4685 optatissime.
4470 4603 4607 4668 Do-

2660 4689 2881 4754 minus
2936 4695 3003 4753 te
3054 4686 3343 4770 aliosque
3395 4707 3623 4753 omnes
3680 4695 3828 4753 tuos
3889 4688 4173 4772 collegas
4237 4693 4606 4754 conservet:

2704 4794 2825 4839 uos
2866 4794 3012 4838 meo
3047 4773 3314 4838 nomine
3347 4774 3794 4838 amantissime
3837 4773 4172 4854 salutabis,
4219 4773 4607 4839 nominatim

2661 4796 3114 4941 &spumidum
3136 4859 3189 4943 ⁹)
3233 4856 3605 4924 Gon-derium
3640 4868 4129 4942 praeceptorem
4163 4879 4405 4940 meum,
4447 4859 4608 4925 Tho-

2868 5043 3213 5109 ffiAmiens.
3300 5042 4408 5116 Dehocoommmoraubm,
4470 5062 4607 5102 m

2659 5129 2842 5171 nuso
2874 5114 3154 5170 Ianuario
3188 5112 3505 5181 Imperator
3546 5131 3617 5172 ex
3649 5115 3945 5184 Hispan-’a
3975 5117 4233 5188 Belaimm
4268 5121 4465 5186 peu-u
4498 5113 4605 5174 azo·-

2660 5190 2794 5254 Μ
2825 5182 2943 5318 ³220:
2966 5182 3622 5320 artam-⁶⁶
3653 5184 3859 5252 m

2864 5321 2919 5390 8)
2952 5321 3190 5446 ledaeum
3223 5335 3389 5402 ωριωη
3420 5323 3488 5377 ιὀι
3520 5326 3792 5377 comm
3824 5320 4329 5392 maneum-douai.

2864 5391 2927 5458 9)
3023 5405 3137 5446 unc
3168 5396 3428 5448 mat
3461 5390 3594 5448 σαί.
3615 5393 3732 5460 111,
3765 5392 3841 5448 B.
3875 5391 3948 5450 8..
3974 5397 4028 5447 at
4058 5390 4295 5460 And-u.
