5050 6167
653 347 783 413 435
2210 332 2738 401 EPISTOLAE
2780 332 3116 397 420-421
4542 331 4664 396 436

827 531 917 597 D.
975 529 1214 597 Ioanni
1269 527 1550 596 Oalvino
1605 524 2021 593 Genevensis
2074 523 2381 590 ecclesiae
2441 521 2612 586 inte-

661 619 948 706 gerrimo
988 616 1235 703 pastori
1280 624 1347 680 et
1387 613 1576 680 fratri
1619 614 1692 678 in
1734 610 2002 678 Christo
2044 608 2480 675 ornatissimo.

1973 713 2302 780 Genevae.

657 890 925 959 Coelius
984 886 1331 956 Secundus
1386 886 1588 953 Curio
1642 884 1880 950 Ioanni
1937 882 2215 950 Calvino
2276 880 2346 947 S.
2398 881 2475 946 P.
2522 881 2608 945 D.

1241 993 1359 1057 per
1402 970 1745 1039 Christum
1786 970 2027 1036 Iesum.

828 1110 1054 1194 Quum
1096 1109 1392 1175 redditae
1433 1127 1473 1172 a
1505 1117 1575 1172 te
1617 1108 1845 1172 literae
1888 1117 2109 1171 essent
2144 1105 2366 1181 Vireto,
2412 1124 2610 1187 prop-

654 1211 838 1264 terea
878 1195 1050 1281 quod
1091 1194 1348 1260 nullam
1380 1195 1453 1258 in
1493 1193 1601 1257 his
1646 1193 1728 1257 de
1762 1213 1868 1256 me
1900 1193 2299 1256 mentionem
2340 1190 2606 1265 faceres,

655 1282 1070 1369 gravioribus
1113 1289 1182 1346 te
1234 1290 1617 1362 occupatum
1661 1278 1859 1344 rebus
1902 1298 2048 1342 esse
2087 1277 2313 1359 putav-i
2331 1326 2347 1354 ,
2408 1294 2607 1358 quam

655 1377 733 1434 ut
786 1369 921 1434 mei
974 1387 1199 1450 posses
1259 1364 1652 1430 meminisse.
1771 1361 1994 1443 Quare
2050 1382 2255 1445 quum
2319 1369 2396 1426 ιιι
2456 1371 2608 1425 tuae

654 1454 865 1519 nostri
910 1454 1294 1530 memoriae,
1349 1459 1492 1515 tum
1547 1449 1778 1532 pietati
1820 1468 1978 1533 erga
2034 1455 2099 1513 te
2141 1467 2325 1512 meae
2369 1467 2604 1512 consu·

654 1540 880 1616 leram,
925 1538 1246 1603 nuncium
1288 1536 1595 1601 idoneum
1631 1541 1864 1601 nactus
1907 1533 1990 1597 ad
2034 1543 2099 1597 te
2144 1533 2339 1598 hasce
2379 1532 2607 1596 literas

654 1624 880 1689 statim
938 1624 1223 1687 exaravi.
1324 1620 1538 1687 Credo
1603 1628 1669 1684 te
1724 1641 1811 1684 ex
1884 1619 2083 1684 Vir-eti
2145 1616 2354 1683 literis
2409 1618 2605 1681 intel-

655 1710 912 1788 lexisse,
955 1707 1111 1792 quid
1155 1707 1236 1773 de
1273 1705 1467 1771 rebus
1500 1706 1745 1771 nostris
1782 1711 2000 1770 actum
2035 1705 2147 1769 sit:
2177 1703 2224 1789 ¹)
2260 1724 2380 1769 nec
2414 1702 2603 1786 quid-

655 1815 852 1878 quam
896 1793 1145 1859 scilicet
1185 1792 1314 1857 nisi
1355 1790 1521 1856 illud
1564 1811 1876 1874 magnum
1935 1787 2199 1872 quidem
2243 1799 2310 1854 et
2351 1789 2604 1872 praeci-

652 1900 862 1964 puum
906 1891 1007 1944 est
1063 1877 1266 1961 (quod
1309 1876 1495 1942 facile
1539 1876 1833 1949 credam)
1889 1896 2008 1941 nos
2063 1876 2316 1941 cunctis
2372 1874 2603 1938 minis-

652 1977 906 2030 trorum
928 1963 1261 2047 suffragiis
1297 1982 1441 2028 esse
1476 1962 1950 2045 comprobatos.
2007 1959 2361 2026 Caeterum
2397 1980 2604 2042 quum

650 2058 931 2133 praetor,
978 2049 1061 2113 ad
1105 2069 1300 2131 quem
1353 2068 1461 2113 me
1535 2046 1778 2112 habere
1834 2046 2062 2111 literas
2119 2067 2160 2111 a
2201 2043 2605 2111 Bernatibus

651 2157 785 2201 non
827 2137 1117 2218 ignoras,
1176 2132 1470 2198 nondum
1513 2131 1799 2211 redierit,
1844 2130 1999 2215 quid
2041 2132 2231 2197 nobis
2273 2129 2603 2215 agendum

648 2231 984 2304 praeterea
1016 2221 1119 2296 sit,
1157 2240 1290 2284 non
1333 2218 1523 2284 facile
1565 2218 2016 2301 perspicimus.
2085 2217 2296 2282 Adest
2337 2223 2601 2281 autum-

648 2327 790 2384 nus,
836 2313 906 2370 et
943 2304 1202 2388 quidem
1248 2305 1407 2369 satis
1449 2303 1730 2380 adultus,
1787 2312 1856 2368 et
1897 2322 2075 2382 mox,
2135 2310 2212 2367 ut
2249 2303 2342 2366 ait
2382 2302 2600 2367 Hora-

647 2393 808 2466 tius,
866 2392 1099 2456 bruma
1137 2390 1418 2455 recurrit
1471 2388 1669 2454 iners.
1758 2387 1929 2453 Mihi
1973 2409 2134 2453 vero
2178 2399 2246 2452 et
2286 2387 2490 2469 Alpes
2534 2393 2602 2451 et

645 2476 983 2559 Apennini
1016 2477 1173 2558 iuga
1206 2475 1306 2541 bis
1342 2481 1496 2539 ante
1531 2472 1576 2537 h
1624 2494 1836 2539 emem
1872 2473 2244 2555 superanda
2276 2475 2518 2538 forent:
2545 2471 2600 2557 ²)

646 2562 820 2645 quod
853 2563 923 2627 ni
957 2562 1186 2638 fecero,
1222 2560 1548 2626 incommo
1669 2560 2063 2644 gravissima
2097 2567 2597 2642 consequentur.

643 2648 817 2713 Nam
874 2667 1084 2730 neque
1141 2646 1450 2712 ecclesiae
1505 2645 1634 2709 Dei
1685 2646 2005 2711 inservire
2048 2665 2260 2727 neque
2311 2644 2599 2709 familiae

642 2754 867 2799 curam
912 2730 1154 2798 habere
1197 2731 1406 2796 ullam
1462 2738 1708 2813 potero.
1798 2732 2018 2813 Atque
2071 2730 2327 2796 interea
2368 2749 2599 2794 omnes

641 2818 955 2884 fratribus
998 2817 1181 2882 oneri
1236 2836 1381 2882 esse
1431 2835 1758 2900 cogemur.
1849 2814 2041 2897 Quod
2101 2836 2301 2898 quam
2342 2815 2597 2880 invitus

639 2905 874 2971 faciam
892 2954 908 2981 ,
968 2903 1157 2968 testis
1212 2909 1316 2967 est
1368 2921 1574 2984 quum
1625 2921 1773 2966 mea
1826 2902 2035 2984 ipsius
2091 2901 2488 2967 conscientia
2530 2907 2600 2965 et

639 2990 857 3073 pudor
898 2989 1229 3073 ingenuus
1270 2986 1537 3070 quidam
1578 3007 1784 3062 meus,
1829 2994 1973 3050 tum
2008 2987 2192 3052 Deus
2233 3008 2426 3070 quem
2463 2986 2597 3069 spi-

641 3077 957 3156 ritujmeo
979 3085 1175 3156 atque
1209 3073 1430 3139 animo
1465 3071 1621 3138 colo.
1688 3072 1817 3138 His
1861 3093 2000 3156 ege,
2028 3071 2288 3138 Calvino
2329 3071 2594 3155 optime,

641 3161 1000 3244 distringor
1043 3159 1393 3242 angustiis,
1448 3158 1685 3241 quibus
1728 3157 1906 3223 aliud
1950 3156 2209 3224 nullum
2251 3157 2447 3223 video
2489 3179 2595 3222 re-

637 3245 930 3311 medium
973 3245 1100 3309 nisi
1144 3255 1219 3309 ut
1251 3245 1543 3308 Bernam
1587 3263 1737 3308 cum
1771 3244 2051 3308 fratrum
2093 3243 2304 3309 literis
2348 3264 2492 3309 eam
2529 3251 2595 3307 et

637 3331 774 3396 illic
838 3329 920 3394 de
984 3349 1210 3395 rerum
1273 3349 1572 3394 mearum
1635 3349 1892 3393 summa
1967 3348 2116 3393 cum
2186 3328 2595 3412 principibus

639 3436 850 3500 agam.
870 3417 926 3492 ⁸)
1016 3413 1200 3495 Quos
1242 3416 1299 3479 si
1345 3414 1673 3479 Dominus
1728 3414 1916 3480 nobis
1959 3414 2275 3497 propitios
2320 3413 2591 3491 dederit,

638 3502 712 3566 in
752 3500 1019 3566 Italiam
1062 3500 1334 3565 evolabo
1376 3510 1453 3563 ut
1494 3498 1648 3563 inde
1689 3520 1964 3565 uxorem
2008 3500 2412 3565 carissimam
2455 3520 2594 3564 una

637 3607 791 3654 cum
827 3584 1225 3651 dulcissimis
1258 3582 1483 3649 liberis
1519 3583 1855 3650 adducam.
1923 3583 2045 3650 Sin
2089 3586 2258 3650 nihil
2300 3586 2428 3650 erit
2460 3605 2592 3666 quo

636 3672 941 3738 exsilium
976 3678 1275 3735 nostrum
1312 3669 1511 3734 solari
1544 3671 1885 3751 possimus,
1930 3670 2202 3735 Domini
2240 3670 2311 3735 in
2353 3691 2593 3736 manus

637 3758 944 3840 spiritum
999 3753 1466 3820 commendabo
1507 3775 1727 3820 meum
1746 3806 1761 3832 ,
1817 3777 1950 3821 non
2005 3756 2197 3821 aliter
2248 3775 2325 3821 ac
2366 3754 2592 3821 David

637 3843 789 3907 fecit
830 3862 1032 3924 quum
1069 3861 1110 3905 a
1130 3838 1335 3906 Saule
1367 3840 1773 3923 interceptus
1813 3852 1882 3906 et
1923 3841 2407 3907 circumventus
2440 3839 2591 3905 nul-

637 3929 772 3992 lam
814 3925 1136 3993 evadendi
1188 3926 1368 3991 viam
1422 3926 1768 3992 inveniret.
1858 3927 1959 3992 'Pu
2001 3927 2288 4005 interim,
2345 3927 2591 4010 optime

636 4013 857 4092 frater,
915 4011 1131 4077 orabis
1173 4019 1430 4094 patrem
1472 4019 1548 4076 ut
1589 4010 1777 4077 nobis
1818 4012 1887 4076 in
1934 4013 2138 4077 tantis
2182 4011 2589 4079 difficultati·

636 4100 761 4164 bus
800 4096 1026 4163 adesse
1071 4096 1260 4176 velit,
1316 4117 1444 4180 quo
1497 4096 1678 4162 illius
1731 4097 2091 4163 bonitatem
2143 4096 2319 4182 apud
2361 4118 2590 4164 omnes

637 4183 1096 4267 depraedicare
1136 4182 1479 4265 possimus.
1569 4181 1646 4248 Si
1687 4181 1842 4265 quid
1884 4182 1958 4247 in
1999 4183 2263 4248 Italiam
2307 4185 2589 4249 scribere

637 4268 823 4352 cupis
837 4319 853 4348 ,
907 4277 1068 4352 puta
1120 4267 1205 4333 ad
1251 4268 1561 4333 Renatam
1602 4267 1923 4333 Franciae
1936 4319 1953 4346 ,
2009 4268 2372 4352 principem
2415 4270 2588 4353 opti-

635 4373 848 4429 mam,
908 4375 1025 4418 seu
1070 4352 1153 4418 ad
1195 4353 1625 4419 Franciscum
1661 4351 2133 4436 Richardotum‚
2151 4356 2211 4436 ⁴)
2250 4355 2585 4421 hominem

670 4555 1613 4625 420.1)mwmcsprofessorisin
1663 4557 1883 4626 collegio
1935 4559 2582 4614 Laasamonsieiob·

636 4624 1661 4690 latumfiaeratascnatuBev-nonsi.

842 4693 904 4760 2)
932 4693 1010 4748 ad
1054 4708 1280 4748 umorem
1324 4699 1377 4748 et
1406 4695 1607 4749 liberos
1640 4709 1779 4762 quos
1813 4696 2037 4750 Laecae
2069 4696 2368 4765 reliquerat
2400 4696 2581 4752 addu-

636 4899 678 4955 Ι
766 4803 1168 4965 ‘'insius-em?
1217 4830 2583 4898 finemutsffiivmiaconcederewritinmsin

842 4968 1634 5038 4)MiseBm9uudia
1684 4969 1989 5037 oriundus,
2043 4970 2233 5026 ordini
2287 4973 2580 5028 Minoo-mn

637 5036 1213 5161 Ἥηυρεν
1239 5038 1526 5105 professor
1545 5107 1557 5119 ·
1769 5039 1791 5118 J
1896 5040 2138 5095 Tor-naci
2175 5041 2240 5094 in
2272 5041 2577 5112 Flandria,

636 5110 946 5229 ‘iam
1047 5121 1214 5230 ’5422
1252 5111 1671 5247 mm
1504 5177 1515 5189 ·
1532 5123 1598 5161 ”⁸
1641 5109 1684 5189 ¹·
1715 5110 2580 5250 Bmmmmd‘fflm'm

641 5243 776 5297 1561
810 5192 1107 5314 φωὲορῗῗε
1139 5243 1300 5314 apua
1331 5245 1620 5303 Atratum
1652 5246 1943 5318 (ιοωιιη).
2451 5222 2472 5251 '
2519 5199 2576 5237 α’

2717 517 3170 584 doctissimum
3212 518 3442 602 tuique
3482 517 4035 598 amantissimum,
4090 524 4207 584 aut
4248 518 4480 598 alium,
4537 518 4666 585 fas-

2716 603 3001 670 ciculum
3056 603 3185 670 huc
3241 604 3327 670 ad
3370 603 3674 668 Viretum
3732 604 3971 669 mittes.
4070 603 4202 670 Hic
4244 605 4420 670 enim
4462 604 4667 670 futuri

2717 710 2944 756 sumus
2979 710 3183 773 usque
3226 689 3309 755 ad
3352 687 3514 753 Idus
3537 686 3942 772 Septembris
3986 689 4069 753 ad
4114 711 4463 756 summum.
4531 688 4666 755 Sed

2715 782 2941 840 tamen
2983 774 3244 842 curabis
3287 787 3363 841 ut
3403 773 3516 840 vel
3557 783 3711 840 ante
3745 774 3905 840 Idus
3938 774 4115 857 ipsas
4158 776 4345 841 nobis
4385 773 4665 841 reddan-

2717 867 2843 925 tur.
2931 861 3285 927 Praeterea
3330 861 3540 926 Tur-ca
3581 867 3821 937 noster,
3865 867 3941 924 ut
3982 862 4163 939 scias,
4209 869 4313 927 est
4346 861 4664 939 Basileae,

2715 953 2794 1011 ut
2858 967 2945 1011 ex
3003 946 3216 1011 literis
3279 946 3487 1029 ipsius
3550 945 3745 1011 hodie
3810 953 3879 1010 et
3943 945 4067 1012 hoc
4122 948 4365 1013 nuncio
4426 948 4663 1030 accepi.

2712 1031 2883 1097 Illuc
2924 1033 3101 1097 enim
3145 1053 3185 1096 a
3228 1032 3566 1116 Tigurinis
3622 1030 3934 1097 fratribus
3977 1033 4216 1098 missus
4259 1054 4411 1099 cum
4455 1032 4665 1097 literis

2713 1116 3262 1183 commendatitiis
3317 1127 3448 1196 est,
3493 1117 3629 1181 iam
3672 1129 3829 1183 sunt
3870 1117 4063 1181 multi
4107 1117 4276 1196 dies,
4332 1130 4402 1184 et
4443 1126 4665 1183 tamen

2713 1202 3006 1268 nondum
3040 1203 3180 1269 eius
3215 1201 3714 1269 necessitatibus
3749 1210 4187 1286 prospectum.
4245 1203 4667 1288 Quapropter

2710 1308 2868 1372 rogo
2910 1296 2986 1354 ut
3029 1288 3112 1353 ad
3156 1289 3474 1354 Bucerum
3516 1288 3764 1354 scribas
3818 1294 3894 1353 ut
3946 1288 4047 1353 illi
4089 1289 4335 1367 faveat,
4395 1299 4463 1356 et
4512 1310 4663 1373 por-

2711 1374 2956 1440 tionem
2998 1374 3284 1457 aliquam
3329 1375 3469 1439 eius
3510 1373 3855 1457 pecuniae,
3913 1394 4108 1457 quam
4150 1395 4227 1440 eo
4269 1375 4537 1440 nomine
4581 1396 4662 1441 ex

2709 1459 2908 1525 Italia
2962 1481 3139 1525 anno
3183 1461 3518 1543 superiore
3566 1460 3831 1542 accepit,
3876 1459 3960 1523 ad
4005 1459 4193 1524 illum
4239 1461 4660 1527 transmittat.

2709 1545 2884 1610 Nam
2928 1546 3063 1611 scio
3116 1546 3309 1610 illum
3367 1566 3577 1630 egere.
3667 1544 3747 1609 Id
3792 1545 3849 1608 si
3890 1545 4119 1611 feceris
4163 1547 4290 1610 erit
4329 1546 4496 1611 mihi
4538 1547 4663 1612 mi-

2710 1652 2858 1695 rum
2914 1630 2985 1695 in
3051 1629 3318 1696 modum
3385 1638 3664 1714 gratum.
3755 1627 3833 1695 Si
3898 1629 3982 1695 ad
4044 1631 4259 1713 ipsum
4324 1631 4664 1715 Georyium

2708 1716 2935 1781 literas
2979 1715 3136 1782 dare
3179 1717 3461 1800 placeat,
3517 1717 3743 1781 mittes
3785 1715 3869 1781 ad
3919 1715 4280 1798 oporinum.
4369 1718 4440 1784 Is
4484 1718 4663 1782 enim

2708 1802 2821 1867 ubi
2890 1801 3197 1886 Georgius
3274 1800 3617 1867 diverterit
3691 1802 3894 1867 novit.
4006 1801 4163 1867 Vale
4240 1824 4360 1887 per
4436 1803 4662 1869 Iesum

2707 1885 3064 1966 Christum,
3110 1894 3178 1952 et
3220 1887 3559 1953 ecclesiam
3594 1886 4014 1952 domesticam
4057 1909 4203 1954 meo
4243 1889 4512 1955 nomine
4557 1910 4663 1956 sa·

2704 1971 2863 2037 luta.
2952 1972 3350 2039 Lausannae
3395 1978 3431 2034 7
3476 1972 3639 2038 Idus
3683 1971 4094 2057 Septembris
4152 1977 4330 2039 1542.

3600 2499 3747 2571 421.

3232 2653 3706 2721 GALVINUS
3750 2654 4120 2721 VIRETO.
4171 2753 4186 2766 θ

2873 2841 3274 2910 Decanorum
3316 2843 3385 2907 in
3428 2847 3721 2908 conventu
3762 2840 4078 2910 Beruensi
4133 2845 4402 2911 nimiam
4443 2847 4659 2930 facili-

2700 2932 2886 2995 tatem
2928 2931 3001 2994 in
3042 2927 3397 3009 accipiendo
3438 2932 3695 2993 senatus
3726 2929 3994 2994 consulto
4025 2949 4230 2996 severe
4261 2934 4654 3085 persis-izit.

2707 3013 3101 3082 castellionis
3157 3014 3500 3079 versionem
3556 3013 3885 3079 bibliorum
3922 3014 4223 3100 yallicam
4257 3018 4462 3084 invita
4598 3022 4656 3086 i-

2698 3121 2894 3167 nerva
2935 3100 3243 3185 inceptam
3283 3104 3473 3166 notat.

2699 3296 2807 3364 (Ex
2841 3296 3177 3366 autographo
3214 3294 3345 3349 Ood.
3383 3294 3545 3349 Goth.
3581 3292 3702 3362 404,
3739 3295 3828 3349 fol.
3848 3295 3898 3349 6.
3974 3297 4129 3362 Quod
4164 3299 4303 3353 duae
4336 3317 4529 3355 manus
4564 3318 4653 3357 re·

2695 3369 3086 3430 tractaverunt,
3123 3365 3299 3420 altera
3332 3364 3624 3433 antiquior,
3660 3365 3837 3418 Bezae
3860 3370 4009 3434 puta,
4046 3383 4186 3436 quae
4218 3373 4431 3437 partem
4466 3377 4653 3438 poste·

2697 3434 2898 3517 riorem
2933 3434 3199 3504 epistolae
3216 3433 3551 3554 canceElgavit,
3588 3434 3861 3514 recentior
3894 3434 4067 3488 altera
4102 3452 4240 3505 quae
4267 3437 4495 3519 editoris
4529 3456 4652 3494 cor-

2695 3509 2966 3625 aff?
2980 3508 3297 3651 ‚ttss‘ffl
3331 3587 3385 3638 p.
3418 3506 3782 3636 amam?
3806 3519 3899 3651 133¹?
3938 3505 4232 3627 ''⁰⁸33AE
4259 3513 4651 3643 1¹2¹.⁰¹f¹‚o¹,¹²2⁰5‘⁸’.÷.

2694 3656 2749 3709 p.
2784 3638 2871 3692 23.
3081 3655 3202 3708 ipso
3236 3644 3364 3692 auto
3464 3637 3575 3719 pho
3621 3638 3956 3693 emendatius
4003 3640 4177 3696 edidit
4223 3642 4652 3700 Bretschneider

2736 3748 2747 3760 .
2785 3706 2837 3765 7.
2875 3737 2938 3748 -
2975 3709 3022 3761 A
3094 3656 3577 3789 graphonffgrssxtur
3610 3706 3740 3761 Cod.
3779 3706 3922 3788 {11⁸0
3958 3708 4049 3762 fol.
4084 3709 4135 3763 4.
4208 3712 4403 3767 Vei-sio
4438 3715 4651 3785 anglica

2696 3725 2762 3832 ξ’.
2793 3776 2836 3831 Ι.
2881 3793 2933 3846 p.
2967 3723 3099 3841 32¹4,ss
3146 3792 3257 3829 non
3313 3792 3420 3829 nisi
3464 3780 3677 3844 partem
3720 3777 3983 3845 epistolae
4028 3778 4265 3834 exhibet.
4348 3782 4429 3835 Of.
4477 3784 4647 3837 etiam

3332 3843 3736 3914 Hundeshagen
3771 3862 3824 3913 p.
3863 3843 4008 3912 169.)

2690 4058 2892 4123 Petro
2934 4056 3165 4122 Vireto
3208 4057 3705 4124 Lausannensis
3753 4058 4064 4126 ecelesiae
4112 4063 4359 4143 pastori
4400 4062 4646 4132 fidelis-

2860 4142 3046 4222 simo,
3090 4142 3297 4208 amico
3342 4151 3411 4208 et
3452 4143 3637 4209 fratri
3683 4144 4108 4229 singulariter
4148 4145 4397 4215 dilecto.
4424 4151 4476 4226 ¹)

2861 4278 3083 4343 Tertio
3129 4275 3264 4356 die,
3322 4297 3407 4342 ex
3450 4299 3580 4362 quo
3630 4280 3751 4346 tibi
3793 4281 4200 4364 scripseram,
4227 4284 4287 4367 ²)
4329 4287 4515 4349 venit
4555 4284 4643 4349 ad

2687 4384 2794 4429 me
2850 4363 3113 4429 Iacobus
3131 4366 3189 4441 ⁸)
3252 4363 3537 4429 decanus
3593 4365 3902 4431 Gaiensis
3959 4388 4034 4432 ac
4090 4366 4249 4450 quid
4300 4368 4640 4444 Bernae⁴)

2685 4457 2903 4515 actum
2947 4457 3136 4526 esset,
3177 4448 3465 4515 breviter
3507 4452 3830 4534 exposuit.
3918 4451 4088 4517 Mihi
4132 4474 4310 4533 vero,
4366 4464 4441 4519 ut
4480 4458 4639 4521 sim·

2684 4535 2941 4618 pliciter
2994 4535 3115 4601 tibi
3170 4534 3344 4617 quod
3401 4535 3611 4601 sentio
3665 4538 3898 4613 fatear,
3955 4559 4365 4621 summopere
4416 4542 4641 4610 omnia

2684 4620 3046 4704 displicent.
3157 4619 3264 4685 De
3329 4631 3593 4686 senatus
3658 4621 3954 4688 consulto
3970 4624 4029 4700 ὅ)
4108 4622 4317 4690 dicam
4388 4637 4633 4709 postea.

2716 4910 2847 4972 421,
2887 4910 2941 4980 1)
2976 4909 3284 4979 Inscriptio
3317 4910 3469 4965 abest
3513 4911 3584 4964 ab
3630 4910 3752 4964 edd.
3788 4911 3892 4966 Bt.
3929 4912 4122 4969 Seu-ior
4153 4917 4635 4985 macuti-oute

2683 4980 2824 5046 (non
2855 4979 3060 5111 ἰξίαν·
3097 4985 3223 5103 {lg
3254 4980 3358 5034 Br.
3393 4979 3553 5048 dicit)
3588 4979 3840 5034 addidit:
3876 4981 4044 5037 Petro
4079 4983 4335 5039 Tossano.

2883 5117 2946 5184 3)
2982 5118 3207 5172 Iacobus
3242 5118 3476 5172 decanus
3512 5117 3778 5173 Gaiensis.
3846 5119 3950 5174 Ba.
3983 5120 4333 5190 simpliciter:
4370 5124 4441 5178 N.

2884 5185 2947 5321 ii
2984 5256 3163 5310 edicto
3198 5186 3335 5310 Βε..
3455 5201 3526 5256 M
3787 5205 3827 5243 α
3858 5189 3966 5247 Μ’
