5050 6167
663 406 783 468 431

667 588 936 673 Optimo
990 597 1183 672 atque
1241 588 1410 653 mihi
1466 588 1859 654 amicissimo
1913 588 2100 653 fratri
2147 589 2344 653 Petro
2387 587 2619 651 Vireto

808 674 1305 740 Lausannensis
1349 673 1661 740 ecclesiae
1701 674 1950 756 pastori
1991 672 2389 738 fidelissimo.
2426 676 2476 746 ¹)

840 845 1113 911 Utinam
1157 845 1321 909 mihi
1379 845 1510 909 iam
1567 844 1858 909 redditae
1914 853 2135 910 essent
2175 853 2331 910 tuae
2387 841 2621 907 literae

669 951 832 1016 quas
895 933 964 995 18
1028 931 1263 996 itinere
1325 951 1468 995 esse
1524 951 1656 995 non
1713 929 1953 995 dubito.
2047 930 2214 994 Nam
2273 929 2395 993 etsi
2448 928 2621 993 nihil

672 1018 824 1083 laeti
858 1017 930 1081 in
967 1016 1099 1082 illis
1133 1024 1456 1099 exspecto,
1503 1023 1725 1081 tamen
1763 1015 1884 1081 hoc
1926 1017 2140 1098 ipsum
2178 1013 2480 1080 nonnihil
2514 1035 2621 1078 me

669 1104 929 1168 iuvaret
983 1100 1229 1185 aliquid
1281 1102 1441 1166 certi
1495 1121 1882 1184 cognoscere
1942 1101 2023 1165 (18
2078 1110 2255 1166 8ι8ι8
2310 1100 2621 1166 888188188

671 1188 1051 1254 Bernensis.
1081 1191 1140 1270 2)
1225 1187 1423 1253 Nunc
1476 1187 1758 1253 scribere
1816 1206 2011 1270 cogor
2055 1185 2135 1250 de
2181 1207 2254 1250 re
2295 1185 2461 1249 mihi
2518 1187 2619 1249 in-

672 1274 946 1359 cognita,
1003 1294 1124 1338 nec
1167 1282 1388 1338 tamen
1431 1272 1596 1336 mihi
1641 1282 2005 1355 temperare
2048 1292 2211 1355 queo
2255 1271 2415 1354 quin
2459 1273 2621 1336 scri-

672 1360 843 1425 bam.
945 1358 1161 1423 Audio
1239 1365 1543 1424 evocatos
1620 1359 1819 1423 fuisse
1883 1357 2175 1422 Bernam
2193 1360 2248 1434 ³)
2314 1356 2621 1421 classium

673 1445 964 1510 omnium
1010 1442 1306 1520 decanos,
1353 1454 1428 1508 ut
1466 1442 1734 1508 audiant
1765 1442 2081 1526 quidnam
2125 1441 2206 1506 de
2248 1463 2451 1508 coena
2484 1442 2622 1506 Do-

673 1531 839 1596 mini
881 1529 1183 1594 statuerit
1225 1540 1506 1595 senatus.
1533 1531 1591 1604 ⁴)
1677 1528 1862 1594 Nihil
1919 1527 2215 1593 dicturus
2257 1548 2401 1593 sum
2449 1525 2623 1610 quod

675 1627 747 1681 ι8
791 1635 924 1679 888
983 1616 1115 1679 iam
1170 1617 1329 1681 satis
1373 1634 1698 1699 superque
1741 1615 2132 1680 meditatum
2177 1612 2353 1696 apud
2396 1623 2462 1678 te
2503 1611 2622 1677 ha-

673 1701 846 1766 beas.
936 1700 1327 1785 Magnitudo
1384 1708 1604 1765 tamen
1661 1701 1807 1783 ipsa
1847 1720 2083 1767 causae
2137 1709 2353 1765 tacere
2396 1720 2504 1764 me
2548 1719 2624 1763 ac

674 1787 1006 1870 quiescere
1071 1807 1201 1851 non
1274 1788 1538 1869 patitur.
1652 1785 1803 1851 Duo
1881 1786 1987 1851 hic
2050 1783 2405 1868 spectanda
2482 1805 2622 1849 esse

675 1870 889 1937 vides:
938 1882 1176 1936 statum
1218 1872 1436 1955 ipsum
1474 1870 1871 1954 quaestionis
1906 1882 1973 1936 et
2004 1872 2326 1936 rationem
2361 1869 2621 1953 agendi,

676 1977 842 2041 quae
896 1957 1135 2040 partim
1194 1979 1277 2022 ex
1351 1958 1858 2023 circumstantiis
1915 1957 2173 2040 pendet.
2263 1957 2367 2021 De
2426 1975 2625 2020 causa

673 2064 806 2108 non
861 2063 1021 2124 opus
1079 2055 1179 2107 est
1235 2055 1298 2106 te
1355 2063 1619 2107 monere
1673 2051 1748 2108 ut
1812 2063 1960 2108 cum
2018 2041 2261 2107 decano
2318 2048 2539 2106 vestro
2563 2041 2623 2122 ὁ)

678 2127 1024 2212 diligenter
1066 2129 1380 2193 conferas.
1447 2127 1595 2194 Hoc
1637 2137 1856 2193 tamen
1891 2128 2092 2192 velim
2135 2128 2255 2192 tibi
2299 2147 2493 2192 curae
2538 2126 2626 2191 sit

678 2212 850 2297 apud
889 2233 1039 2277 eum
1061 2214 1333 2290 efficere,
1378 2220 1457 2277 ut
1491 2213 1665 2297 apud
1698 2234 2121 2297 quoscunque
2155 2212 2459 2362 loquatur
2492 2232 2626 2276 non

678 2297 931 2364 dubitet
967 2297 1088 2363 hoc
1130 2307 1441 2365 testatum
1490 2299 1886 2383 relinquere:
1934 2320 2068 2364 non
2116 2320 2221 2363 mo
2267 2319 2306 2363 8
2353 2296 2623 2382 figurari

671 2383 742 2448 in
780 2402 981 2449 coena
1015 2385 1537 2449 communionem
1572 2404 1771 2468 quam
1808 2385 2125 2451 habemus
2160 2406 2310 2450 cum
2334 2382 2621 2460 Christe,

670 2469 784 2534 sed
828 2469 1028 2533 etiam
1082 2468 1397 2548 exhiberi,
1454 2490 1667 2553 neque
1715 2471 1921 2535 verba
1975 2470 2114 2536 illic
2169 2468 2354 2535 nobis
2400 2468 2541 2533 dari
2584 2489 2624 2533 a

670 2556 960 2621 Domino
999 2554 1114 2621 sed
1152 2555 1517 2632 veritatem,
1563 2575 1640 2622 ac
1675 2576 1817 2621 rem
1853 2567 2149 2620 constare
2185 2576 2337 2622 cum
2372 2552 2622 2619 verbis:

669 2640 841 2706 hanc
905 2661 1099 2723 porro
1164 2641 1688 2707 communionem
1745 2661 1881 2707 non
1946 2640 2409 2725 imaginariam
2462 2661 2622 2720 esse,

668 2725 786 2791 sed
829 2747 959 2809 qua
999 2728 1068 2791 18
1106 2747 1313 2791 unum
1349 2746 1587 2810 corpus
1622 2747 1948 2811 unamque
1992 2726 2428 2792 substantiam
2471 2746 2622 2792 cum

667 2812 880 2895 capite
923 2823 1146 2877 nostro
1189 2811 1644 2878 coalescamus.
1733 2812 2068 2880 Excludat
2110 2813 2373 2876 interim
2419 2811 2624 2876 libera

669 2918 830 2963 voce
873 2899 1095 2962 omnia
1132 2896 1433 2976 absurda,
1480 2899 1780 2981 excipiat,
1824 2909 2072 2965 caveat.
2149 2896 2362 2963 Modo
2390 2897 2465 2961 in
2508 2896 2622 2961 illo

670 2984 885 3065 capite
940 2992 1076 3048 tam
1120 2983 1484 3049 necessario
1541 2983 1708 3048 nihil
1753 2992 2083 3049 extenuet.
2172 2983 2402 3066 Neque
2445 2984 2623 3047 enim

670 3068 997 3151 ambiguis
1047 3076 1161 3133 aut
1212 3066 1503 3135 obscuris
1558 3070 1780 3135 verbis
1834 3069 2175 3153 implicare
2230 3069 2385 3134 licet
2452 3067 2622 3150 quod

669 3174 994 3219 summam
1049 3153 1264 3219 lucem
1319 3174 1394 3221 ac
1437 3155 1966 3237 perspicuitatem
2014 3155 2299 3239 requirit.
2388 3154 2473 3218 In
2519 3175 2624 3218 ra-

670 3239 849 3304 tione
1028 3237 1144 3303 ndi
1200 3240 1326 3305 hoc
1382 3240 1750 3323 expendere
1804 3248 2060 3324 oportet
2078 3292 2094 3320 ,
2154 3240 2348 3323 quale
2401 3259 2624 3304 exem-

668 3323 856 3406 plum
895 3258 1136 3388 ffiuri
1191 3326 1330 3390 sint
1373 3324 1632 3404 fratres,
1693 3327 1751 3391 si
1794 3325 2129 3392 doctrinae
2180 3324 2461 3392 iudicem
2504 3325 2623 3390 ha-

670 3409 868 3474 beant
925 3418 1243 3488 senatum,
1272 3411 1331 3493 6)
1385 3419 1460 3475 8ι
1516 3411 1832 3495 quidquid
1886 3413 2182 3478 sanxerit
2225 3411 2623 3495 amplecten-

671 3491 829 3558 dum
909 3494 1210 3576 protinus
1287 3496 1375 3560 sit
1451 3505 1645 3579 atque
1709 3495 2085 3563 habendum
2156 3518 2275 3580 pro
2339 3495 2619 3562 oraculo.

668 3577 885 3660 Quale
929 3600 1005 3645 ac
1048 3589 1365 3662 quantum
1400 3581 1488 3647 sit
1521 3581 1643 3648 hoc
1677 3582 2148 3665 praeiudicium
2184 3582 2267 3647 ad
2307 3590 2619 3666 posteros.

669 3663 868 3730 Certe
907 3664 966 3730 si
1007 3666 1103 3729 ita
1148 3666 1436 3748 patimur
1470 3667 1659 3734 nobis
1701 3668 1931 3752 iugum
1974 3668 2241 3751 imponi,
2285 3665 2622 3750 prodimus

667 3758 901 3816 nostra
965 3750 1480 3817 dissimulatione
1545 3774 1806 3819 sacrum
1871 3753 2312 3820 ministerium
2326 3804 2341 3830 ‚
2409 3773 2621 3835 neque

669 3834 841 3901 hanc
884 3836 1226 3918 perfidiam
1276 3836 1376 3903 vel
1420 3857 1636 3904 coram
1662 3838 1807 3905 Deo
1844 3839 1950 3906 vel
1991 3859 2211 3905 coram
2247 3837 2620 3904 hominibus

668 3941 983 3987 excusare
1039 3922 1416 4005 poterimus.
1505 3925 1760 3990 Verum
1820 3924 2092 3989 minime
2157 3944 2424 3990 necesse
2492 3924 2621 3990 erit

670 4137 1076 4146 ————.

702 4276 1193 4358 417.‚1)Nom
1249 4278 1427 4335 Vinci
1485 4279 1728 4350 adeoque
1790 4282 2209 4351 inscriptionem
2256 4285 2427 4337 totam
2483 4296 2617 4350 sup-

667 4351 934 4480 prmm
971 4389 1227 4496 ecclesiae
1266 4423 1478 4471 vestrae
1514 4417 1668 4473 Edd.

806 4617 818 4629 ⁸
872 4481 935 4618 343
971 4486 1254 4623 ffriiigggsm
1270 4525 1522 4634 Eas}
1566 4554 1666 4610 Eoe
1710 4570 1819 4624 quo
1867 4555 2114 4611 Mero
2145 4561 2355 4638 ‚autore
2399 4562 2615 4638 coutro-

668 4631 855 4698 νοῒ-Μ
900 4618 969 4673 de
1014 4635 1184 4676 com
1226 4622 1530 4691 remdmt,
1587 4623 1831 4679 Gestatus
1881 4625 2186 4680 Ber-msto
2217 4625 2616 4680 lutheranwmo

667 4688 2310 4769 musaqcbaudcmmconfessionmcdiditin
2487 4694 2613 4749 ubi-

667 4761 880 4837 qmgate
910 4764 1131 4825 reseda,
1170 4758 1402 4816 Calvino
1432 4761 1550 4826 fore
1582 4762 1961 4832 adstipulans
2003 4768 2098 4817 est.
2181 4763 2332 4831 (Fae
2378 4764 2444 4818 ὑπ
2487 4779 2615 4845 cen-⁸

666 4829 824 4905 uma
855 4841 911 4896 p.
946 4826 1065 4880 218.
1110 4825 1373 4910 'flachan‘
1420 4829 1488 4884 V.
1523 4831 1674 4912 2²45)
1767 4831 1863 4887 Ad
1912 4831 1968 4886 (1.
2005 4831 2090 4886 27.
2138 4832 2384 4914 Aumaqa
2416 4832 2615 4888 decom

666 4907 919 4976 m
955 4895 1213 4951 81888888
1254 4902 1546 4968 amneque
1595 4900 1820 4971 Impune
1861 4901 2110 4956 Bon-nam
2153 4907 2335 4956 vocatu
2380 4901 2615 4969 fuerumt

666 4961 2094 5048 adathondammqtuscmoeultmndefomeaa
2137 4970 2609 5026 811527ωῶ8-

657 5034 1672 5115 ΡαιαὺιοφσΒονηοηοιρνοωκῐρατα
1726 5039 2614 5108 ampliatam-eandmund

667 5097 908 5157 Ocnum
955 5119 1157 5159 novam
1203 5106 1527 5175 acciperent
1607 5107 1857 5176 (Ruchat
1898 5124 1954 5179 p.
1991 5107 2115 5167 204.
2193 5108 2613 5177 Hundoshaqen

657 5182 724 5238 P·
761 5170 930 5296 1673)
966 5258 1086 5324 cum
1121 5243 1326 5324 decano
1361 5249 1562 5298 vestro.
1618 5245 1733 5301 Pro
1767 5247 1856 5301 his
1891 5246 2041 5301 Ead.
2079 5264 2199 5300 cum
2239 5247 2303 5300 N.
2339 5247 2609 5302 exhibent.

870 5308 928 5372 6)
964 5327 1260 5381 principem
1297 5311 1448 5367 Edd.

2214 397 2740 465 EPISTOLAE
2783 401 3123 463 417—420

4553 401 4673 462 432

2719 586 2792 650 in
2850 586 3021 652 hanc
3078 586 3563 651 contentionem
3609 584 4022 664 descendere,
4076 585 4339 668 quando
4382 585 4675 652 modesto

2722 671 3032 755 civilique
3076 690 3388 754 responso
3444 669 3773 737 declinare
3828 671 4007 737 hunc
4052 672 4395 755 scopulum
4437 673 4675 738 fratres

2723 765 3063 842 poterunt,
3123 759 3180 822 si
3237 754 3455 823 dicent
3495 758 3811 822 maiorem
3856 777 3999 822 esse
4056 776 4323 823 causam
4365 778 4560 840 quam
4604 766 4678 823 ut

2722 842 3112 909 inconsultis
3147 843 3284 908 suis
3326 842 3595 927 collegis
3631 842 3875 925 aliquid
3922 843 4255 926 recipiant.
4323 842 4679 910 Habebunt

2725 937 2948 994 autem
3005 928 3334 1012 speciosos
3390 938 3460 992 et
3523 928 3917 993 favorabiles
3976 936 4379 1011 praetextus,
4447 929 4677 1012 quibus

2723 1014 2976 1079 senatui
3008 1017 3063 1098 ⁷)
3108 1015 3528 1080 satisfaciant.
3602 1013 3781 1080 Illud
3827 1034 4083 1098 quoque
4104 1011 4673 1097 'praetereundum

2723 1121 2857 1165 non
2902 1106 3019 1178 est,
3079 1109 3156 1164 ut
3209 1099 3322 1164 ubi
3376 1100 3614 1164 bonam
3659 1120 3925 1166 causam
3968 1121 4111 1164 esse
4153 1100 4464 1180 viderint,
4523 1099 4678 1166 illuc

2725 1186 2895 1251 serio
2939 1207 3009 1250 se
3053 1185 3414 1268 applicent,
3474 1207 3558 1251 ne
3625 1184 3784 1249 (lum
3842 1185 4043 1249 medii
4099 1206 4241 1252 esse
4284 1185 4525 1252 volunt
4567 1185 4677 1252 de-

2725 1279 2949 1337 serant
3004 1272 3300 1337 veritatis
3357 1270 3819 1336 defensionem.
3909 1270 4064 1336 Non
4121 1271 4417 1356 intelligo
4471 1279 4550 1336 ut
4609 1293 4678 1337 se

2725 1356 3093 1441 adiungant
3136 1355 3221 1421 ad
3262 1358 3440 1435 vitia,
3494 1357 3602 1423 vel
3646 1357 3703 1422 si
3747 1356 3976 1422 ambae
4029 1364 4250 1440 partes
4293 1365 4567 1441 peccent
4609 1378 4678 1423 se

2723 1442 3063 1526 implicent
3126 1442 3398 1508 alterius
3458 1442 3787 1508 societate.
3876 1442 4024 1508 Hoc
4081 1451 4341 1508 tantum
4399 1442 4550 1509 volo
4603 1451 4679 1508 ut

2724 1538 2942 1594 rectae
2985 1548 3312 1611 sanaeque
3356 1529 3720 1592 sententiae
3762 1528 3979 1612 palam
4023 1549 4146 1594 nec
4188 1528 4679 1594 dissimulanter

2727 1613 3145 1679 adhaereant.
3212 1613 3553 1679 Postremo
3598 1613 3845 1679 decano
3880 1620 4103 1679 vestro
4127 1615 4189 1690 3)
4235 1635 4315 1678 ex
4404 1635 4487 1680 ne
4523 1614 4680 1699 quid

2727 1699 2807 1764 de
2850 1699 3225 1764 hominibus
3267 1700 3430 1783 ipsis
3458 1703 3516 1776 ⁹)
3562 1699 3808 1765 sentias
3852 1708 3919 1763 et
3951 1698 4108 1782 quid
4149 1701 4219 1763 in
4267 1635 4405 1766 11Βὲ
4449 1700 4681 1785 depre-

2724 1784 3064 1850 henderis:
3126 1793 3201 1850 ut
3245 1786 3407 1850 sciat
3449 1785 3683 1868 quibus
3720 1784 3919 1849 fidem
3964 1784 4206 1851 habere
4250 1807 4326 1851 ac
4370 1785 4525 1853 dare
4566 1786 4680 1852 de-

2726 1869 2894 1936 beat.
2984 1869 3119 1938 Sed
3161 1871 3426 1954 ineptus
3482 1892 3628 1937 sum
3674 1872 3786 1953 qui
3844 1877 3981 1935 tam
4032 1871 4228 1936 anxie
4269 1880 4337 1936 te
4392 1872 4679 1938 instruo:

2726 1957 2904 2039 quasi
2951 1977 3086 2020 non
3128 1958 3285 2024 satis
3331 1958 3421 2021 sit
3463 1978 3594 2022 uno
3637 1957 3838 2022 verbo
3883 1957 4147 2040 signum
4193 1955 4366 2022 dare.
4440 1958 4682 2024 Finem

2725 2042 2928 2126 igitur
2965 2041 3218 2107 faciam.

2898 2126 3033 2209 Qui
3066 2126 3147 2213 ¹⁰)
3189 2149 3369 2193 meas
3425 2127 3650 2193 literas
3711 2127 3832 2192 tibi
3887 2126 4102 2193 reddit
4144 2128 4331 2194 visus
4372 2137 4474 2194 est
4516 2129 4685 2194 mihi

2725 2214 2872 2297 pius
2926 2233 3002 2278 88
3053 2213 3326 2298 integer.
3416 2212 3745 2279 Convenit
3799 2212 3907 2278 hic
3963 2234 4111 2279 cum
4176 2213 4686 2299 pharmacopola

2727 2298 3009 2382 quodam
3051 2298 3435 2376 Viennensi,
3491 2299 3607 2382 qni
3658 2300 3806 2365 istic
3849 2299 4003 2383 agit,
4061 2298 4143 2364 de
4187 2298 4498 2366 discenda
4540 2301 4687 2367 eius

2728 2393 2884 2449 arte.
2960 2383 3245 2449 Interfui
3289 2384 3592 2468 pactioni,
3638 2386 3792 2468 quia
3832 2395 4021 2450 erant
4065 2384 4171 2451 hic
4215 2386 4330 2467 qui
4371 2385 4688 2470 pharma-

2726 2468 3022 2554 copolam
3065 2469 3363 2536 dicerent
3416 2491 3557 2536 esse
3602 2471 3953 2536 honestum
3997 2492 4072 2536 ac
4115 2470 4395 2554 probum
4438 2472 4683 2538 virum.

2728 2553 2806 2620 Si
2864 2554 3016 2620 talis
3073 2576 3205 2621 non
3263 2556 3392 2621 erit
3442 2556 3621 2622 locus
3675 2563 3776 2622 est
3831 2555 4046 2622 adhuc
4097 2556 4561 2639 poenitentiae,
4611 2569 4691 2624 ut

2726 2641 2987 2707 iuvenis
3046 2640 3154 2707 hic
3219 2663 3259 2708 a
3301 2648 3641 2709 contractu
3702 2640 4006 2708 discedat.
4097 2641 4319 2707 Velim
4359 2642 4567 2727 igitur
4613 2652 4690 2709 8ι

2727 2726 2994 2792 88881118
3051 2739 3164 2792 ι88
3219 2728 3407 2793 illum
3452 2749 3659 2813 regas,
3717 2727 4375 2812 commendatumque
4417 2729 4685 2796 habeas.

2727 2812 2956 2897 Neque
3000 2813 3177 2876 enim
3218 2821 3487 2899 sumptu
3540 2827 3608 2878 te
3664 2813 3984 2898 gravabit,
4041 2820 4158 2878 aut
4197 2814 4512 2882 molestus
4556 2816 4691 2882 erit

2728 2898 2945 2981 aliqua
3001 2898 3509 2981 importunitate.
3600 2899 3774 2964 Vale
3789 2950 3806 2977 ,
3865 2899 4109 2982 optime
4160 2920 4236 2965 88
4290 2901 4688 2967 suavissime

2726 2985 2948 3049 frater.
3038 2984 3362 3051 Dominus
3404 2986 3591 3051 Iesus
3634 2993 3701 3049 te
3745 2985 3980 3068 spiritu
4036 3004 4153 3050 suo
4195 3006 4452 3069 semper
4492 2995 4691 3073 regat

2728 3091 2804 3135 ac
2858 3070 3198 3136 confirmet
3251 3072 3463 3156 magis
3517 3071 3875 3155 magisque.
3966 3068 4200 3136 Saluta
4240 3071 4406 3136 mihi
4449 3092 4685 3139 omnes

2726 3156 2982 3235 fratres,
3027 3176 3321 3235 uxorem,
3365 3163 3804 3222 materteram.
3843 3158 3861 3195 ¹
3878 3156 3926 3242 ¹)
3995 3155 4310 3222 Genevae
4353 3160 4455 3223 23.
4501 3158 4685 3245 Aug.

3536 3419 3537 3422 =
3647 3379 3927 3446 Ioannes
3967 3377 4288 3447 Calvinus
4329 3385 4503 3447 tuus.

3495 3690 3905 3699 ——u——-

3630 3924 3780 3996 418.

3251 4078 3721 4147 GALvmus
3764 4081 4138 4176 vffls'ro.

2893 4268 4683 4351 AdhucoupitmiorfierideactisBmmsiumiu

2719 4360 3015 4422 conventu
3055 4355 3445 4420 decanorum.

2720 4562 2832 4626 (Ex
2885 4559 3224 4630 autographo
3261 4557 3391 4613 Ood.
3437 4559 3639 4614 Genev.
3694 4558 3806 4626 106,
3860 4561 3951 4614 fol.
4004 4558 4087 4614 81.
4157 4562 4287 4616 Alia
4337 4564 4679 4633 exemplaria

2719 4634 2938 4683 exstant
2982 4629 3115 4683 ibid.
3151 4627 3281 4681 Ood.
3320 4627 3460 4680 111⁸,
3515 4628 3606 4682 fol.
3655 4627 3739 4682 33.
3787 4629 4089 4695 Ionvillaei‚
4127 4629 4254 4684 Cod.
4295 4630 4409 4697 111,
4457 4632 4548 4686 fol.
4584 4631 4680 4686 6¹1.

2718 4698 3010 4763 Turretini,
3048 4698 3104 4749 in
3140 4696 3364 4749 Archiv.
3386 4697 3548 4750 Bern.
3585 4697 3724 4767 Epp.
3760 4697 3878 4752 VH.
3954 4738 3966 4750 .
4000 4695 4107 4752 442
4141 4705 4199 4752 et
4231 4699 4409 4753 Turio.
4447 4700 4679 4756 Simler.

3155 4765 3274 4818 Vol.
3311 4763 3396 4818 51.
3435 4794 3497 4805 -—
3534 4766 3764 4835 Auglioe
3799 4767 3860 4819 Τ.
3935 4803 3948 4818 .
3985 4783 4042 4836 p.
4077 4765 4225 4832 328.)

2919 5038 3171 5172 311·ιέιή
3203 5113 3395 5188 nostro
3428 5105 3580 5162 Edd.
3639 5106 3729 5162 De
3761 5122 3823 5164 σο
3857 5109 3928 5177 cf.
3965 5109 4044 5166 N.
4079 5109 4201 5164 421.

2920 5177 2981 5242 9)
3018 5175 3105 5232 vel
3136 5180 3412 5230 mmm
3444 5175 3530 5230 vel
3560 5178 3921 5234 testatoribus.

2888 5246 2980 5316 10)
3017 5246 3121 5310 Qui
3154 5262 3303 5298 meas
3341 5283 3559 5299 .....
3596 5247 4011 5316 importunitate
4045 5263 4146 5302 om.
4182 5248 4247 5302 in
4279 5246 4401 5304 odd.

2888 5315 2982 5380 11)
3020 5313 3152 5369 Duo
3187 5313 3322 5369 hacc
3346 5318 3627 5383 posto-em
3961 5332 4062 5374 out.
4096 5316 4219 5373 eda.
