<?xml version="1.0" encoding="UTF-8"?>
<!DOCTYPE html PUBLIC "-//W3C//DTD XHTML 1.0 Transitional//EN"
    "http://www.w3.org/TR/xhtml1/DTD/xhtml1-transitional.dtd">
<html xmlns="http://www.w3.org/1999/xhtml" xml:lang="en" lang="en">
 <head>
  <title>
</title>
<meta http-equiv="Content-Type" content="text/html;charset=utf-8" />
  <meta name='ocr-system' content='tesseract 3.04.00' />
  <meta name='ocr-capabilities' content='ocr_page ocr_carea ocr_par ocr_line ocrx_word'/>
</head>
<body>
  <div class='ocr_page' id='page_1' title='image "./ioanniscalvinio13unkngoog_0328.png"; bbox 0 0 5050 6167; ppageno 0'>
   <div class='ocr_carea' id='block_1_1' title="bbox 711 435 847 499">
    <p class='ocr_par' dir='ltr' id='par_1_1' title="bbox 711 435 847 499">
     <span class='ocr_line' id='line_1_1' title="bbox 711 435 847 499; baseline -0.015 0"><span class='ocrx_word' id='word_1_1' title='bbox 711 435 847 499; x_wconf 64' lang='lat'><strong>627</strong></span> 
     </span>
    </p>
   </div>
   <div class='ocr_carea' id='block_1_2' title="bbox 711 606 2678 3518">
    <p class='ocr_par' dir='ltr' id='par_1_2' title="bbox 711 606 2678 2068">
     <span class='ocr_line' id='line_1_2' title="bbox 711 606 2674 703; baseline -0.008 -16"><span class='ocrx_word' id='word_1_2' title='bbox 711 617 918 703; x_wconf 74' lang='lat' dir='ltr'><strong>Quod</strong></span> <span class='ocrx_word' id='word_1_3' title='bbox 974 616 1031 683; x_wconf 92' lang='lat' dir='ltr'><strong>si</strong></span> <span class='ocrx_word' id='word_1_4' title='bbox 1073 635 1306 682; x_wconf 83' lang='lat' dir='ltr'><strong>verum</strong></span> <span class='ocrx_word' id='word_1_5' title='bbox 1361 618 1465 680; x_wconf 92' lang='lat' dir='ltr'><strong>est</strong></span> <span class='ocrx_word' id='word_1_6' title='bbox 1518 611 1691 698; x_wconf 88' lang='lat' dir='ltr'><strong>quod</strong></span> <span class='ocrx_word' id='word_1_7' title='bbox 1746 610 2018 691; x_wconf 88' lang='lat' dir='ltr'><strong>dicitur,</strong></span> <span class='ocrx_word' id='word_1_8' title='bbox 2075 616 2265 675; x_wconf 90' lang='lat' dir='ltr'><strong>tuum</strong></span> <span class='ocrx_word' id='word_1_9' title='bbox 2291 606 2339 694; x_wconf 83' lang='lat'><strong>¹)</strong></span> <span class='ocrx_word' id='word_1_10' title='bbox 2394 608 2565 675; x_wconf 89' lang='lat' dir='ltr'><strong>sicut</strong></span> <span class='ocrx_word' id='word_1_11' title='bbox 2606 613 2674 672; x_wconf 91' lang='lat' dir='ltr'><strong>et</strong></span> 
     </span>
     <span class='ocr_line' id='line_1_3' title="bbox 713 690 2676 774; baseline -0.009 -1"><span class='ocrx_word' id='word_1_12' title='bbox 713 703 1112 774; x_wconf 85' lang='lat' dir='ltr'><strong>Bernatium</strong></span> <span class='ocrx_word' id='word_1_13' title='bbox 1154 700 1609 766; x_wconf 89' lang='lat' dir='ltr'><strong>ministrorum</strong></span> <span class='ocrx_word' id='word_1_14' title='bbox 1649 698 1851 764; x_wconf 82' lang='lat' dir='ltr'><strong>fuerit</strong></span> <span class='ocrx_word' id='word_1_15' title='bbox 1892 702 2144 762; x_wconf 85' lang='lat' dir='ltr'><strong>vestros</strong></span> <span class='ocrx_word' id='word_1_16' title='bbox 2186 694 2441 760; x_wconf 89' lang='lat' dir='ltr'><strong>hortari</strong></span> <span class='ocrx_word' id='word_1_17' title='bbox 2474 713 2558 758; x_wconf 92' lang='lat' dir='ltr'><strong>ne</strong></span> <span class='ocrx_word' id='word_1_18' title='bbox 2591 690 2676 757; x_wconf 91' lang='lat' dir='ltr'><strong>ob</strong></span> 
     </span>
     <span class='ocr_line' id='line_1_4' title="bbox 717 778 2675 867; baseline -0.009 -8"><span class='ocrx_word' id='word_1_19' title='bbox 717 794 936 859; x_wconf 85' lang='lat' dir='ltr'><strong>fluxas</strong></span> <span class='ocrx_word' id='word_1_20' title='bbox 998 789 1158 854; x_wconf 88' lang='lat' dir='ltr'><strong>istas</strong></span> <span class='ocrx_word' id='word_1_21' title='bbox 1227 785 1693 867; x_wconf 79' lang='lat' dir='ltr'><strong>instabilesque</strong></span> <span class='ocrx_word' id='word_1_22' title='bbox 1761 782 2203 867; x_wconf 89' lang='lat' dir='ltr'><strong>possessiones</strong></span> <span class='ocrx_word' id='word_1_23' title='bbox 2272 788 2388 845; x_wconf 91' lang='lat' dir='ltr'><strong>aut</strong></span> <span class='ocrx_word' id='word_1_24' title='bbox 2445 778 2675 843; x_wconf 89' lang='lat' dir='ltr'><strong>titulos</strong></span> 
     </span>
     <span class='ocr_line' id='line_1_5' title="bbox 717 866 2678 955; baseline -0.007 -13"><span class='ocrx_word' id='word_1_25' title='bbox 717 875 1081 943; x_wconf 84' lang='lat' dir='ltr'><strong>dissideant</strong></span> <span class='ocrx_word' id='word_1_26' title='bbox 1095 925 1111 953; x_wconf 95' lang='lat'><strong>,</strong></span> <span class='ocrx_word' id='word_1_27' title='bbox 1171 872 1287 938; x_wconf 91' lang='lat' dir='ltr'><strong>sed</strong></span> <span class='ocrx_word' id='word_1_28' title='bbox 1330 871 1761 955; x_wconf 75' lang='lat' dir='ltr'>sequestrium</span> <span class='ocrx_word' id='word_1_29' title='bbox 1804 869 2172 951; x_wconf 90' lang='lat' dir='ltr'><strong>aliquorum</strong></span> <span class='ocrx_word' id='word_1_30' title='bbox 2216 866 2566 931; x_wconf 78' lang='lat' dir='ltr'><strong>autoritate</strong></span> <span class='ocrx_word' id='word_1_31' title='bbox 2609 869 2678 928; x_wconf 92' lang='lat' dir='ltr'><strong>et</strong></span> 
     </span>
     <span class='ocr_line' id='line_1_6' title="bbox 718 949 2674 1042; baseline -0.008 -13"><span class='ocrx_word' id='word_1_32' title='bbox 718 961 961 1029; x_wconf 91' lang='lat' dir='ltr'><strong>iudicio</strong></span> <span class='ocrx_word' id='word_1_33' title='bbox 1018 957 1405 1042; x_wconf 88' lang='lat' dir='ltr'><strong>interposito</strong></span> <span class='ocrx_word' id='word_1_34' title='bbox 1472 963 1698 1023; x_wconf 91' lang='lat' dir='ltr'><strong>sancte</strong></span> <span class='ocrx_word' id='word_1_35' title='bbox 1751 954 1991 1020; x_wconf 91' lang='lat' dir='ltr'><strong>iterum</strong></span> <span class='ocrx_word' id='word_1_36' title='bbox 2051 952 2436 1019; x_wconf 75' lang='lat' dir='ltr'><strong>coalescant.</strong></span> <span class='ocrx_word' id='word_1_37' title='bbox 2523 949 2674 1015; x_wconf 86' lang='lat' dir='ltr'><strong>Non</strong></span> 
     </span>
     <span class='ocr_line' id='line_1_7' title="bbox 721 1036 2675 1130; baseline -0.007 -17"><span class='ocrx_word' id='word_1_38' title='bbox 721 1056 824 1114; x_wconf 87' lang='lat' dir='ltr'><strong>est</strong></span> <span class='ocrx_word' id='word_1_39' title='bbox 866 1044 1036 1130; x_wconf 89' lang='lat' dir='ltr'><strong>quod</strong></span> <span class='ocrx_word' id='word_1_40' title='bbox 1093 1066 1215 1110; x_wconf 91' lang='lat' dir='ltr'><strong>nos</strong></span> <span class='ocrx_word' id='word_1_41' title='bbox 1270 1044 1472 1109; x_wconf 88' lang='lat' dir='ltr'><strong>etiam</strong></span> <span class='ocrx_word' id='word_1_42' title='bbox 1528 1041 1608 1107; x_wconf 91' lang='lat' dir='ltr'><strong>de</strong></span> <span class='ocrx_word' id='word_1_43' title='bbox 1650 1039 1848 1107; x_wconf 88' lang='lat' dir='ltr'><strong>rebus</strong></span> <span class='ocrx_word' id='word_1_44' title='bbox 1903 1039 2209 1105; x_wconf 80' lang='lat' dir='ltr'><strong>maximis</strong></span> <span class='ocrx_word' id='word_1_45' title='bbox 2268 1036 2393 1103; x_wconf 88' lang='lat' dir='ltr'><strong>hoc</strong></span> <span class='ocrx_word' id='word_1_46' title='bbox 2449 1041 2675 1100; x_wconf 87' lang='lat' dir='ltr'><strong>nostro</strong></span> 
     </span>
     <span class='ocr_line' id='line_1_8' title="bbox 719 1120 2676 1216; baseline -0.008 -17"><span class='ocrx_word' id='word_1_47' title='bbox 719 1140 1014 1216; x_wconf 79' lang='lat' dir='ltr'><strong>tempore</strong></span> <span class='ocrx_word' id='word_1_48' title='bbox 1056 1130 1389 1214; x_wconf 81' lang='lat' dir='ltr'><strong>litigemus</strong></span> <span class='ocrx_word' id='word_1_49' title='bbox 1423 1136 1493 1194; x_wconf 90' lang='lat' dir='ltr'><strong>et</strong></span> <span class='ocrx_word' id='word_1_50' title='bbox 1534 1124 2020 1193; x_wconf 82' lang='lat' dir='ltr'><strong>contendamus.</strong></span> <span class='ocrx_word' id='word_1_51' title='bbox 2105 1123 2423 1189; x_wconf 89' lang='lat' dir='ltr'><strong>Imminet</strong></span> <span class='ocrx_word' id='word_1_52' title='bbox 2463 1120 2676 1187; x_wconf 85' lang='lat' dir='ltr'><strong>cervi-</strong></span> 
     </span>
     <span class='ocr_line' id='line_1_9' title="bbox 720 1207 2675 1297; baseline -0.008 -11"><span class='ocrx_word' id='word_1_53' title='bbox 720 1219 906 1287; x_wconf 89' lang='lat' dir='ltr'><strong>cibus</strong></span> <span class='ocrx_word' id='word_1_54' title='bbox 947 1216 1188 1282; x_wconf 90' lang='lat' dir='ltr'><strong>nostris</strong></span> <span class='ocrx_word' id='word_1_55' title='bbox 1276 1214 1587 1297; x_wconf 89' lang='lat' dir='ltr'><strong>apisticus</strong></span> <span class='ocrx_word' id='word_1_56' title='bbox 1621 1212 1732 1278; x_wconf 89' lang='lat' dir='ltr'><strong>ille</strong></span> <span class='ocrx_word' id='word_1_57' title='bbox 1772 1209 2029 1290; x_wconf 62' lang='lat' dir='ltr'><strong>Caesam,</strong></span> <span class='ocrx_word' id='word_1_58' title='bbox 2073 1210 2184 1293; x_wconf 84' lang='lat' dir='ltr'><strong>qui</strong></span> <span class='ocrx_word' id='word_1_59' title='bbox 2220 1210 2277 1274; x_wconf 92' lang='lat' dir='ltr'><strong>si</strong></span> <span class='ocrx_word' id='word_1_60' title='bbox 2305 1207 2675 1274; x_wconf 74' lang='lat' dir='ltr'><strong>Galliarum</strong></span> 
     </span>
     <span class='ocr_line' id='line_1_10' title="bbox 718 1236 2674 1388; baseline -0.007 -18"><span class='ocrx_word' id='word_1_61' title='bbox 718 1323 926 1388; x_wconf 73' lang='lat' dir='ltr'><strong>reyem</strong></span> <span class='ocrx_word' id='word_1_62' title='bbox 982 1301 1088 1369; x_wconf 84' lang='lat' dir='ltr'><strong>vel</strong></span> <span class='ocrx_word' id='word_1_63' title='bbox 1146 1236 1317 1366; x_wconf 71' lang='lat' dir='ltr'><strong>bello</strong></span> <span class='ocrx_word' id='word_1_64' title='bbox 1369 1299 1639 1384; x_wconf 81' lang='lat' dir='ltr'><strong>fregerit</strong></span> <span class='ocrx_word' id='word_1_65' title='bbox 1690 1297 1799 1363; x_wconf 82' lang='lat' dir='ltr'><strong>vel</strong></span> <span class='ocrx_word' id='word_1_66' title='bbox 1853 1297 2102 1362; x_wconf 90' lang='lat' dir='ltr'><strong>artibus</strong></span> <span class='ocrx_word' id='word_1_67' title='bbox 2156 1294 2240 1360; x_wconf 88' lang='lat' dir='ltr'><strong>ad</strong></span> <span class='ocrx_word' id='word_1_68' title='bbox 2291 1292 2674 1358; x_wconf 85' lang='lat' dir='ltr'><strong>insidiosam</strong></span> 
     </span>
     <span class='ocr_line' id='line_1_11' title="bbox 720 1379 2676 1472; baseline -0.007 -17"><span class='ocrx_word' id='word_1_69' title='bbox 720 1389 1008 1472; x_wconf 87' lang='lat' dir='ltr'><strong>aliquam</strong></span> <span class='ocrx_word' id='word_1_70' title='bbox 1051 1386 1564 1469; x_wconf 87' lang='lat' dir='ltr'><strong>pacificationem</strong></span> <span class='ocrx_word' id='word_1_71' title='bbox 1599 1385 2008 1467; x_wconf 81' lang='lat' dir='ltr'><strong>pertraxerit,</strong></span> <span class='ocrx_word' id='word_1_72' title='bbox 2054 1380 2222 1446; x_wconf 90' lang='lat' dir='ltr'><strong>nihil</strong></span> <span class='ocrx_word' id='word_1_73' title='bbox 2257 1379 2436 1445; x_wconf 89' lang='lat' dir='ltr'><strong>aliud</strong></span> <span class='ocrx_word' id='word_1_74' title='bbox 2470 1384 2676 1443; x_wconf 89' lang='lat' dir='ltr'><strong>restat</strong></span> 
     </span>
     <span class='ocr_line' id='line_1_12' title="bbox 719 1464 2672 1553; baseline -0.006 -14"><span class='ocrx_word' id='word_1_75' title='bbox 719 1475 853 1540; x_wconf 88' lang='lat' dir='ltr'><strong>nisi</strong></span> <span class='ocrx_word' id='word_1_76' title='bbox 893 1480 971 1539; x_wconf 91' lang='lat' dir='ltr'><strong>ut</strong></span> <span class='ocrx_word' id='word_1_77' title='bbox 1011 1472 1439 1538; x_wconf 81' lang='lat' dir='ltr'><strong>Germaniam</strong></span> <span class='ocrx_word' id='word_1_78' title='bbox 1495 1490 1655 1536; x_wconf 91' lang='lat' dir='ltr'><strong>suae</strong></span> <span class='ocrx_word' id='word_1_79' title='bbox 1709 1469 1972 1553; x_wconf 88' lang='lat' dir='ltr'><strong>subigat</strong></span> <span class='ocrx_word' id='word_1_80' title='bbox 2026 1465 2307 1543; x_wconf 87' lang='lat' dir='ltr'><strong>libidini,</strong></span> <span class='ocrx_word' id='word_1_81' title='bbox 2366 1464 2672 1547; x_wconf 86' lang='lat' dir='ltr'><strong>inprimis</strong></span> 
     </span>
     <span class='ocr_line' id='line_1_13' title="bbox 726 1548 2675 1626; baseline -0.007 0"><span class='ocrx_word' id='word_1_82' title='bbox 726 1566 947 1626; x_wconf 88' lang='lat' dir='ltr'><strong>autem</strong></span> <span class='ocrx_word' id='word_1_83' title='bbox 1017 1557 1382 1624; x_wconf 77' lang='lat' dir='ltr'><strong>Sabaudum</strong></span> <span class='ocrx_word' id='word_1_84' title='bbox 1454 1563 1522 1621; x_wconf 90' lang='lat' dir='ltr'><strong>et</strong></span> <span class='ocrx_word' id='word_1_85' title='bbox 1584 1554 2106 1620; x_wconf 69' lang='lat' dir='ltr'><strong>Brun-§vicensem</strong></span> <span class='ocrx_word' id='word_1_86' title='bbox 2170 1550 2493 1617; x_wconf 90' lang='lat' dir='ltr'><strong>restituat.</strong></span> <span class='ocrx_word' id='word_1_87' title='bbox 2581 1548 2675 1614; x_wconf 83' lang='lat' dir='ltr'><strong>Et</strong></span> 
     </span>
     <span class='ocr_line' id='line_1_14' title="bbox 725 1634 2672 1725; baseline -0.007 -14"><span class='ocrx_word' id='word_1_88' title='bbox 725 1651 883 1711; x_wconf 89' lang='lat' dir='ltr'><strong>ante</strong></span> <span class='ocrx_word' id='word_1_89' title='bbox 925 1644 1132 1721; x_wconf 90' lang='lat' dir='ltr'><strong>hunc,</strong></span> <span class='ocrx_word' id='word_1_90' title='bbox 1177 1642 1366 1707; x_wconf 92' lang='lat' dir='ltr'><strong>illum</strong></span> <span class='ocrx_word' id='word_1_91' title='bbox 1384 1692 1401 1720; x_wconf 95' lang='lat'><strong>,</strong></span> <span class='ocrx_word' id='word_1_92' title='bbox 1447 1662 1650 1725; x_wconf 89' lang='lat' dir='ltr'><strong>quum</strong></span> <span class='ocrx_word' id='word_1_93' title='bbox 1692 1638 1866 1723; x_wconf 91' lang='lat' dir='ltr'><strong>quod</strong></span> <span class='ocrx_word' id='word_1_94' title='bbox 1909 1639 2225 1704; x_wconf 86' lang='lat' dir='ltr'><strong>affinitate</strong></span> <span class='ocrx_word' id='word_1_95' title='bbox 2266 1637 2394 1720; x_wconf 92' lang='lat' dir='ltr'><strong>ipsi</strong></span> <span class='ocrx_word' id='word_1_96' title='bbox 2438 1634 2672 1701; x_wconf 90' lang='lat' dir='ltr'><strong>cohae-</strong></span> 
     </span>
     <span class='ocr_line' id='line_1_15' title="bbox 723 1718 2674 1812; baseline -0.006 -17"><span class='ocrx_word' id='word_1_97' title='bbox 723 1737 888 1808; x_wconf 90' lang='lat' dir='ltr'><strong>reat,</strong></span> <span class='ocrx_word' id='word_1_98' title='bbox 923 1736 1068 1794; x_wconf 86' lang='lat' dir='ltr'><strong>tum</strong></span> <span class='ocrx_word' id='word_1_99' title='bbox 1104 1726 1274 1812; x_wconf 91' lang='lat' dir='ltr'><strong>quod</strong></span> <span class='ocrx_word' id='word_1_100' title='bbox 1314 1727 1733 1793; x_wconf 69' lang='lat' dir='ltr'><strong>Gabennensis</strong></span> <span class='ocrx_word' id='word_1_101' title='bbox 1769 1733 1837 1791; x_wconf 91' lang='lat' dir='ltr'><strong>et</strong></span> <span class='ocrx_word' id='word_1_102' title='bbox 1878 1723 2355 1790; x_wconf 77' lang='lat' dir='ltr'><strong>Lausannensis</strong></span> <span class='ocrx_word' id='word_1_103' title='bbox 2388 1718 2674 1804; x_wconf 89' lang='lat' dir='ltr'><strong>episcopi</strong></span> 
     </span>
     <span class='ocr_line' id='line_1_16' title="bbox 722 1803 2673 1896; baseline -0.007 -14"><span class='ocrx_word' id='word_1_104' title='bbox 722 1815 794 1881; x_wconf 82' lang='lat' dir='ltr'><strong>id</strong></span> <span class='ocrx_word' id='word_1_105' title='bbox 836 1814 1126 1881; x_wconf 87' lang='lat' dir='ltr'><strong>efflictim</strong></span> <span class='ocrx_word' id='word_1_106' title='bbox 1164 1811 1514 1896; x_wconf 90' lang='lat' dir='ltr'><strong>postulent.</strong></span> <span class='ocrx_word' id='word_1_107' title='bbox 1574 1812 1724 1877; x_wconf 90' lang='lat' dir='ltr'><strong>Non</strong></span> <span class='ocrx_word' id='word_1_108' title='bbox 1765 1811 2047 1894; x_wconf 90' lang='lat' dir='ltr'><strong>ignoras,</strong></span> <span class='ocrx_word' id='word_1_109' title='bbox 2093 1808 2343 1892; x_wconf 87' lang='lat' dir='ltr'><strong>opinor,</strong></span> <span class='ocrx_word' id='word_1_110' title='bbox 2388 1804 2545 1890; x_wconf 89' lang='lat' dir='ltr'><strong>quid</strong></span> <span class='ocrx_word' id='word_1_111' title='bbox 2588 1803 2673 1869; x_wconf 89' lang='lat' dir='ltr'><strong>ad</strong></span> 
     </span>
     <span class='ocr_line' id='line_1_17' title="bbox 721 1891 2673 1985; baseline -0.006 -19"><span class='ocrx_word' id='word_1_112' title='bbox 721 1899 1060 1985; x_wconf 90' lang='lat' dir='ltr'><strong>querelam</strong></span> <span class='ocrx_word' id='word_1_113' title='bbox 1124 1905 1190 1964; x_wconf 90' lang='lat' dir='ltr'><strong>et</strong></span> <span class='ocrx_word' id='word_1_114' title='bbox 1253 1897 1616 1964; x_wconf 90' lang='lat' dir='ltr'><strong>calumnias</strong></span> <span class='ocrx_word' id='word_1_115' title='bbox 1672 1896 2248 1979; x_wconf 71' lang='lat' dir='ltr'><strong>Hildesheymensis</strong></span> <span class='ocrx_word' id='word_1_116' title='bbox 2311 1891 2597 1976; x_wconf 87' lang='lat' dir='ltr'><strong>episcopi</strong></span> <span class='ocrx_word' id='word_1_117' title='bbox 2614 1891 2673 1966; x_wconf 78' lang='lat'><strong>²)</strong></span> 
     </span>
     <span class='ocr_line' id='line_1_18' title="bbox 721 1978 2672 2068; baseline -0.007 -15"><span class='ocrx_word' id='word_1_118' title='bbox 721 1985 975 2053; x_wconf 81' lang='lat' dir='ltr'><strong>civitati</strong></span> <span class='ocrx_word' id='word_1_119' title='bbox 1039 1984 1280 2068; x_wconf 91' lang='lat' dir='ltr'><strong>scripto</strong></span> <span class='ocrx_word' id='word_1_120' title='bbox 1402 1983 1761 2065; x_wconf 87' lang='lat' dir='ltr'><strong>raeceperit</strong></span> <span class='ocrx_word' id='word_1_121' title='bbox 1821 1980 2147 2047; x_wconf 90' lang='lat' dir='ltr'><strong>mandato.</strong></span> <span class='ocrx_word' id='word_1_122' title='bbox 2232 1978 2380 2044; x_wconf 90' lang='lat' dir='ltr'><strong>Hoc</strong></span> <span class='ocrx_word' id='word_1_123' title='bbox 2454 1978 2672 2060; x_wconf 90' lang='lat' dir='ltr'><strong>ipsum</strong></span> 
     </span>
    </p>

    <p class='ocr_par' dir='ltr' id='par_1_3' title="bbox 715 2061 2674 3518">
     <span class='ocr_line' id='line_1_19' title="bbox 765 2061 2673 2154; baseline -0.006 -17"><span class='ocrx_word' id='word_1_124' title='bbox 765 2071 1075 2154; x_wconf 87' lang='lat' dir='ltr'><strong>raecipiet</strong></span> <span class='ocrx_word' id='word_1_125' title='bbox 1116 2069 1293 2134; x_wconf 89' lang='lat' dir='ltr'><strong>haud</strong></span> <span class='ocrx_word' id='word_1_126' title='bbox 1381 2069 1533 2134; x_wconf 89' lang='lat' dir='ltr'><strong>ubie</strong></span> <span class='ocrx_word' id='word_1_127' title='bbox 1576 2067 2028 2134; x_wconf 78' lang='lat' dir='ltr'><strong>Geuevatibus</strong></span> <span class='ocrx_word' id='word_1_128' title='bbox 2071 2072 2139 2131; x_wconf 91' lang='lat' dir='ltr'><strong>et</strong></span> <span class='ocrx_word' id='word_1_129' title='bbox 2179 2061 2673 2129; x_wconf 87' lang='lat' dir='ltr'><strong>Lausannensi-</strong></span> 
     </span>
     <span class='ocr_line' id='line_1_20' title="bbox 718 2092 2674 2237; baseline -0.006 -15"><span class='ocrx_word' id='word_1_130' title='bbox 718 2092 876 2236; x_wconf 52' lang='lat' dir='ltr'><strong>Rus,</strong></span> <span class='ocrx_word' id='word_1_131' title='bbox 935 2156 1413 2222; x_wconf 86' lang='lat' dir='ltr'><strong>restitutionem</strong></span> <span class='ocrx_word' id='word_1_132' title='bbox 1469 2154 1541 2218; x_wconf 92' lang='lat' dir='ltr'><strong>in</strong></span> <span class='ocrx_word' id='word_1_133' title='bbox 1593 2154 1926 2237; x_wconf 90' lang='lat' dir='ltr'><strong>integrum</strong></span> <span class='ocrx_word' id='word_1_134' title='bbox 1982 2148 2396 2216; x_wconf 82' lang='lat' dir='ltr'><strong>Antichristi.</strong></span> <span class='ocrx_word' id='word_1_135' title='bbox 2476 2144 2674 2228; x_wconf 81' lang='lat' dir='ltr'><strong>Quod</strong></span> 
     </span>
     <span class='ocr_line' id='line_1_21' title="bbox 722 2231 2673 2322; baseline -0.006 -13"><span class='ocrx_word' id='word_1_136' title='bbox 722 2242 782 2309; x_wconf 89' lang='lat' dir='ltr'><strong>si</strong></span> <span class='ocrx_word' id='word_1_137' title='bbox 823 2242 1087 2307; x_wconf 89' lang='lat' dir='ltr'><strong>interim</strong></span> <span class='ocrx_word' id='word_1_138' title='bbox 1130 2262 1250 2306; x_wconf 92' lang='lat' dir='ltr'><strong>nos</strong></span> <span class='ocrx_word' id='word_1_139' title='bbox 1291 2241 1465 2305; x_wconf 87' lang='lat' dir='ltr'><strong>inter</strong></span> <span class='ocrx_word' id='word_1_140' title='bbox 1507 2260 1627 2304; x_wconf 93' lang='lat' dir='ltr'><strong>nos</strong></span> <span class='ocrx_word' id='word_1_141' title='bbox 1670 2239 1844 2322; x_wconf 92' lang='lat' dir='ltr'><strong>ipsos</strong></span> <span class='ocrx_word' id='word_1_142' title='bbox 1886 2233 2329 2303; x_wconf 89' lang='lat' dir='ltr'><strong>simultatibus</strong></span> <span class='ocrx_word' id='word_1_143' title='bbox 2371 2240 2441 2298; x_wconf 90' lang='lat' dir='ltr'><strong>et</strong></span> <span class='ocrx_word' id='word_1_144' title='bbox 2482 2231 2673 2298; x_wconf 90' lang='lat' dir='ltr'><strong>dissi-</strong></span> 
     </span>
     <span class='ocr_line' id='line_1_22' title="bbox 722 2322 2674 2401; baseline -0.006 -8"><span class='ocrx_word' id='word_1_145' title='bbox 722 2327 848 2393; x_wconf 86' lang='lat' dir='ltr'><strong>diis</strong></span> <span class='ocrx_word' id='word_1_146' title='bbox 869 2326 1168 2392; x_wconf 83' lang='lat' dir='ltr'><strong>distracti</strong></span> <span class='ocrx_word' id='word_1_147' title='bbox 1190 2332 1449 2390; x_wconf 91' lang='lat' dir='ltr'><strong>nostras</strong></span> <span class='ocrx_word' id='word_1_148' title='bbox 1485 2324 1658 2390; x_wconf 82' lang='lat' dir='ltr'><strong>vires</strong></span> <span class='ocrx_word' id='word_1_149' title='bbox 1694 2324 2159 2401; x_wconf 77' lang='lat' dir='ltr'><strong>atti-iverimus,</strong></span> <span class='ocrx_word' id='word_1_150' title='bbox 2196 2322 2464 2386; x_wconf 89' lang='lat' dir='ltr'><strong>ianuam</strong></span> <span class='ocrx_word' id='word_1_151' title='bbox 2497 2324 2674 2384; x_wconf 87' lang='lat' dir='ltr'><strong>certe</strong></span> 
     </span>
     <span class='ocr_line' id='line_1_23' title="bbox 720 2402 2673 2493; baseline -0.006 -15"><span class='ocrx_word' id='word_1_152' title='bbox 720 2412 913 2491; x_wconf 89' lang='lat' dir='ltr'><strong>hosti,</strong></span> <span class='ocrx_word' id='word_1_153' title='bbox 938 2420 1007 2478; x_wconf 90' lang='lat' dir='ltr'><strong>et</strong></span> <span class='ocrx_word' id='word_1_154' title='bbox 1025 2409 1475 2478; x_wconf 88' lang='lat' dir='ltr'><strong>crudelissimo</strong></span> <span class='ocrx_word' id='word_1_155' title='bbox 1497 2419 1564 2474; x_wconf 93' lang='lat' dir='ltr'><strong>et</strong></span> <span class='ocrx_word' id='word_1_156' title='bbox 1583 2409 1917 2493; x_wconf 87' lang='lat' dir='ltr'><strong>sacrilego,</strong></span> <span class='ocrx_word' id='word_1_157' title='bbox 1940 2407 2334 2492; x_wconf 90' lang='lat' dir='ltr'><strong>aperuimus.</strong></span> <span class='ocrx_word' id='word_1_158' title='bbox 2379 2402 2673 2470; x_wconf 90' lang='lat' dir='ltr'><strong>Proinde</strong></span> 
     </span>
     <span class='ocr_line' id='line_1_24' title="bbox 720 2493 2672 2579; baseline -0.006 -15"><span class='ocrx_word' id='word_1_159' title='bbox 720 2498 780 2564; x_wconf 92' lang='lat' dir='ltr'><strong>si</strong></span> <span class='ocrx_word' id='word_1_160' title='bbox 820 2496 958 2563; x_wconf 88' lang='lat' dir='ltr'><strong>ullo</strong></span> <span class='ocrx_word' id='word_1_161' title='bbox 996 2497 1125 2563; x_wconf 88' lang='lat' dir='ltr'><strong>alio</strong></span> <span class='ocrx_word' id='word_1_162' title='bbox 1185 2503 1474 2579; x_wconf 90' lang='lat' dir='ltr'><strong>tempore</strong></span> <span class='ocrx_word' id='word_1_163' title='bbox 1520 2493 1606 2560; x_wconf 85' lang='lat' dir='ltr'><strong>ad</strong></span> <span class='ocrx_word' id='word_1_164' title='bbox 1649 2514 1972 2561; x_wconf 87' lang='lat' dir='ltr'><strong>summam</strong></span> <span class='ocrx_word' id='word_1_165' title='bbox 2015 2512 2243 2577; x_wconf 86' lang='lat' dir='ltr'><strong>pacem</strong></span> <span class='ocrx_word' id='word_1_166' title='bbox 2287 2497 2479 2574; x_wconf 87' lang='lat' dir='ltr'><strong>atque</strong></span> <span class='ocrx_word' id='word_1_167' title='bbox 2521 2508 2672 2555; x_wconf 90' lang='lat' dir='ltr'><strong>con-</strong></span> 
     </span>
     <span class='ocr_line' id='line_1_25' title="bbox 718 2579 2672 2660; baseline -0.006 -10"><span class='ocrx_word' id='word_1_168' title='bbox 718 2582 1010 2650; x_wconf 87' lang='lat' dir='ltr'><strong>cordiam</strong></span> <span class='ocrx_word' id='word_1_169' title='bbox 1052 2590 1311 2647; x_wconf 89' lang='lat' dir='ltr'><strong>nostros</strong></span> <span class='ocrx_word' id='word_1_170' title='bbox 1345 2580 1588 2646; x_wconf 88' lang='lat' dir='ltr'><strong>hortati</strong></span> <span class='ocrx_word' id='word_1_171' title='bbox 1629 2600 1860 2646; x_wconf 90' lang='lat' dir='ltr'><strong>sumus</strong></span> <span class='ocrx_word' id='word_1_172' title='bbox 1873 2630 1891 2660; x_wconf 91' lang='lat'><strong>,</strong></span> <span class='ocrx_word' id='word_1_173' title='bbox 1947 2579 2070 2645; x_wconf 87' lang='lat' dir='ltr'><strong>hoc</strong></span> <span class='ocrx_word' id='word_1_174' title='bbox 2111 2583 2336 2642; x_wconf 89' lang='lat' dir='ltr'><strong>nostro</strong></span> <span class='ocrx_word' id='word_1_175' title='bbox 2380 2583 2672 2658; x_wconf 91' lang='lat' dir='ltr'><strong>tempore</strong></span> 
     </span>
     <span class='ocr_line' id='line_1_26' title="bbox 720 2663 2671 2752; baseline -0.004 -20"><span class='ocrx_word' id='word_1_176' title='bbox 720 2668 1265 2752; x_wconf 90' lang='lat' dir='ltr'><strong>periculosissimo</strong></span> <span class='ocrx_word' id='word_1_177' title='bbox 1344 2666 1598 2731; x_wconf 87' lang='lat' dir='ltr'><strong>hortari</strong></span> <span class='ocrx_word' id='word_1_178' title='bbox 1669 2664 2001 2731; x_wconf 88' lang='lat' dir='ltr'><strong>debemus.</strong></span> <span class='ocrx_word' id='word_1_179' title='bbox 2087 2663 2450 2745; x_wconf 88' lang='lat' dir='ltr'><strong>Praecipue</strong></span> <span class='ocrx_word' id='word_1_180' title='bbox 2514 2679 2671 2727; x_wconf 83' lang='lat' dir='ltr'><strong>vero</strong></span> 
     </span>
     <span class='ocr_line' id='line_1_27' title="bbox 722 2745 2668 2835; baseline -0.005 -17"><span class='ocrx_word' id='word_1_181' title='bbox 722 2760 987 2820; x_wconf 90' lang='lat' dir='ltr'><strong>nostrae</strong></span> <span class='ocrx_word' id='word_1_182' title='bbox 1043 2752 1198 2818; x_wconf 89' lang='lat' dir='ltr'><strong>fidei</strong></span> <span class='ocrx_word' id='word_1_183' title='bbox 1239 2749 1517 2819; x_wconf 91' lang='lat' dir='ltr'><strong>creditos</strong></span> <span class='ocrx_word' id='word_1_184' title='bbox 1556 2771 1796 2835; x_wconf 88' lang='lat' dir='ltr'><strong>urgere</strong></span> <span class='ocrx_word' id='word_1_185' title='bbox 1838 2749 1922 2815; x_wconf 88' lang='lat' dir='ltr'><strong>ad</strong></span> <span class='ocrx_word' id='word_1_186' title='bbox 1962 2750 2285 2817; x_wconf 85' lang='lat' dir='ltr'><strong>sinceram</strong></span> <span class='ocrx_word' id='word_1_187' title='bbox 2327 2745 2668 2831; x_wconf 89' lang='lat' dir='ltr'><strong>poeniten-</strong></span> 
     </span>
     <span class='ocr_line' id='line_1_28' title="bbox 715 2831 2670 2920; baseline -0.005 -15"><span class='ocrx_word' id='word_1_188' title='bbox 715 2839 915 2919; x_wconf 85' lang='lat' dir='ltr'><strong>tiam,</strong></span> <span class='ocrx_word' id='word_1_189' title='bbox 957 2836 1042 2904; x_wconf 87' lang='lat' dir='ltr'><strong>ad</strong></span> <span class='ocrx_word' id='word_1_190' title='bbox 1083 2836 1358 2903; x_wconf 89' lang='lat' dir='ltr'><strong>solidam</strong></span> <span class='ocrx_word' id='word_1_191' title='bbox 1412 2836 1664 2920; x_wconf 88' lang='lat' dir='ltr'><strong>gratiae</strong></span> <span class='ocrx_word' id='word_1_192' title='bbox 1706 2835 2016 2902; x_wconf 88' lang='lat' dir='ltr'><strong>fiduciam</strong></span> <span class='ocrx_word' id='word_1_193' title='bbox 2056 2844 2125 2901; x_wconf 91' lang='lat' dir='ltr'><strong>et</strong></span> <span class='ocrx_word' id='word_1_194' title='bbox 2165 2854 2389 2917; x_wconf 90' lang='lat' dir='ltr'><strong>preces</strong></span> <span class='ocrx_word' id='word_1_195' title='bbox 2433 2831 2670 2897; x_wconf 88' lang='lat' dir='ltr'><strong>arden-</strong></span> 
     </span>
     <span class='ocr_line' id='line_1_29' title="bbox 718 2915 2673 3004; baseline -0.005 -14"><span class='ocrx_word' id='word_1_196' title='bbox 718 2924 1029 3004; x_wconf 89' lang='lat' dir='ltr'><strong>tissimas,</strong></span> <span class='ocrx_word' id='word_1_197' title='bbox 1073 2922 1132 2988; x_wconf 93' lang='lat' dir='ltr'><strong>si</strong></span> <span class='ocrx_word' id='word_1_198' title='bbox 1166 2923 1330 2988; x_wconf 89' lang='lat' dir='ltr'><strong>forte</strong></span> <span class='ocrx_word' id='word_1_199' title='bbox 1364 2922 1454 2987; x_wconf 91' lang='lat' dir='ltr'><strong>im</strong></span> <span class='ocrx_word' id='word_1_200' title='bbox 1540 2921 1811 2987; x_wconf 89' lang='lat' dir='ltr'><strong>udentia</strong></span> <span class='ocrx_word' id='word_1_201' title='bbox 1850 2921 2093 2987; x_wconf 85' lang='lat' dir='ltr'><strong>nostris</strong></span> <span class='ocrx_word' id='word_1_202' title='bbox 2136 2916 2456 3003; x_wconf 87' lang='lat' dir='ltr'><strong>capitibus</strong></span> <span class='ocrx_word' id='word_1_203' title='bbox 2495 2915 2673 2981; x_wconf 89' lang='lat' dir='ltr'><strong>mala</strong></span> 
     </span>
     <span class='ocr_line' id='line_1_30' title="bbox 720 2943 2673 3093; baseline -0.004 -17"><span class='ocrx_word' id='word_1_204' title='bbox 720 3016 1018 3076; x_wconf 82' lang='lat' dir='ltr'><strong>avertere</strong></span> <span class='ocrx_word' id='word_1_205' title='bbox 1061 3007 1367 3093; x_wconf 84' lang='lat' dir='ltr'><strong>dignetur</strong></span> <span class='ocrx_word' id='word_1_206' title='bbox 1420 2943 1705 3074; x_wconf 54' lang='lat' dir='ltr'><strong>offmens</strong></span> <span class='ocrx_word' id='word_1_207' title='bbox 1749 3007 2105 3086; x_wconf 88' lang='lat' dir='ltr'><strong>Dominus,</strong></span> <span class='ocrx_word' id='word_1_208' title='bbox 2162 3005 2276 3088; x_wconf 90' lang='lat' dir='ltr'><strong>qui</strong></span> <span class='ocrx_word' id='word_1_209' title='bbox 2328 3022 2673 3085; x_wconf 89' lang='lat' dir='ltr'><strong>nunquam</strong></span> 
     </span>
     <span class='ocr_line' id='line_1_31' title="bbox 722 3088 2672 3173; baseline -0.005 -12"><span class='ocrx_word' id='word_1_210' title='bbox 722 3094 907 3161; x_wconf 90' lang='lat' dir='ltr'><strong>deest</strong></span> <span class='ocrx_word' id='word_1_211' title='bbox 947 3095 1117 3160; x_wconf 89' lang='lat' dir='ltr'><strong>serio</strong></span> <span class='ocrx_word' id='word_1_212' title='bbox 1151 3114 1392 3159; x_wconf 90' lang='lat' dir='ltr'><strong>nomen</strong></span> <span class='ocrx_word' id='word_1_213' title='bbox 1434 3093 1575 3159; x_wconf 88' lang='lat' dir='ltr'><strong>eius</strong></span> <span class='ocrx_word' id='word_1_214' title='bbox 1618 3090 2089 3159; x_wconf 83' lang='lat' dir='ltr'><strong>invocantibus.</strong></span> <span class='ocrx_word' id='word_1_215' title='bbox 2157 3090 2378 3155; x_wconf 88' lang='lat' dir='ltr'><strong>Huius</strong></span> <span class='ocrx_word' id='word_1_216' title='bbox 2415 3088 2672 3173; x_wconf 72' lang='lat' dir='ltr'><strong>gratiae</strong></span> 
     </span>
     <span class='ocr_line' id='line_1_32' title="bbox 723 3176 2671 3246; baseline -0.005 0"><span class='ocrx_word' id='word_1_217' title='bbox 723 3187 792 3246; x_wconf 90' lang='lat' dir='ltr'><strong>te</strong></span> <span class='ocrx_word' id='word_1_218' title='bbox 833 3200 968 3245; x_wconf 88' lang='lat' dir='ltr'><strong>una</strong></span> <span class='ocrx_word' id='word_1_219' title='bbox 1010 3199 1161 3245; x_wconf 89' lang='lat' dir='ltr'><strong>cum</strong></span> <span class='ocrx_word' id='word_1_220' title='bbox 1203 3186 1429 3245; x_wconf 88' lang='lat' dir='ltr'><strong>sancta</strong></span> <span class='ocrx_word' id='word_1_221' title='bbox 1451 3178 1891 3244; x_wconf 82' lang='lat' dir='ltr'><strong>Genevatium</strong></span> <span class='ocrx_word' id='word_1_222' title='bbox 1932 3176 2205 3243; x_wconf 90' lang='lat' dir='ltr'><strong>ecclesia</strong></span> <span class='ocrx_word' id='word_1_223' title='bbox 2247 3182 2313 3241; x_wconf 90' lang='lat' dir='ltr'><strong>et</strong></span> <span class='ocrx_word' id='word_1_224' title='bbox 2355 3195 2505 3241; x_wconf 92' lang='lat' dir='ltr'><strong>cum</strong></span> <span class='ocrx_word' id='word_1_225' title='bbox 2533 3194 2671 3238; x_wconf 85' lang='lat' dir='ltr'><strong>om-</strong></span> 
     </span>
     <span class='ocr_line' id='line_1_33' title="bbox 722 3258 2672 3351; baseline -0.004 -21"><span class='ocrx_word' id='word_1_226' title='bbox 722 3263 921 3331; x_wconf 87' lang='lat' dir='ltr'><strong>nibus</strong></span> <span class='ocrx_word' id='word_1_227' title='bbox 964 3265 1345 3351; x_wconf 78' lang='lat' dir='ltr'><strong>symmystis</strong></span> <span class='ocrx_word' id='word_1_228' title='bbox 1394 3272 1459 3328; x_wconf 89' lang='lat' dir='ltr'><strong>et</strong></span> <span class='ocrx_word' id='word_1_229' title='bbox 1500 3270 1638 3328; x_wconf 90' lang='lat' dir='ltr'><strong>tota</strong></span> <span class='ocrx_word' id='word_1_230' title='bbox 1679 3263 1870 3329; x_wconf 93' lang='lat' dir='ltr'><strong>domo</strong></span> <span class='ocrx_word' id='word_1_231' title='bbox 1912 3271 2028 3327; x_wconf 83' lang='lat' dir='ltr'><strong>tua</strong></span> <span class='ocrx_word' id='word_1_232' title='bbox 2064 3260 2461 3328; x_wconf 92' lang='lat' dir='ltr'><strong>commendo.</strong></span> <span class='ocrx_word' id='word_1_233' title='bbox 2547 3258 2672 3324; x_wconf 83' lang='lat' dir='ltr'><strong>Sa-</strong></span> 
     </span>
     <span class='ocr_line' id='line_1_34' title="bbox 723 3345 2671 3432; baseline -0.002 -18"><span class='ocrx_word' id='word_1_234' title='bbox 723 3350 945 3415; x_wconf 88' lang='lat' dir='ltr'><strong>lutant</strong></span> <span class='ocrx_word' id='word_1_235' title='bbox 997 3358 1066 3416; x_wconf 87' lang='lat' dir='ltr'><strong>te</strong></span> <span class='ocrx_word' id='word_1_236' title='bbox 1120 3350 1354 3415; x_wconf 87' lang='lat' dir='ltr'><strong>fratres</strong></span> <span class='ocrx_word' id='word_1_237' title='bbox 1403 3348 1765 3432; x_wconf 75' lang='lat' dir='ltr'><strong>Meyander,</strong></span> <span class='ocrx_word' id='word_1_238' title='bbox 1825 3347 2225 3428; x_wconf 74' lang='lat' dir='ltr'><strong>Bibliander,</strong></span> <span class='ocrx_word' id='word_1_239' title='bbox 2292 3345 2671 3419; x_wconf 68' lang='lat' dir='ltr'><strong>pellicanus,</strong></span> 
     </span>
     <span class='ocr_line' id='line_1_35' title="bbox 731 3430 2219 3518; baseline -0.002 -17"><span class='ocrx_word' id='word_1_240' title='bbox 731 3434 1131 3515; x_wconf 64' lang='lat' dir='ltr'><strong>&amp;uulthem-9,</strong></span> <span class='ocrx_word' id='word_1_241' title='bbox 1177 3443 1244 3501; x_wconf 93' lang='lat' dir='ltr'><strong>et</strong></span> <span class='ocrx_word' id='word_1_242' title='bbox 1283 3433 1536 3518; x_wconf 90' lang='lat' dir='ltr'><strong>reliqui.</strong></span> <span class='ocrx_word' id='word_1_243' title='bbox 1632 3438 1709 3500; x_wconf 84' lang='lat'><strong>14</strong></span> <span class='ocrx_word' id='word_1_244' title='bbox 1755 3430 1983 3501; x_wconf 85' lang='lat' dir='ltr'><strong>Oetob.</strong></span> <span class='ocrx_word' id='word_1_245' title='bbox 2035 3436 2219 3499; x_wconf 86' lang='lat'><strong>1543.</strong></span> 
     </span>
    </p>
   </div>
   <div class='ocr_carea' id='block_1_3' title="bbox 1718 3568 2492 3653">
    <p class='ocr_par' dir='ltr' id='par_1_4' title="bbox 1718 3568 2492 3653">
     <span class='ocr_line' id='line_1_36' title="bbox 1718 3568 2492 3653; baseline -0.001 -19"><span class='ocrx_word' id='word_1_246' title='bbox 1718 3568 1808 3635; x_wconf 90' lang='lat' dir='ltr'><strong>H.</strong></span> <span class='ocrx_word' id='word_1_247' title='bbox 1854 3568 2276 3653; x_wconf 87' lang='lat' dir='ltr'><strong>Bullingerus</strong></span> <span class='ocrx_word' id='word_1_248' title='bbox 2318 3574 2492 3634; x_wconf 80' lang='lat' dir='ltr'><strong>tuus.</strong></span> 
     </span>
    </p>
   </div>
   <div class='ocr_carea' id='block_1_4' title="bbox 725 3726 1131 3737">
    <p class='ocr_par' dir='ltr' id='par_1_5' title="bbox 725 3726 1131 3737">
     <span class='ocr_line' id='line_1_37' title="bbox 725 3726 1131 3737; baseline 0 2430"><span class='ocrx_word' id='word_1_249' title='bbox 725 3726 1131 3737; x_wconf 95' lang='lat' dir='ltr'><strong> </strong></span> 
     </span>
    </p>
   </div>
   <div class='ocr_carea' id='block_1_5' title="bbox 719 3838 2675 4939">
    <p class='ocr_par' dir='ltr' id='par_1_6' title="bbox 754 3838 1797 3910">
     <span class='ocr_line' id='line_1_38' title="bbox 754 3838 1797 3910; baseline 0.001 -15"><span class='ocrx_word' id='word_1_250' title='bbox 754 3840 884 3904; x_wconf 70' lang='grc'><strong>507.</strong></span> <span class='ocrx_word' id='word_1_251' title='bbox 921 3838 980 3906; x_wconf 89' lang='grc'><strong>1)</strong></span> <span class='ocrx_word' id='word_1_252' title='bbox 1019 3840 1223 3895; x_wconf 73' lang='lat' dir='ltr'><strong>Acbwm</strong></span> <span class='ocrx_word' id='word_1_253' title='bbox 1253 3838 1387 3910; x_wconf 70' lang='lat' dir='ltr'><strong>ayit.</strong></span> <span class='ocrx_word' id='word_1_254' title='bbox 1421 3839 1548 3896; x_wconf 78' lang='lat' dir='ltr'><strong>vide</strong></span> <span class='ocrx_word' id='word_1_255' title='bbox 1579 3841 1651 3895; x_wconf 74' lang='lat' dir='ltr'><strong>N.</strong></span> <span class='ocrx_word' id='word_1_256' title='bbox 1678 3838 1797 3896; x_wconf 82' lang='lat'><strong>501.</strong></span> 
     </span>
    </p>

    <p class='ocr_par' dir='ltr' id='par_1_7' title="bbox 719 3909 2675 4939">
     <span class='ocr_line' id='line_1_39' title="bbox 927 3909 2673 3991; baseline -0.001 -28"><span class='ocrx_word' id='word_1_257' title='bbox 927 3909 983 3977; x_wconf 77' lang='lat'><strong>2)</strong></span> <span class='ocrx_word' id='word_1_258' title='bbox 1017 3909 1493 3964; x_wconf 86' lang='lat' dir='ltr'><strong>Hildesliemenses</strong></span> <span class='ocrx_word' id='word_1_259' title='bbox 1565 3912 1771 3964; x_wconf 81' lang='lat' dir='ltr'><strong>reiecta</strong></span> <span class='ocrx_word' id='word_1_260' title='bbox 1803 3910 2064 3980; x_wconf 81' lang='lat' dir='ltr'><strong>religione</strong></span> <span class='ocrx_word' id='word_1_261' title='bbox 2099 3909 2377 3991; x_wconf 81' lang='lat' dir='ltr'><strong>pontificia</strong></span> <span class='ocrx_word' id='word_1_262' title='bbox 2402 3913 2673 3964; x_wconf 78' lang='lat' dir='ltr'><strong>venerunt</strong></span> 
     </span>
     <span class='ocr_line' id='line_1_40' title="bbox 723 3977 2671 4061; baseline -0.001 -29"><span class='ocrx_word' id='word_1_263' title='bbox 723 3978 784 4032; x_wconf 89' lang='lat' dir='ltr'><strong>in</strong></span> <span class='ocrx_word' id='word_1_264' title='bbox 816 3977 1005 4032; x_wconf 83' lang='lat' dir='ltr'><strong>foedus</strong></span> <span class='ocrx_word' id='word_1_265' title='bbox 1038 3979 1477 4061; x_wconf 81' lang='lat' dir='ltr'><strong>protestantium.</strong></span> <span class='ocrx_word' id='word_1_266' title='bbox 1598 3980 1812 4049; x_wconf 88' lang='lat' dir='ltr'><strong>iscopus</strong></span> <span class='ocrx_word' id='word_1_267' title='bbox 1846 3986 2028 4033; x_wconf 90' lang='lat' dir='ltr'><strong>autem</strong></span> <span class='ocrx_word' id='word_1_268' title='bbox 2063 3995 2179 4033; x_wconf 89' lang='lat' dir='ltr'><strong>eius</strong></span> <span class='ocrx_word' id='word_1_269' title='bbox 2213 3979 2450 4033; x_wconf 81' lang='lat' dir='ltr'><strong>civitatis</strong></span> <span class='ocrx_word' id='word_1_270' title='bbox 2467 3978 2671 4033; x_wconf 86' lang='lat' dir='ltr'><strong>Valen-</strong></span> 
     </span>
     <span class='ocr_line' id='line_1_41' title="bbox 723 4046 2673 4185; baseline -0.001 -16"><span class='ocrx_word' id='word_1_271' title='bbox 723 4046 1539 4170; x_wconf 48' lang='lat' dir='ltr'><strong>ffinff‘m‘ffmzt</strong></span> <span class='ocrx_word' id='word_1_272' title='bbox 1554 4047 2041 4185; x_wconf 46' lang='lat' dir='ltr'><strong>matt&amp;</strong></span> <span class='ocrx_word' id='word_1_273' title='bbox 2053 4047 2673 4185; x_wconf 55' lang='grc' dir='ltr'><strong>ῗίῗὲὶἶζῗᾚὲἓξὲἓ</strong></span> 
     </span>
     <span class='ocr_line' id='line_1_42' title="bbox 725 4184 2672 4265; baseline -0.001 -28"><span class='ocrx_word' id='word_1_274' title='bbox 725 4188 785 4237; x_wconf 86' lang='lat' dir='ltr'><strong>et</strong></span> <span class='ocrx_word' id='word_1_275' title='bbox 817 4184 1074 4238; x_wconf 83' lang='lat' dir='ltr'><strong>ecclesiae</strong></span> <span class='ocrx_word' id='word_1_276' title='bbox 1109 4184 1249 4237; x_wconf 89' lang='lat' dir='ltr'><strong>ritus</strong></span> <span class='ocrx_word' id='word_1_277' title='bbox 1296 4190 1620 4251; x_wconf 82' lang='lat' dir='ltr'><strong>mutassent,</strong></span> <span class='ocrx_word' id='word_1_278' title='bbox 1670 4184 1816 4254; x_wconf 87' lang='lat' dir='ltr'><strong>quod</strong></span> <span class='ocrx_word' id='word_1_279' title='bbox 1860 4201 2031 4239; x_wconf 77' lang='lat' dir='ltr'><strong>novos</strong></span> <span class='ocrx_word' id='word_1_280' title='bbox 2076 4185 2439 4238; x_wconf 83' lang='lat' dir='ltr'><strong>instituissent</strong></span> <span class='ocrx_word' id='word_1_281' title='bbox 2482 4184 2672 4265; x_wconf 81' lang='lat' dir='ltr'><strong>populi</strong></span> 
     </span>
     <span class='ocr_line' id='line_1_43' title="bbox 726 4252 2673 4323; baseline -0.001 -17"><span class='ocrx_word' id='word_1_282' title='bbox 726 4252 1000 4318; x_wconf 85' lang='lat' dir='ltr'><strong>doctores,</strong></span> <span class='ocrx_word' id='word_1_283' title='bbox 1049 4252 1195 4322; x_wconf 88' lang='lat' dir='ltr'><strong>quod</strong></span> <span class='ocrx_word' id='word_1_284' title='bbox 1238 4253 1460 4308; x_wconf 88' lang='lat' dir='ltr'><strong>missam</strong></span> <span class='ocrx_word' id='word_1_285' title='bbox 1504 4253 1882 4323; x_wconf 82' lang='lat' dir='ltr'><strong>abrogassent,</strong></span> <span class='ocrx_word' id='word_1_286' title='bbox 1927 4252 2073 4322; x_wconf 87' lang='lat' dir='ltr'><strong>quod</strong></span> <span class='ocrx_word' id='word_1_287' title='bbox 2107 4255 2362 4323; x_wconf 86' lang='lat' dir='ltr'><strong>antiquae</strong></span> <span class='ocrx_word' id='word_1_288' title='bbox 2395 4253 2673 4322; x_wconf 75' lang='lat' dir='ltr'><strong>religionis</strong></span> 
     </span>
     <span class='ocr_line' id='line_1_44' title="bbox 726 4321 2675 4392; baseline -0.001 -18"><span class='ocrx_word' id='word_1_289' title='bbox 726 4325 1024 4375; x_wconf 85' lang='lat' dir='ltr'><strong>sectatores</strong></span> <span class='ocrx_word' id='word_1_290' title='bbox 1057 4322 1398 4388; x_wconf 85' lang='lat' dir='ltr'><strong>mulctarent,</strong></span> <span class='ocrx_word' id='word_1_291' title='bbox 1435 4323 1640 4392; x_wconf 85' lang='lat' dir='ltr'><strong>templa</strong></span> <span class='ocrx_word' id='word_1_292' title='bbox 1671 4322 1977 4389; x_wconf 85' lang='lat' dir='ltr'><strong>diruerent,</strong></span> <span class='ocrx_word' id='word_1_293' title='bbox 2014 4321 2497 4375; x_wconf 86' lang='lat' dir='ltr'><strong>ecclesiasticorum</strong></span> <span class='ocrx_word' id='word_1_294' title='bbox 2531 4322 2675 4374; x_wconf 90' lang='lat' dir='ltr'><strong>bona</strong></span> 
     </span>
     <span class='ocr_line' id='line_1_45' title="bbox 721 4389 2674 4459; baseline -0.001 -16"><span class='ocrx_word' id='word_1_295' title='bbox 721 4390 949 4443; x_wconf 84' lang='lat' dir='ltr'><strong>mobilia</strong></span> <span class='ocrx_word' id='word_1_296' title='bbox 980 4390 1068 4443; x_wconf 82' lang='lat' dir='ltr'><strong>vel</strong></span> <span class='ocrx_word' id='word_1_297' title='bbox 1103 4391 1432 4444; x_wconf 54' lang='lat' dir='ltr'><strong>amor-issent</strong></span> <span class='ocrx_word' id='word_1_298' title='bbox 1463 4391 1554 4444; x_wconf 80' lang='lat' dir='ltr'><strong>vel</strong></span> <span class='ocrx_word' id='word_1_299' title='bbox 1589 4390 1913 4455; x_wconf 85' lang='lat' dir='ltr'><strong>detinerent,</strong></span> <span class='ocrx_word' id='word_1_300' title='bbox 1947 4406 2121 4459; x_wconf 87' lang='lat' dir='ltr'><strong>nuper</strong></span> <span class='ocrx_word' id='word_1_301' title='bbox 2155 4390 2319 4443; x_wconf 84' lang='lat' dir='ltr'><strong>etiam</strong></span> <span class='ocrx_word' id='word_1_302' title='bbox 2350 4389 2512 4443; x_wconf 83' lang='lat' dir='ltr'><strong>editis</strong></span> <span class='ocrx_word' id='word_1_303' title='bbox 2531 4389 2674 4443; x_wconf 86' lang='lat' dir='ltr'><strong>ludis</strong></span> 
     </span>
     <span class='ocr_line' id='line_1_46' title="bbox 723 4456 2673 4529; baseline -0.001 -18"><span class='ocrx_word' id='word_1_304' title='bbox 723 4458 791 4511; x_wconf 87' lang='lat' dir='ltr'><strong>B.</strong></span> <span class='ocrx_word' id='word_1_305' title='bbox 811 4456 1094 4527; x_wconf 84' lang='lat' dir='ltr'><strong>Virginem</strong></span> <span class='ocrx_word' id='word_1_306' title='bbox 1129 4459 1228 4512; x_wconf 88' lang='lat' dir='ltr'><strong>reli</strong></span> <span class='ocrx_word' id='word_1_307' title='bbox 1272 4475 1476 4529; x_wconf 89' lang='lat' dir='ltr'><strong>uosque</strong></span> <span class='ocrx_word' id='word_1_308' title='bbox 1510 4458 1666 4513; x_wconf 78' lang='lat' dir='ltr'><strong>divos</strong></span> <span class='ocrx_word' id='word_1_309' title='bbox 1700 4474 1800 4527; x_wconf 90' lang='lat' dir='ltr'><strong>per</strong></span> <span class='ocrx_word' id='word_1_310' title='bbox 1822 4458 2115 4512; x_wconf 80' lang='lat' dir='ltr'><strong>ludibrium</strong></span> <span class='ocrx_word' id='word_1_311' title='bbox 2136 4459 2297 4527; x_wconf 83' lang='lat' dir='ltr'><strong>vulgo</strong></span> <span class='ocrx_word' id='word_1_312' title='bbox 2313 4457 2673 4525; x_wconf 80' lang='lat' dir='ltr'><strong>traduxerint,</strong></span> 
     </span>
     <span class='ocr_line' id='line_1_47' title="bbox 719 4524 2672 4607; baseline 0.001 -29"><span class='ocrx_word' id='word_1_313' title='bbox 719 4524 871 4594; x_wconf 85' lang='lat' dir='ltr'><strong>quod</strong></span> <span class='ocrx_word' id='word_1_314' title='bbox 907 4526 1075 4607; x_wconf 82' lang='lat' dir='ltr'><strong>ipsius</strong></span> <span class='ocrx_word' id='word_1_315' title='bbox 1108 4527 1127 4579; x_wconf 90' lang='lat' dir='ltr'><strong>i</strong></span> <span class='ocrx_word' id='word_1_316' title='bbox 1199 4527 1211 4540; x_wconf 76' lang='lat'>⁸</span> <span class='ocrx_word' id='word_1_317' title='bbox 1285 4527 1468 4580; x_wconf 84' lang='lat' dir='ltr'><strong>&#39;ctioni</strong></span> <span class='ocrx_word' id='word_1_318' title='bbox 1502 4543 1561 4580; x_wconf 90' lang='lat' dir='ltr'><strong>se</strong></span> <span class='ocrx_word' id='word_1_319' title='bbox 1596 4526 1913 4581; x_wconf 84' lang='lat' dir='ltr'><strong>subtrahere</strong></span> <span class='ocrx_word' id='word_1_320' title='bbox 1948 4528 2265 4597; x_wconf 87' lang='lat' dir='ltr'><strong>cogitarent,</strong></span> <span class='ocrx_word' id='word_1_321' title='bbox 2303 4526 2447 4607; x_wconf 83' lang='lat' dir='ltr'><strong>quod</strong></span> <span class='ocrx_word' id='word_1_322' title='bbox 2473 4528 2532 4580; x_wconf 88' lang='lat' dir='ltr'><strong>in</strong></span> <span class='ocrx_word' id='word_1_323' title='bbox 2548 4542 2672 4596; x_wconf 88' lang='lat' dir='ltr'><strong>pro-</strong></span> 
     </span>
     <span class='ocr_line' id='line_1_48' title="bbox 721 4594 2673 4675; baseline 0 -28"><span class='ocrx_word' id='word_1_324' title='bbox 721 4598 1045 4675; x_wconf 68' lang='lat' dir='ltr'><strong>testaptium</strong></span> <span class='ocrx_word' id='word_1_325' title='bbox 1078 4594 1267 4649; x_wconf 76' lang='lat' dir='ltr'><strong>foedus</strong></span> <span class='ocrx_word' id='word_1_326' title='bbox 1288 4612 1347 4650; x_wconf 87' lang='lat' dir='ltr'><strong>se</strong></span> <span class='ocrx_word' id='word_1_327' title='bbox 1365 4595 1658 4661; x_wconf 81' lang='lat' dir='ltr'><strong>dedissent,</strong></span> <span class='ocrx_word' id='word_1_328' title='bbox 1685 4596 1832 4664; x_wconf 90' lang='lat' dir='ltr'><strong>quod</strong></span> <span class='ocrx_word' id='word_1_329' title='bbox 1849 4596 2140 4650; x_wconf 89' lang='lat' dir='ltr'><strong>monachos</strong></span> <span class='ocrx_word' id='word_1_330' title='bbox 2174 4599 2232 4648; x_wconf 89' lang='lat' dir='ltr'><strong>et</strong></span> <span class='ocrx_word' id='word_1_331' title='bbox 2265 4595 2401 4648; x_wconf 85' lang='lat' dir='ltr'><strong>ahos</strong></span> <span class='ocrx_word' id='word_1_332' title='bbox 2438 4595 2508 4648; x_wconf 87' lang='lat' dir='ltr'><strong>ad</strong></span> <span class='ocrx_word' id='word_1_333' title='bbox 2545 4611 2673 4647; x_wconf 85' lang='lat' dir='ltr'><strong>suae</strong></span> 
     </span>
     <span class='ocr_line' id='line_1_49' title="bbox 725 4662 2673 4733; baseline 0 -17"><span class='ocrx_word' id='word_1_334' title='bbox 725 4662 828 4716; x_wconf 85' lang='lat' dir='ltr'><strong>reli</strong></span> <span class='ocrx_word' id='word_1_335' title='bbox 886 4679 1006 4715; x_wconf 85' lang='lat' dir='ltr'><strong>onis</strong></span> <span class='ocrx_word' id='word_1_336' title='bbox 1041 4664 1476 4719; x_wconf 77' lang='lat' dir='ltr'><strong>observationem</strong></span> <span class='ocrx_word' id='word_1_337' title='bbox 1510 4665 1567 4717; x_wconf 79' lang='lat' dir='ltr'><strong>vi</strong></span> <span class='ocrx_word' id='word_1_338' title='bbox 1605 4670 1888 4733; x_wconf 88' lang='lat' dir='ltr'><strong>cogerent,</strong></span> <span class='ocrx_word' id='word_1_339' title='bbox 1924 4670 2028 4718; x_wconf 91' lang='lat' dir='ltr'><strong>etc.</strong></span> <span class='ocrx_word' id='word_1_340' title='bbox 2096 4663 2200 4717; x_wconf 88' lang='lat' dir='ltr'><strong>His</strong></span> <span class='ocrx_word' id='word_1_341' title='bbox 2239 4663 2439 4716; x_wconf 86' lang='lat' dir='ltr'><strong>auditis</strong></span> <span class='ocrx_word' id='word_1_342' title='bbox 2475 4663 2673 4716; x_wconf 89' lang='lat' dir='ltr'><strong>Caesar</strong></span> 
     </span>
     <span class='ocr_line' id='line_1_50' title="bbox 721 4680 2674 4815; baseline 0.001 -31"><span class='ocrx_word' id='word_1_343' title='bbox 721 4730 782 4784; x_wconf 77' lang='lat' dir='ltr'><strong>d.</strong></span> <span class='ocrx_word' id='word_1_344' title='bbox 817 4680 884 4785; x_wconf 55' lang='lat' dir='ltr'><strong>gl</strong></span> <span class='ocrx_word' id='word_1_345' title='bbox 885 4732 1116 4801; x_wconf 78' lang='lat' dir='ltr'><strong>Augusti</strong></span> <span class='ocrx_word' id='word_1_346' title='bbox 1149 4732 1468 4815; x_wconf 38' lang='lat' dir='ltr'><strong>Wprmacia-</strong></span> <span class='ocrx_word' id='word_1_347' title='bbox 1493 4732 1590 4786; x_wconf 83' lang='lat' dir='ltr'><strong>dat</strong></span> <span class='ocrx_word' id='word_1_348' title='bbox 1633 4734 1820 4786; x_wconf 82' lang='lat' dir='ltr'><strong>literas</strong></span> <span class='ocrx_word' id='word_1_349' title='bbox 1856 4732 2404 4813; x_wconf 38' lang='lat' dir='ltr'><strong>quibus-gravissime</strong></span> <span class='ocrx_word' id='word_1_350' title='bbox 2436 4733 2674 4814; x_wconf 75' lang='lat' dir='ltr'><strong>minatus</strong></span> 
     </span>
     <span class='ocr_line' id='line_1_51' title="bbox 723 4799 2673 4885; baseline 0 -32"><span class='ocrx_word' id='word_1_351' title='bbox 723 4799 952 4855; x_wconf 78' lang='lat' dir='ltr'><strong>mandat</strong></span> <span class='ocrx_word' id='word_1_352' title='bbox 983 4805 1048 4853; x_wconf 89' lang='lat' dir='ltr'><strong>iit</strong></span> <span class='ocrx_word' id='word_1_353' title='bbox 1079 4816 1261 4855; x_wconf 89' lang='lat' dir='ltr'><strong>omnia</strong></span> <span class='ocrx_word' id='word_1_354' title='bbox 1293 4819 1350 4855; x_wconf 88' lang='lat' dir='ltr'><strong>in</strong></span> <span class='ocrx_word' id='word_1_355' title='bbox 1384 4807 1673 4885; x_wconf 79' lang='lat' dir='ltr'><strong>pristinum</strong></span> <span class='ocrx_word' id='word_1_356' title='bbox 1707 4808 1908 4855; x_wconf 85' lang='lat' dir='ltr'><strong>statum</strong></span> <span class='ocrx_word' id='word_1_357' title='bbox 1942 4806 2238 4855; x_wconf 78' lang='lat' dir='ltr'><strong>restituant</strong></span> <span class='ocrx_word' id='word_1_358' title='bbox 2270 4800 2442 4854; x_wconf 88' lang='lat' dir='ltr'><strong>donec</strong></span> <span class='ocrx_word' id='word_1_359' title='bbox 2458 4802 2673 4868; x_wconf 87' lang='lat' dir='ltr'><strong>publice</strong></span> 
     </span>
     <span class='ocr_line' id='line_1_52' title="bbox 721 4868 2672 4939; baseline 0.002 -18"><span class='ocrx_word' id='word_1_360' title='bbox 721 4868 936 4938; x_wconf 77' lang='lat' dir='ltr'><strong>aliquid</strong></span> <span class='ocrx_word' id='word_1_361' title='bbox 968 4868 1244 4926; x_wconf 87' lang='lat' dir='ltr'><strong>decretum</strong></span> <span class='ocrx_word' id='word_1_362' title='bbox 1279 4870 1455 4925; x_wconf 82' lang='lat' dir='ltr'><strong>fuerit.</strong></span> <span class='ocrx_word' id='word_1_363' title='bbox 1494 4869 1769 4939; x_wconf 70' lang='lat' dir='ltr'><strong>(Skidan.</strong></span> <span class='ocrx_word' id='word_1_364' title='bbox 1786 4870 1877 4927; x_wconf 84' lang='lat'><strong>11.</strong></span> <span class='ocrx_word' id='word_1_365' title='bbox 1895 4868 2014 4937; x_wconf 79' lang='lat'><strong>317,</strong></span> <span class='ocrx_word' id='word_1_366' title='bbox 2050 4868 2437 4936; x_wconf 74' lang='lat' dir='ltr'><strong>cf.Hortleder</strong></span> <span class='ocrx_word' id='word_1_367' title='bbox 2455 4869 2672 4925; x_wconf 74' lang='lat' dir='ltr'><strong>Lli‘ls.</strong></span> 
     </span>
    </p>
   </div>
   <div class='ocr_carea' id='block_1_6' title="bbox 1497 5116 1898 5125">
    <p class='ocr_par' dir='ltr' id='par_1_8' title="bbox 1497 5116 1898 5125">
     <span class='ocr_line' id='line_1_53' title="bbox 1497 5116 1898 5125; baseline -0.005 -1"><span class='ocrx_word' id='word_1_368' title='bbox 1497 5116 1898 5125; x_wconf 67' lang='lat'><strong>——..-—--———-</strong></span> 
     </span>
    </p>
   </div>
   <div class='ocr_carea' id='block_1_7' title="bbox 2265 417 3178 486">
    <p class='ocr_par' dir='ltr' id='par_1_9' title="bbox 2265 417 3178 486">
     <span class='ocr_line' id='line_1_54' title="bbox 2265 417 3178 486; baseline -0.005 0"><span class='ocrx_word' id='word_1_369' title='bbox 2265 417 2794 486; x_wconf 66' lang='lat' dir='ltr'><strong>EPIS&#39;JJOLAE</strong></span> <span class='ocrx_word' id='word_1_370' title='bbox 2841 419 3178 483; x_wconf 80' lang='lat'>507--508</span> 
     </span>
    </p>
   </div>
   <div class='ocr_carea' id='block_1_8' title="bbox 2708 614 2747 5369">
    <p class='ocr_par' dir='ltr' id='par_1_10' title="bbox 2708 614 2747 5369">
     <span class='ocr_line' id='line_1_55' title="bbox 2708 614 2747 5369; baseline 0 0"><span class='ocrx_word' id='word_1_371' title='bbox 2708 614 2747 5369; x_wconf 95' lang='lat' dir='ltr'><strong> </strong></span> 
     </span>
    </p>
   </div>
   <div class='ocr_carea' id='block_1_9' title="bbox 4577 420 4687 483">
    <p class='ocr_par' dir='ltr' id='par_1_11' title="bbox 4577 420 4687 483">
     <span class='ocr_line' id='line_1_56' title="bbox 4577 420 4687 483; baseline 0.018 -2"><span class='ocrx_word' id='word_1_372' title='bbox 4577 420 4687 483; x_wconf 77' lang='lat'><strong>628</strong></span> 
     </span>
    </p>
   </div>
   <div class='ocr_carea' id='block_1_10' title="bbox 3129 606 4378 829">
    <p class='ocr_par' dir='ltr' id='par_1_12' title="bbox 3129 606 4378 829">
     <span class='ocr_line' id='line_1_57' title="bbox 3673 606 3827 678; baseline 0.006 -1"><span class='ocrx_word' id='word_1_373' title='bbox 3673 606 3827 678; x_wconf 80' lang='lat'><strong>5⁰8.</strong></span> 
     </span>
     <span class='ocr_line' id='line_1_58' title="bbox 3129 741 4378 829; baseline -0.001 -19"><span class='ocrx_word' id='word_1_374' title='bbox 3129 742 3482 813; x_wconf 80' lang='lat' dir='ltr'><strong>GALVIN</strong></span> <span class='ocrx_word' id='word_1_375' title='bbox 3523 747 3589 812; x_wconf 84' lang='lat' dir='ltr'>A</span> <span class='ocrx_word' id='word_1_376' title='bbox 3629 746 3723 811; x_wconf 82' lang='lat' dir='ltr'><strong>M.</strong></span> <span class='ocrx_word' id='word_1_377' title='bbox 3770 742 3897 810; x_wconf 82' lang='lat' dir='ltr'><strong>DE</strong></span> <span class='ocrx_word' id='word_1_378' title='bbox 3941 741 4301 812; x_wconf 74' lang='lat' dir='ltr'><strong>FALAIS.</strong></span> <span class='ocrx_word' id='word_1_379' title='bbox 4331 742 4378 829; x_wconf 86' lang='lat'><strong>¹)</strong></span> 
     </span>
    </p>
   </div>
   <div class='ocr_carea' id='block_1_11' title="bbox 2776 897 4705 1241">
    <p class='ocr_par' dir='ltr' id='par_1_13' title="bbox 2776 897 4705 1241">
     <span class='ocr_line' id='line_1_59' title="bbox 2952 897 4703 984; baseline 0.001 -21"><span class='ocrx_word' id='word_1_380' title='bbox 2952 900 3003 963; x_wconf 89' lang='lat' dir='ltr'><strong><em>I</em></strong></span> <span class='ocrx_word' id='word_1_381' title='bbox 3006 899 3030 964; x_wconf 77' lang='lat' dir='ltr'><em>l</em></span> <span class='ocrx_word' id='word_1_382' title='bbox 3084 898 3179 963; x_wconf 80' lang='lat' dir='ltr'><strong>lui</strong></span> <span class='ocrx_word' id='word_1_383' title='bbox 3220 900 3413 984; x_wconf 67' lang='lat' dir='ltr'><strong>par-le</strong></span> <span class='ocrx_word' id='word_1_384' title='bbox 3469 920 3544 965; x_wconf 83' lang='lat' dir='ltr'><strong>en</strong></span> <span class='ocrx_word' id='word_1_385' title='bbox 3598 904 3816 964; x_wconf 72' lang='lat' dir='ltr'><strong>terme-s·</strong></span> <span class='ocrx_word' id='word_1_386' title='bbox 3868 897 4441 964; x_wconf 78' lang='lat' dir='ltr'><strong>intentionellement</strong></span> <span class='ocrx_word' id='word_1_387' title='bbox 4487 917 4703 981; x_wconf 66' lang='lat' dir='ltr'><strong>eaque-³</strong></span> 
     </span>
     <span class='ocr_line' id='line_1_60' title="bbox 2778 982 4700 1069; baseline -0.002 -17"><span class='ocrx_word' id='word_1_388' title='bbox 2778 987 2855 1052; x_wconf 81' lang='lat' dir='ltr'><strong>de</strong></span> <span class='ocrx_word' id='word_1_389' title='bbox 2897 1004 3008 1052; x_wconf 78' lang='lat' dir='ltr'><strong>son</strong></span> <span class='ocrx_word' id='word_1_390' title='bbox 3051 987 3350 1051; x_wconf 74' lang='lat' dir='ltr'><strong>intention</strong></span> <span class='ocrx_word' id='word_1_391' title='bbox 3392 986 3466 1050; x_wconf 83' lang='lat' dir='ltr'><strong>de</strong></span> <span class='ocrx_word' id='word_1_392' title='bbox 3505 985 3868 1066; x_wconf 74' lang='lat' dir='ltr'><strong>s&#39;expatrier</strong></span> <span class='ocrx_word' id='word_1_393' title='bbox 3908 1005 4080 1069; x_wconf 78' lang='lat' dir='ltr'><strong>pour</strong></span> <span class='ocrx_word' id='word_1_394' title='bbox 4120 1003 4304 1050; x_wconf 78' lang='lat' dir='ltr'><strong>cause</strong></span> <span class='ocrx_word' id='word_1_395' title='bbox 4345 982 4419 1047; x_wconf 78' lang='lat' dir='ltr'><strong>de</strong></span> <span class='ocrx_word' id='word_1_396' title='bbox 4456 983 4700 1064; x_wconf 73' lang='lat' dir='ltr'><strong>reliqion</strong></span> 
     </span>
     <span class='ocr_line' id='line_1_61' title="bbox 2776 1069 4705 1154; baseline -0.002 -16"><span class='ocrx_word' id='word_1_397' title='bbox 2776 1077 2833 1138; x_wconf 78' lang='lat' dir='ltr'><strong>et</strong></span> <span class='ocrx_word' id='word_1_398' title='bbox 2866 1071 3113 1138; x_wconf 76' lang='lat' dir='ltr'><strong>cherohe</strong></span> <span class='ocrx_word' id='word_1_399' title='bbox 3147 1073 3189 1137; x_wconf 83' lang='grc' dir='ltr'>ἀ</span> <span class='ocrx_word' id='word_1_400' title='bbox 3223 1072 3552 1154; x_wconf 78' lang='lat' dir='ltr'><strong>l’affermir</strong></span> <span class='ocrx_word' id='word_1_401' title='bbox 3584 1074 3748 1139; x_wconf 81' lang='lat' dir='ltr'><strong>dans</strong></span> <span class='ocrx_word' id='word_1_402' title='bbox 3779 1093 3879 1137; x_wconf 81' lang='lat' dir='ltr'><strong>ses</strong></span> <span class='ocrx_word' id='word_1_403' title='bbox 3912 1072 4264 1138; x_wconf 74' lang='lat' dir='ltr'><strong>sentiments</strong></span> <span class='ocrx_word' id='word_1_404' title='bbox 4297 1069 4705 1154; x_wconf 61' lang='lat' dir='ltr'><strong>evanqeliques</strong></span> 
     </span>
     <span class='ocr_line' id='line_1_62' title="bbox 2778 1157 4171 1241; baseline -0.001 -18"><span class='ocrx_word' id='word_1_405' title='bbox 2778 1164 2836 1224; x_wconf 76' lang='lat' dir='ltr'><strong>et</strong></span> <span class='ocrx_word' id='word_1_406' title='bbox 2878 1157 2921 1223; x_wconf 81' lang='grc' dir='ltr'>ὰ</span> <span class='ocrx_word' id='word_1_407' title='bbox 2964 1158 3059 1222; x_wconf 82' lang='lat' dir='ltr'><strong>lui</strong></span> <span class='ocrx_word' id='word_1_408' title='bbox 3099 1159 3321 1224; x_wconf 80' lang='lat' dir='ltr'><strong>rendre</strong></span> <span class='ocrx_word' id='word_1_409' title='bbox 3361 1159 3419 1224; x_wconf 82' lang='lat' dir='ltr'><strong>le</strong></span> <span class='ocrx_word' id='word_1_410' title='bbox 3461 1159 3742 1240; x_wconf 75' lang='lat' dir='ltr'><strong>sacrifice</strong></span> <span class='ocrx_word' id='word_1_411' title='bbox 3771 1158 3928 1241; x_wconf 75' lang='lat' dir='ltr'><strong>plus</strong></span> <span class='ocrx_word' id='word_1_412' title='bbox 3961 1158 4171 1241; x_wconf 76' lang='lat' dir='ltr'><strong>facile.</strong></span> 
     </span>
    </p>
   </div>
   <div class='ocr_carea' id='block_1_12' title="bbox 2782 1306 4705 1571">
    <p class='ocr_par' dir='ltr' id='par_1_14' title="bbox 2782 1306 4705 1571">
     <span class='ocr_line' id='line_1_63' title="bbox 2782 1306 4705 1383; baseline -0.003 -16"><span class='ocrx_word' id='word_1_413' title='bbox 2782 1314 3051 1383; x_wconf 85' lang='lat' dir='ltr'><strong>(Autogra</strong></span> <span class='ocrx_word' id='word_1_414' title='bbox 3091 1313 3161 1367; x_wconf 86' lang='lat' dir='ltr'><strong>lie</strong></span> <span class='ocrx_word' id='word_1_415' title='bbox 3205 1312 3274 1366; x_wconf 89' lang='lat' dir='ltr'><strong>de</strong></span> <span class='ocrx_word' id='word_1_416' title='bbox 3318 1314 3374 1365; x_wconf 87' lang='lat' dir='ltr'><strong>la</strong></span> <span class='ocrx_word' id='word_1_417' title='bbox 3418 1313 3560 1366; x_wconf 88' lang='lat' dir='ltr'><strong>Bibl.</strong></span> <span class='ocrx_word' id='word_1_418' title='bbox 3599 1312 3668 1366; x_wconf 91' lang='lat' dir='ltr'><strong>de</strong></span> <span class='ocrx_word' id='word_1_419' title='bbox 3703 1311 3924 1367; x_wconf 72' lang='lat' dir='ltr'><strong>Geneve</strong></span> <span class='ocrx_word' id='word_1_420' title='bbox 3968 1311 4099 1367; x_wconf 82' lang='lat' dir='ltr'><strong>eod.</strong></span> <span class='ocrx_word' id='word_1_421' title='bbox 4137 1306 4264 1378; x_wconf 77' lang='lat'><strong>194,</strong></span> <span class='ocrx_word' id='word_1_422' title='bbox 4296 1308 4389 1365; x_wconf 82' lang='lat' dir='ltr'><strong>fol.</strong></span> <span class='ocrx_word' id='word_1_423' title='bbox 4423 1307 4471 1362; x_wconf 87' lang='lat'><strong>8.</strong></span> <span class='ocrx_word' id='word_1_424' title='bbox 4506 1338 4571 1348; x_wconf 92' lang='lat'>—</span> <span class='ocrx_word' id='word_1_425' title='bbox 4602 1308 4705 1361; x_wconf 87' lang='lat' dir='ltr'><strong>Im·</strong></span> 
     </span>
     <span class='ocr_line' id='line_1_64' title="bbox 2817 1375 4704 1450; baseline -0.004 -14"><span class='ocrx_word' id='word_1_426' title='bbox 2817 1382 2982 1436; x_wconf 79' lang='lat' dir='ltr'><strong>rimee</strong></span> <span class='ocrx_word' id='word_1_427' title='bbox 3068 1399 3164 1435; x_wconf 88' lang='lat' dir='ltr'><strong>aus</strong></span> <span class='ocrx_word' id='word_1_428' title='bbox 3211 1383 3290 1435; x_wconf 89' lang='lat' dir='ltr'><strong>les</strong></span> <span class='ocrx_word' id='word_1_429' title='bbox 3339 1382 3559 1435; x_wconf 88' lang='lat' dir='ltr'><strong>Lettres</strong></span> <span class='ocrx_word' id='word_1_430' title='bbox 3604 1380 3639 1434; x_wconf 72' lang='lat' dir='ltr'><strong>a</strong></span> <span class='ocrx_word' id='word_1_431' title='bbox 3671 1381 3877 1450; x_wconf 87' lang='lat' dir='ltr'><strong>Jaques</strong></span> <span class='ocrx_word' id='word_1_432' title='bbox 3923 1380 3992 1434; x_wconf 87' lang='lat' dir='ltr'><strong>de</strong></span> <span class='ocrx_word' id='word_1_433' title='bbox 4028 1381 4352 1448; x_wconf 85' lang='lat' dir='ltr'><strong>Bourgogue</strong></span> <span class='ocrx_word' id='word_1_434' title='bbox 4397 1394 4452 1447; x_wconf 88' lang='lat' dir='ltr'><strong>p.</strong></span> <span class='ocrx_word' id='word_1_435' title='bbox 4487 1375 4539 1447; x_wconf 85' lang='lat'><strong>1,</strong></span> <span class='ocrx_word' id='word_1_436' title='bbox 4578 1378 4704 1429; x_wconf 87' lang='lat' dir='ltr'><strong>daus</strong></span> 
     </span>
     <span class='ocr_line' id='line_1_65' title="bbox 2799 1444 4704 1571; baseline -0.002 -67"><span class='ocrx_word' id='word_1_437' title='bbox 2799 1467 2857 1504; x_wconf 88' lang='lat' dir='ltr'><strong>es</strong></span> <span class='ocrx_word' id='word_1_438' title='bbox 2892 1452 3108 1506; x_wconf 89' lang='lat' dir='ltr'><strong>Lettres</strong></span> <span class='ocrx_word' id='word_1_439' title='bbox 3142 1450 3436 1520; x_wconf 74' lang='lat' dir='ltr'><strong>francaises</strong></span> <span class='ocrx_word' id='word_1_440' title='bbox 3471 1450 3539 1503; x_wconf 87' lang='lat' dir='ltr'><strong>de</strong></span> <span class='ocrx_word' id='word_1_441' title='bbox 3576 1450 3790 1571; x_wconf 55' lang='lat' dir='ltr'><strong>Bonngt</strong></span> <span class='ocrx_word' id='word_1_442' title='bbox 3822 1450 3862 1504; x_wconf 92' lang='lat'><strong>1.</strong></span> <span class='ocrx_word' id='word_1_443' title='bbox 3909 1466 3960 1518; x_wconf 89' lang='lat' dir='ltr'><strong>p.</strong></span> <span class='ocrx_word' id='word_1_444' title='bbox 3998 1447 4081 1514; x_wconf 79' lang='lat'><strong>93,</strong></span> <span class='ocrx_word' id='word_1_445' title='bbox 4131 1455 4189 1502; x_wconf 89' lang='lat' dir='ltr'><strong>et</strong></span> <span class='ocrx_word' id='word_1_446' title='bbox 4224 1464 4293 1501; x_wconf 88' lang='lat' dir='ltr'><strong>eu</strong></span> <span class='ocrx_word' id='word_1_447' title='bbox 4327 1446 4533 1516; x_wconf 86' lang='lat' dir='ltr'><strong>anglais</strong></span> <span class='ocrx_word' id='word_1_448' title='bbox 4564 1445 4627 1501; x_wconf 81' lang='grc' dir='ltr'><strong>Τ.</strong></span> <span class='ocrx_word' id='word_1_449' title='bbox 4656 1444 4704 1500; x_wconf 92' lang='lat'><strong>1.</strong></span> 
     </span>
    </p>
   </div>
   <div class='ocr_carea' id='block_1_13' title="bbox 3629 1517 3865 1588">
    <p class='ocr_par' dir='ltr' id='par_1_15' title="bbox 3629 1517 3865 1588">
     <span class='ocr_line' id='line_1_66' title="bbox 3629 1517 3865 1588; baseline -0.013 -14"><span class='ocrx_word' id='word_1_450' title='bbox 3629 1536 3682 1588; x_wconf 90' lang='lat' dir='ltr'><strong>p.</strong></span> <span class='ocrx_word' id='word_1_451' title='bbox 3754 1517 3865 1585; x_wconf 81' lang='lat'><strong>71.)</strong></span> 
     </span>
    </p>
   </div>
   <div class='ocr_carea' id='block_1_14' title="bbox 2776 1666 4709 1757">
    <p class='ocr_par' dir='ltr' id='par_1_16' title="bbox 2776 1666 4709 1757">
     <span class='ocr_line' id='line_1_67' title="bbox 2776 1666 4709 1757; baseline -0.003 -18"><span class='ocrx_word' id='word_1_452' title='bbox 2776 1677 2841 1739; x_wconf 85' lang='lat' dir='ltr'>A</span> <span class='ocrx_word' id='word_1_453' title='bbox 2858 1684 3028 1739; x_wconf 84' lang='lat' dir='ltr'><strong>&#39;mon</strong></span> <span class='ocrx_word' id='word_1_454' title='bbox 3063 1673 3190 1738; x_wconf 90' lang='lat' dir='ltr'><strong>bon</strong></span> <span class='ocrx_word' id='word_1_455' title='bbox 3224 1672 3530 1756; x_wconf 86' lang='lat' dir='ltr'><strong>seigneur</strong></span> <span class='ocrx_word' id='word_1_456' title='bbox 3562 1680 3629 1738; x_wconf 92' lang='lat' dir='ltr'><strong>et</strong></span> <span class='ocrx_word' id='word_1_457' title='bbox 3671 1692 3827 1757; x_wconf 80' lang='lat' dir='ltr'><strong>amy</strong></span> <span class='ocrx_word' id='word_1_458' title='bbox 3869 1672 4000 1737; x_wconf 92' lang='lat' dir='ltr'><strong>sire</strong></span> <span class='ocrx_word' id='word_1_459' title='bbox 4040 1671 4314 1755; x_wconf 87' lang='lat' dir='ltr'><strong>Iacques</strong></span> <span class='ocrx_word' id='word_1_460' title='bbox 4347 1672 4451 1738; x_wconf 85' lang='lat' dir='ltr'><strong>Le</strong></span> <span class='ocrx_word' id='word_1_461' title='bbox 4483 1666 4709 1735; x_wconf 82' lang='lat' dir='ltr'><strong>Franc.</strong></span> 
     </span>
    </p>
   </div>
   <div class='ocr_carea' id='block_1_15' title="bbox 2771 1808 4743 4380">
    <p class='ocr_par' dir='ltr' id='par_1_17' title="bbox 2773 1808 4723 2580">
     <span class='ocr_line' id='line_1_68' title="bbox 2948 1808 4715 1895; baseline -0.002 -20"><span class='ocrx_word' id='word_1_462' title='bbox 2948 1810 3305 1890; x_wconf 83' lang='lat' dir='ltr'><strong>Monsieur,</strong></span> <span class='ocrx_word' id='word_1_463' title='bbox 3359 1809 3654 1876; x_wconf 87' lang='lat' dir='ltr'><strong>combien</strong></span> <span class='ocrx_word' id='word_1_464' title='bbox 3711 1831 3836 1895; x_wconf 90' lang='lat' dir='ltr'><strong>que</strong></span> <span class='ocrx_word' id='word_1_465' title='bbox 3878 1830 3952 1875; x_wconf 91' lang='lat' dir='ltr'><strong>ce</strong></span> <span class='ocrx_word' id='word_1_466' title='bbox 3994 1809 4121 1876; x_wconf 92' lang='lat' dir='ltr'><strong>soit</strong></span> <span class='ocrx_word' id='word_1_467' title='bbox 4161 1816 4389 1875; x_wconf 87' lang='lat' dir='ltr'><strong>contre</strong></span> <span class='ocrx_word' id='word_1_468' title='bbox 4432 1808 4500 1873; x_wconf 88' lang='lat' dir='ltr'><strong>la</strong></span> <span class='ocrx_word' id='word_1_469' title='bbox 4534 1808 4715 1873; x_wconf 81' lang='lat' dir='ltr'><strong>facon</strong></span> 
     </span>
     <span class='ocr_line' id='line_1_69' title="bbox 2779 1893 4714 1978; baseline -0.004 -14"><span class='ocrx_word' id='word_1_470' title='bbox 2779 1904 3193 1964; x_wconf 89' lang='lat' dir='ltr'><strong>accustumee</strong></span> <span class='ocrx_word' id='word_1_471' title='bbox 3249 1894 3362 1961; x_wconf 88' lang='lat' dir='ltr'><strong>des</strong></span> <span class='ocrx_word' id='word_1_472' title='bbox 3411 1896 3736 1975; x_wconf 85' lang='lat' dir='ltr'><strong>hommes,</strong></span> <span class='ocrx_word' id='word_1_473' title='bbox 3797 1916 3923 1978; x_wconf 91' lang='lat' dir='ltr'><strong>que</strong></span> <span class='ocrx_word' id='word_1_474' title='bbox 3974 1895 4037 1959; x_wconf 92' lang='lat' dir='ltr'><strong>ie</strong></span> <span class='ocrx_word' id='word_1_475' title='bbox 4078 1915 4197 1960; x_wconf 90' lang='lat' dir='ltr'><strong>use</strong></span> <span class='ocrx_word' id='word_1_476' title='bbox 4250 1893 4333 1960; x_wconf 91' lang='lat' dir='ltr'><strong>de</strong></span> <span class='ocrx_word' id='word_1_477' title='bbox 4375 1893 4533 1959; x_wconf 92' lang='lat' dir='ltr'><strong>telle</strong></span> <span class='ocrx_word' id='word_1_478' title='bbox 4586 1893 4714 1977; x_wconf 88' lang='lat' dir='ltr'><strong>pri-</strong></span> 
     </span>
     <span class='ocr_line' id='line_1_70' title="bbox 2776 1979 4714 2057; baseline -0.004 -8"><span class='ocrx_word' id='word_1_479' title='bbox 2776 1983 2999 2049; x_wconf 82' lang='lat' dir='ltr'><strong>vaulte</strong></span> <span class='ocrx_word' id='word_1_480' title='bbox 3054 2000 3290 2048; x_wconf 86' lang='lat' dir='ltr'><strong>envers</strong></span> <span class='ocrx_word' id='word_1_481' title='bbox 3345 2002 3507 2048; x_wconf 83' lang='lat' dir='ltr'><strong>vous</strong></span> <span class='ocrx_word' id='word_1_482' title='bbox 3562 1982 3644 2047; x_wconf 92' lang='lat' dir='ltr'><strong>de</strong></span> <span class='ocrx_word' id='word_1_483' title='bbox 3696 2002 3864 2048; x_wconf 84' lang='lat' dir='ltr'><strong>vous</strong></span> <span class='ocrx_word' id='word_1_484' title='bbox 3917 1981 4157 2046; x_wconf 87' lang='lat' dir='ltr'><strong>escrire</strong></span> <span class='ocrx_word' id='word_1_485' title='bbox 4198 1979 4714 2057; x_wconf 82' lang='lat' dir='ltr'><strong>familierement,</strong></span> 
     </span>
     <span class='ocr_line' id='line_1_71' title="bbox 2782 2064 4718 2150; baseline -0.003 -16"><span class='ocrx_word' id='word_1_486' title='bbox 2782 2067 3027 2134; x_wconf 82' lang='lat' dir='ltr'><strong>devant</strong></span> <span class='ocrx_word' id='word_1_487' title='bbox 3069 2087 3195 2150; x_wconf 92' lang='lat' dir='ltr'><strong>que</strong></span> <span class='ocrx_word' id='word_1_488' title='bbox 3239 2087 3404 2134; x_wconf 84' lang='lat' dir='ltr'><strong>vous</strong></span> <span class='ocrx_word' id='word_1_489' title='bbox 3449 2074 3620 2132; x_wconf 87' lang='lat' dir='ltr'><strong>estre</strong></span> <span class='ocrx_word' id='word_1_490' title='bbox 3663 2067 3997 2149; x_wconf 90' lang='lat' dir='ltr'><strong>beaucoup</strong></span> <span class='ocrx_word' id='word_1_491' title='bbox 4043 2086 4371 2149; x_wconf 90' lang='lat' dir='ltr'><strong>congneu,</strong></span> <span class='ocrx_word' id='word_1_492' title='bbox 4424 2064 4718 2131; x_wconf 88' lang='lat' dir='ltr'><strong>toutefois</strong></span> 
     </span>
     <span class='ocr_line' id='line_1_72' title="bbox 2776 2152 4718 2238; baseline -0.003 -19"><span class='ocrx_word' id='word_1_493' title='bbox 2776 2154 2922 2238; x_wconf 89' lang='lat' dir='ltr'><strong>puis</strong></span> <span class='ocrx_word' id='word_1_494' title='bbox 2965 2173 3091 2237; x_wconf 91' lang='lat' dir='ltr'><strong>que</strong></span> <span class='ocrx_word' id='word_1_495' title='bbox 3123 2153 3185 2218; x_wconf 92' lang='lat' dir='ltr'><strong>ie</strong></span> <span class='ocrx_word' id='word_1_496' title='bbox 3217 2172 3325 2217; x_wconf 93' lang='lat' dir='ltr'><strong>me</strong></span> <span class='ocrx_word' id='word_1_497' title='bbox 3358 2153 3530 2217; x_wconf 89' lang='lat' dir='ltr'><strong>tiens</strong></span> <span class='ocrx_word' id='word_1_498' title='bbox 3573 2173 3839 2219; x_wconf 87' lang='lat' dir='ltr'><strong>asseure</strong></span> <span class='ocrx_word' id='word_1_499' title='bbox 3881 2172 4009 2236; x_wconf 90' lang='lat' dir='ltr'><strong>que</strong></span> <span class='ocrx_word' id='word_1_500' title='bbox 4050 2173 4191 2219; x_wconf 88' lang='lat' dir='ltr'><strong>mes</strong></span> <span class='ocrx_word' id='word_1_501' title='bbox 4231 2152 4462 2218; x_wconf 88' lang='lat' dir='ltr'><strong>lettres</strong></span> <span class='ocrx_word' id='word_1_502' title='bbox 4503 2155 4718 2217; x_wconf 87' lang='lat' dir='ltr'><strong>serent</strong></span> 
     </span>
     <span class='ocr_line' id='line_1_73' title="bbox 2781 2238 4721 2323; baseline -0.002 -18"><span class='ocrx_word' id='word_1_503' title='bbox 2781 2240 2932 2306; x_wconf 91' lang='lat' dir='ltr'><strong>bien</strong></span> <span class='ocrx_word' id='word_1_504' title='bbox 2974 2260 3226 2306; x_wconf 85' lang='lat' dir='ltr'><strong>venues</strong></span> <span class='ocrx_word' id='word_1_505' title='bbox 3268 2259 3421 2303; x_wconf 81' lang='lat' dir='ltr'><strong>vers</strong></span> <span class='ocrx_word' id='word_1_506' title='bbox 3463 2259 3630 2305; x_wconf 84' lang='lat' dir='ltr'><strong>vous</strong></span> <span class='ocrx_word' id='word_1_507' title='bbox 3646 2288 3661 2319; x_wconf 93' lang='lat'><strong>,</strong></span> <span class='ocrx_word' id='word_1_508' title='bbox 3707 2259 3782 2306; x_wconf 93' lang='lat' dir='ltr'><strong>ce</strong></span> <span class='ocrx_word' id='word_1_509' title='bbox 3825 2239 4026 2306; x_wconf 89' lang='lat' dir='ltr'><strong>seroit</strong></span> <span class='ocrx_word' id='word_1_510' title='bbox 4066 2238 4442 2323; x_wconf 82' lang='lat' dir='ltr'><strong>hypocrisie</strong></span> <span class='ocrx_word' id='word_1_511' title='bbox 4487 2263 4528 2307; x_wconf 91' lang='lat' dir='ltr'><strong>a</strong></span> <span class='ocrx_word' id='word_1_512' title='bbox 4568 2256 4721 2319; x_wconf 80' lang='lat' dir='ltr'><strong>moy</strong></span> 
     </span>
     <span class='ocr_line' id='line_1_74' title="bbox 2778 2324 4719 2411; baseline 0.001 -20"><span class='ocrx_word' id='word_1_513' title='bbox 2778 2326 2927 2391; x_wconf 90' lang='lat' dir='ltr'><strong>d’en</strong></span> <span class='ocrx_word' id='word_1_514' title='bbox 2972 2325 3135 2389; x_wconf 80' lang='lat' dir='ltr'><strong>faire</strong></span> <span class='ocrx_word' id='word_1_515' title='bbox 3172 2324 3447 2408; x_wconf 88' lang='lat' dir='ltr'><strong>longucs</strong></span> <span class='ocrx_word' id='word_1_516' title='bbox 3491 2344 3763 2391; x_wconf 85' lang='lat' dir='ltr'><strong>excuses</strong></span> <span class='ocrx_word' id='word_1_517' title='bbox 3780 2376 3795 2405; x_wconf 93' lang='lat'><strong>,</strong></span> <span class='ocrx_word' id='word_1_518' title='bbox 3839 2346 4090 2392; x_wconf 90' lang='lat' dir='ltr'><strong>comme</strong></span> <span class='ocrx_word' id='word_1_519' title='bbox 4129 2326 4188 2391; x_wconf 90' lang='lat' dir='ltr'><strong>si</strong></span> <span class='ocrx_word' id='word_1_520' title='bbox 4228 2325 4338 2392; x_wconf 90' lang='lat' dir='ltr'><strong>ien</strong></span> <span class='ocrx_word' id='word_1_521' title='bbox 4385 2325 4719 2411; x_wconf 76' lang='lat' dir='ltr'><strong>doubtoye·</strong></span> 
     </span>
     <span class='ocr_line' id='line_1_75' title="bbox 2774 2408 4723 2493; baseline -0.002 -16"><span class='ocrx_word' id='word_1_522' title='bbox 2774 2412 3100 2477; x_wconf 84' lang='lat' dir='ltr'><strong>Pourtant</strong></span> <span class='ocrx_word' id='word_1_523' title='bbox 3153 2410 3216 2474; x_wconf 91' lang='lat' dir='ltr'><strong>ie</strong></span> <span class='ocrx_word' id='word_1_524' title='bbox 3259 2412 3443 2493; x_wconf 84' lang='lat' dir='ltr'><strong>feray</strong></span> <span class='ocrx_word' id='word_1_525' title='bbox 3500 2431 3583 2475; x_wconf 90' lang='lat' dir='ltr'><strong>en</strong></span> <span class='ocrx_word' id='word_1_526' title='bbox 3640 2420 3776 2476; x_wconf 88' lang='lat' dir='ltr'><strong>cest</strong></span> <span class='ocrx_word' id='word_1_527' title='bbox 3830 2411 4127 2478; x_wconf 88' lang='lat' dir='ltr'><strong>endroict</strong></span> <span class='ocrx_word' id='word_1_528' title='bbox 4177 2433 4432 2479; x_wconf 90' lang='lat' dir='ltr'><strong>comme</strong></span> <span class='ocrx_word' id='word_1_529' title='bbox 4485 2412 4605 2479; x_wconf 90' lang='lat' dir='ltr'><strong>lun</strong></span> <span class='ocrx_word' id='word_1_530' title='bbox 4645 2408 4723 2474; x_wconf 88' lang='lat' dir='ltr'><strong>de</strong></span> 
     </span>
     <span class='ocr_line' id='line_1_76' title="bbox 2773 2495 3896 2580; baseline 0 -17"><span class='ocrx_word' id='word_1_531' title='bbox 2773 2518 2895 2563; x_wconf 81' lang='lat' dir='ltr'><strong>voz</strong></span> <span class='ocrx_word' id='word_1_532' title='bbox 2938 2496 3123 2575; x_wconf 90' lang='lat' dir='ltr'><strong>amis,</strong></span> <span class='ocrx_word' id='word_1_533' title='bbox 3170 2516 3325 2561; x_wconf 90' lang='lat' dir='ltr'><strong>sans</strong></span> <span class='ocrx_word' id='word_1_534' title='bbox 3369 2495 3583 2561; x_wconf 85' lang='lat' dir='ltr'><strong>aultre</strong></span> <span class='ocrx_word' id='word_1_535' title='bbox 3624 2497 3896 2580; x_wconf 87' lang='lat' dir='ltr'><strong>preface.</strong></span> 
     </span>
    </p>

    <p class='ocr_par' dir='ltr' id='par_1_18' title="bbox 2771 2576 4743 4380">
     <span class='ocr_line' id='line_1_77' title="bbox 2943 2576 4726 2651; baseline 0.001 -4"><span class='ocrx_word' id='word_1_536' title='bbox 2943 2582 3055 2647; x_wconf 87' lang='lat' dir='ltr'><strong>La</strong></span> <span class='ocrx_word' id='word_1_537' title='bbox 3109 2582 3382 2647; x_wconf 89' lang='lat' dir='ltr'><strong>matiere</strong></span> <span class='ocrx_word' id='word_1_538' title='bbox 3438 2581 3597 2646; x_wconf 91' lang='lat' dir='ltr'><strong>dont</strong></span> <span class='ocrx_word' id='word_1_539' title='bbox 3650 2582 3740 2647; x_wconf 92' lang='lat' dir='ltr'><strong>iai</strong></span> <span class='ocrx_word' id='word_1_540' title='bbox 3799 2604 3839 2648; x_wconf 91' lang='lat' dir='ltr'><strong>a</strong></span> <span class='ocrx_word' id='word_1_541' title='bbox 3881 2576 4148 2649; x_wconf 75' lang='lat' dir='ltr'><strong>traicte&#39;r</strong></span> <span class='ocrx_word' id='word_1_542' title='bbox 4190 2603 4348 2650; x_wconf 83' lang='lat' dir='ltr'><strong>avec</strong></span> <span class='ocrx_word' id='word_1_543' title='bbox 4406 2605 4574 2651; x_wconf 80' lang='lat' dir='ltr'><strong>vous</strong></span> <span class='ocrx_word' id='word_1_544' title='bbox 4626 2603 4726 2649; x_wconf 90' lang='lat' dir='ltr'><strong>re-</strong></span> 
     </span>
     <span class='ocr_line' id='line_1_78' title="bbox 2772 2667 4727 2754; baseline 0.001 -21"><span class='ocrx_word' id='word_1_545' title='bbox 2772 2667 3064 2752; x_wconf 89' lang='lat' dir='ltr'><strong>querroit</strong></span> <span class='ocrx_word' id='word_1_546' title='bbox 3104 2667 3256 2733; x_wconf 90' lang='lat' dir='ltr'><strong>bien</strong></span> <span class='ocrx_word' id='word_1_547' title='bbox 3297 2688 3424 2750; x_wconf 91' lang='lat' dir='ltr'><strong>que</strong></span> <span class='ocrx_word' id='word_1_548' title='bbox 3465 2688 3632 2733; x_wconf 91' lang='lat' dir='ltr'><strong>nous</strong></span> <span class='ocrx_word' id='word_1_549' title='bbox 3671 2668 3992 2734; x_wconf 82' lang='lat' dir='ltr'><strong>seussions</strong></span> <span class='ocrx_word' id='word_1_550' title='bbox 4034 2667 4386 2751; x_wconf 89' lang='lat' dir='ltr'><strong>ensemble,</strong></span> <span class='ocrx_word' id='word_1_551' title='bbox 4428 2690 4599 2754; x_wconf 90' lang='lat' dir='ltr'><strong>pour</strong></span> <span class='ocrx_word' id='word_1_552' title='bbox 4639 2669 4727 2734; x_wconf 90' lang='lat' dir='ltr'><strong>di-</strong></span> 
     </span>
     <span class='ocr_line' id='line_1_79' title="bbox 2772 2752 4727 2839; baseline 0.001 -18"><span class='ocrx_word' id='word_1_553' title='bbox 2772 2754 2952 2821; x_wconf 84' lang='lat' dir='ltr'><strong>viser</strong></span> <span class='ocrx_word' id='word_1_554' title='bbox 2994 2774 3079 2818; x_wconf 92' lang='lat' dir='ltr'><strong>au</strong></span> <span class='ocrx_word' id='word_1_555' title='bbox 3119 2753 3333 2818; x_wconf 90' lang='lat' dir='ltr'><strong>moins</strong></span> <span class='ocrx_word' id='word_1_556' title='bbox 3375 2774 3469 2817; x_wconf 91' lang='lat' dir='ltr'><strong>un</strong></span> <span class='ocrx_word' id='word_1_557' title='bbox 3511 2752 3709 2839; x_wconf 81' lang='lat' dir='ltr'><strong>demy</strong></span> <span class='ocrx_word' id='word_1_558' title='bbox 3752 2753 3912 2819; x_wconf 90' lang='lat' dir='ltr'><strong>iour.</strong></span> <span class='ocrx_word' id='word_1_559' title='bbox 3968 2754 4062 2820; x_wconf 87' lang='lat' dir='ltr'><strong>Et</strong></span> <span class='ocrx_word' id='word_1_560' title='bbox 4102 2754 4183 2819; x_wconf 92' lang='lat' dir='ltr'><strong>de</strong></span> <span class='ocrx_word' id='word_1_561' title='bbox 4224 2754 4400 2836; x_wconf 89' lang='lat' dir='ltr'><strong>faict,</strong></span> <span class='ocrx_word' id='word_1_562' title='bbox 4447 2756 4540 2821; x_wconf 92' lang='lat' dir='ltr'><strong>iai</strong></span> <span class='ocrx_word' id='word_1_563' title='bbox 4582 2775 4727 2822; x_wconf 90' lang='lat' dir='ltr'><strong>sou·</strong></span> 
     </span>
     <span class='ocr_line' id='line_1_80' title="bbox 2771 2836 4728 2926; baseline -0.001 -18"><span class='ocrx_word' id='word_1_564' title='bbox 2771 2839 3090 2908; x_wconf 82' lang='lat' dir='ltr'><strong>ventefois</strong></span> <span class='ocrx_word' id='word_1_565' title='bbox 3142 2836 3355 2903; x_wconf 88' lang='lat' dir='ltr'><strong>desire</strong></span> <span class='ocrx_word' id='word_1_566' title='bbox 3412 2836 3643 2920; x_wconf 87' lang='lat' dir='ltr'><strong>depuis</strong></span> <span class='ocrx_word' id='word_1_567' title='bbox 3683 2846 3946 2922; x_wconf 88' lang='lat' dir='ltr'><strong>quattre</strong></span> <span class='ocrx_word' id='word_1_568' title='bbox 3988 2861 4072 2905; x_wconf 91' lang='lat' dir='ltr'><strong>ou</strong></span> <span class='ocrx_word' id='word_1_569' title='bbox 4117 2842 4305 2924; x_wconf 90' lang='lat' dir='ltr'><strong>cincq</strong></span> <span class='ocrx_word' id='word_1_570' title='bbox 4348 2843 4556 2921; x_wconf 90' lang='lat' dir='ltr'><strong>mois,</strong></span> <span class='ocrx_word' id='word_1_571' title='bbox 4608 2861 4728 2926; x_wconf 88' lang='lat' dir='ltr'><strong>que</strong></span> 
     </span>
     <span class='ocr_line' id='line_1_81' title="bbox 2774 2922 4729 3007; baseline 0.001 -14"><span class='ocrx_word' id='word_1_572' title='bbox 2774 2947 2848 2993; x_wconf 91' lang='lat' dir='ltr'><strong>ce</strong></span> <span class='ocrx_word' id='word_1_573' title='bbox 2888 2926 3022 2990; x_wconf 83' lang='lat' dir='ltr'><strong>fust</strong></span> <span class='ocrx_word' id='word_1_574' title='bbox 3076 2922 3140 2988; x_wconf 91' lang='lat' dir='ltr'><strong>le</strong></span> <span class='ocrx_word' id='word_1_575' title='bbox 3195 2923 3321 2989; x_wconf 92' lang='lat' dir='ltr'><strong>bon</strong></span> <span class='ocrx_word' id='word_1_576' title='bbox 3377 2924 3606 3007; x_wconf 88' lang='lat' dir='ltr'><strong>plaisir</strong></span> <span class='ocrx_word' id='word_1_577' title='bbox 3659 2922 3740 2990; x_wconf 91' lang='lat' dir='ltr'><strong>de</strong></span> <span class='ocrx_word' id='word_1_578' title='bbox 3792 2925 3968 2990; x_wconf 91' lang='lat' dir='ltr'><strong>Dieu</strong></span> <span class='ocrx_word' id='word_1_579' title='bbox 4021 2945 4188 2993; x_wconf 90' lang='lat' dir='ltr'><strong>nous</strong></span> <span class='ocrx_word' id='word_1_580' title='bbox 4245 2927 4506 2994; x_wconf 89' lang='lat' dir='ltr'><strong>donner</strong></span> <span class='ocrx_word' id='word_1_581' title='bbox 4560 2932 4729 2994; x_wconf 83' lang='lat' dir='ltr'><strong>ceste</strong></span> 
     </span>
     <span class='ocr_line' id='line_1_82' title="bbox 2772 3009 4731 3096; baseline 0.001 -20"><span class='ocrx_word' id='word_1_582' title='bbox 2772 3010 3211 3095; x_wconf 83' lang='lat' dir='ltr'><strong>opportunite.</strong></span> <span class='ocrx_word' id='word_1_583' title='bbox 3289 3010 3512 3076; x_wconf 85' lang='lat' dir='ltr'><strong>Encor</strong></span> <span class='ocrx_word' id='word_1_584' title='bbox 3553 3010 3615 3074; x_wconf 88' lang='lat' dir='ltr'><strong>ai</strong></span> <span class='ocrx_word' id='word_1_585' title='bbox 3658 3011 3719 3076; x_wconf 91' lang='lat' dir='ltr'><strong>ie</strong></span> <span class='ocrx_word' id='word_1_586' title='bbox 3764 3009 4004 3078; x_wconf 86' lang='lat' dir='ltr'><strong>doubts</strong></span> <span class='ocrx_word' id='word_1_587' title='bbox 4047 3033 4087 3077; x_wconf 91' lang='lat' dir='ltr'><strong>a</strong></span> <span class='ocrx_word' id='word_1_588' title='bbox 4126 3022 4417 3096; x_wconf 88' lang='lat' dir='ltr'><strong>present,</strong></span> <span class='ocrx_word' id='word_1_589' title='bbox 4470 3013 4531 3079; x_wconf 94' lang='lat' dir='ltr'><strong>si</strong></span> <span class='ocrx_word' id='word_1_590' title='bbox 4573 3032 4731 3096; x_wconf 88' lang='lat' dir='ltr'><strong>pour</strong></span> 
     </span>
     <span class='ocr_line' id='line_1_83' title="bbox 2773 3095 4731 3184; baseline 0.001 -22"><span class='ocrx_word' id='word_1_591' title='bbox 2773 3095 3076 3162; x_wconf 89' lang='lat' dir='ltr'><strong>meilleur</strong></span> <span class='ocrx_word' id='word_1_592' title='bbox 3117 3095 3364 3162; x_wconf 89' lang='lat' dir='ltr'><strong>conseil</strong></span> <span class='ocrx_word' id='word_1_593' title='bbox 3403 3095 3466 3161; x_wconf 92' lang='lat' dir='ltr'><strong>ie</strong></span> <span class='ocrx_word' id='word_1_594' title='bbox 3500 3116 3662 3162; x_wconf 85' lang='lat' dir='ltr'><strong>vous</strong></span> <span class='ocrx_word' id='word_1_595' title='bbox 3696 3095 3947 3183; x_wconf 81' lang='lat' dir='ltr'><strong>devoye</strong></span> <span class='ocrx_word' id='word_1_596' title='bbox 3988 3099 4168 3179; x_wconf 89' lang='lat' dir='ltr'><strong>prier</strong></span> <span class='ocrx_word' id='word_1_597' title='bbox 4209 3098 4731 3184; x_wconf 85' lang='lat' dir='ltr'><strong>dentreprendre</strong></span> 
     </span>
     <span class='ocr_line' id='line_1_84' title="bbox 2771 3180 4733 3268; baseline 0 -19"><span class='ocrx_word' id='word_1_598' title='bbox 2771 3205 2866 3248; x_wconf 91' lang='lat' dir='ltr'><strong>un</strong></span> <span class='ocrx_word' id='word_1_599' title='bbox 2906 3182 3160 3265; x_wconf 84' lang='lat' dir='ltr'><strong>voiage,</strong></span> <span class='ocrx_word' id='word_1_600' title='bbox 3205 3180 3368 3246; x_wconf 88' lang='lat' dir='ltr'><strong>affin</strong></span> <span class='ocrx_word' id='word_1_601' title='bbox 3410 3201 3539 3263; x_wconf 90' lang='lat' dir='ltr'><strong>que</strong></span> <span class='ocrx_word' id='word_1_602' title='bbox 3571 3202 3739 3248; x_wconf 88' lang='lat' dir='ltr'><strong>nous</strong></span> <span class='ocrx_word' id='word_1_603' title='bbox 3772 3183 4114 3266; x_wconf 92' lang='lat' dir='ltr'><strong>peussions</strong></span> <span class='ocrx_word' id='word_1_604' title='bbox 4148 3205 4338 3268; x_wconf 90' lang='lat' dir='ltr'><strong>apres</strong></span> <span class='ocrx_word' id='word_1_605' title='bbox 4376 3186 4575 3251; x_wconf 79' lang='lat' dir='ltr'><strong>avoir</strong></span> <span class='ocrx_word' id='word_1_606' title='bbox 4606 3203 4733 3249; x_wconf 79' lang='lat' dir='ltr'><strong>ven</strong></span> 
     </span>
     <span class='ocr_line' id='line_1_85' title="bbox 2773 3264 4734 3355; baseline -0.001 -21"><span class='ocrx_word' id='word_1_607' title='bbox 2773 3276 2843 3334; x_wconf 93' lang='lat' dir='ltr'><strong>et</strong></span> <span class='ocrx_word' id='word_1_608' title='bbox 2884 3266 3222 3333; x_wconf 91' lang='lat' dir='ltr'><strong>considere</strong></span> <span class='ocrx_word' id='word_1_609' title='bbox 3274 3264 3356 3331; x_wconf 92' lang='lat' dir='ltr'><strong>de</strong></span> <span class='ocrx_word' id='word_1_610' title='bbox 3398 3267 3547 3349; x_wconf 91' lang='lat' dir='ltr'><strong>plus</strong></span> <span class='ocrx_word' id='word_1_611' title='bbox 3603 3288 3786 3350; x_wconf 91' lang='lat' dir='ltr'><strong>pres,</strong></span> <span class='ocrx_word' id='word_1_612' title='bbox 3832 3270 4188 3335; x_wconf 85' lang='lat' dir='ltr'><strong>constituer</strong></span> <span class='ocrx_word' id='word_1_613' title='bbox 4230 3290 4304 3335; x_wconf 90' lang='lat' dir='ltr'><strong>ce</strong></span> <span class='ocrx_word' id='word_1_614' title='bbox 4348 3271 4495 3355; x_wconf 92' lang='lat' dir='ltr'><strong>quil</strong></span> <span class='ocrx_word' id='word_1_615' title='bbox 4540 3269 4734 3336; x_wconf 87' lang='lat' dir='ltr'><strong>seroit</strong></span> 
     </span>
     <span class='ocr_line' id='line_1_86' title="bbox 2774 3350 4736 3437; baseline 0 -17"><span class='ocrx_word' id='word_1_616' title='bbox 2774 3354 2857 3420; x_wconf 93' lang='lat' dir='ltr'><strong>de</strong></span> <span class='ocrx_word' id='word_1_617' title='bbox 2892 3355 3073 3419; x_wconf 87' lang='lat' dir='ltr'><strong>faire.</strong></span> <span class='ocrx_word' id='word_1_618' title='bbox 3121 3350 3256 3418; x_wconf 84' lang='lat' dir='ltr'><strong>Oar</strong></span> <span class='ocrx_word' id='word_1_619' title='bbox 3296 3350 3379 3417; x_wconf 92' lang='lat' dir='ltr'><strong>sil</strong></span> <span class='ocrx_word' id='word_1_620' title='bbox 3422 3352 3618 3418; x_wconf 92' lang='lat' dir='ltr'><strong>estoit</strong></span> <span class='ocrx_word' id='word_1_621' title='bbox 3661 3354 3963 3437; x_wconf 91' lang='lat' dir='ltr'><strong>question</strong></span> <span class='ocrx_word' id='word_1_622' title='bbox 4007 3352 4088 3419; x_wconf 90' lang='lat' dir='ltr'><strong>de</strong></span> <span class='ocrx_word' id='word_1_623' title='bbox 4129 3364 4381 3424; x_wconf 88' lang='lat' dir='ltr'><strong>mectre</strong></span> <span class='ocrx_word' id='word_1_624' title='bbox 4426 3358 4499 3423; x_wconf 91' lang='lat' dir='ltr'><strong>la</strong></span> <span class='ocrx_word' id='word_1_625' title='bbox 4542 3356 4736 3424; x_wconf 89' lang='lat' dir='ltr'><strong>chose</strong></span> 
     </span>
     <span class='ocr_line' id='line_1_87' title="bbox 2774 3438 4735 3528; baseline -0.001 -22"><span class='ocrx_word' id='word_1_626' title='bbox 2774 3461 2860 3506; x_wconf 92' lang='lat' dir='ltr'><strong>en</strong></span> <span class='ocrx_word' id='word_1_627' title='bbox 2904 3438 3329 3505; x_wconf 90' lang='lat' dir='ltr'><strong>deliberation</strong></span> <span class='ocrx_word' id='word_1_628' title='bbox 3380 3458 3632 3504; x_wconf 91' lang='lat' dir='ltr'><strong>comme</strong></span> <span class='ocrx_word' id='word_1_629' title='bbox 3674 3439 4031 3506; x_wconf 87' lang='lat' dir='ltr'><strong>doubteuse</strong></span> <span class='ocrx_word' id='word_1_630' title='bbox 4044 3492 4063 3522; x_wconf 91' lang='lat'><strong>,</strong></span> <span class='ocrx_word' id='word_1_631' title='bbox 4122 3441 4175 3506; x_wconf 93' lang='lat' dir='ltr'><strong>il</strong></span> <span class='ocrx_word' id='word_1_632' title='bbox 4214 3465 4262 3528; x_wconf 79' lang='lat' dir='ltr'><strong>y</strong></span> <span class='ocrx_word' id='word_1_633' title='bbox 4304 3445 4534 3510; x_wconf 90' lang='lat' dir='ltr'><strong>auroit</strong></span> <span class='ocrx_word' id='word_1_634' title='bbox 4587 3441 4735 3507; x_wconf 92' lang='lat' dir='ltr'><strong>bien</strong></span> 
     </span>
     <span class='ocr_line' id='line_1_88' title="bbox 2774 3523 4736 3612; baseline -0.001 -19"><span class='ocrx_word' id='word_1_635' title='bbox 2774 3548 2816 3593; x_wconf 90' lang='lat' dir='ltr'><strong>a</strong></span> <span class='ocrx_word' id='word_1_636' title='bbox 2857 3526 3140 3592; x_wconf 81' lang='lat' dir='ltr'><strong>obiectet</strong></span> <span class='ocrx_word' id='word_1_637' title='bbox 3195 3529 3263 3589; x_wconf 89' lang='lat' dir='ltr'><strong>et</strong></span> <span class='ocrx_word' id='word_1_638' title='bbox 3302 3523 3670 3607; x_wconf 85' lang='lat' dir='ltr'><strong>replicquer</strong></span> <span class='ocrx_word' id='word_1_639' title='bbox 3722 3524 3968 3592; x_wconf 83' lang='lat' dir='ltr'><strong>devant</strong></span> <span class='ocrx_word' id='word_1_640' title='bbox 4018 3547 4147 3611; x_wconf 91' lang='lat' dir='ltr'><strong>que</strong></span> <span class='ocrx_word' id='word_1_641' title='bbox 4201 3548 4374 3596; x_wconf 84' lang='lat' dir='ltr'><strong>vous</strong></span> <span class='ocrx_word' id='word_1_642' title='bbox 4428 3551 4520 3595; x_wconf 91' lang='lat' dir='ltr'><strong>en</strong></span> <span class='ocrx_word' id='word_1_643' title='bbox 4576 3547 4736 3612; x_wconf 89' lang='lat' dir='ltr'><strong>pou·</strong></span> 
     </span>
     <span class='ocr_line' id='line_1_89' title="bbox 2774 3609 4737 3694; baseline -0.001 -17"><span class='ocrx_word' id='word_1_644' title='bbox 2774 3612 2919 3693; x_wconf 84' lang='lat' dir='ltr'><strong>voir</strong></span> <span class='ocrx_word' id='word_1_645' title='bbox 2952 3609 3312 3689; x_wconf 88' lang='lat' dir='ltr'><strong>resouldre;</strong></span> <span class='ocrx_word' id='word_1_646' title='bbox 3354 3609 3402 3673; x_wconf 96' lang='lat' dir='ltr'><strong>il</strong></span> <span class='ocrx_word' id='word_1_647' title='bbox 3443 3612 3641 3675; x_wconf 87' lang='lat' dir='ltr'><strong>scroit</strong></span> <span class='ocrx_word' id='word_1_648' title='bbox 3674 3611 3862 3694; x_wconf 89' lang='lat' dir='ltr'><strong>quasi</strong></span> <span class='ocrx_word' id='word_1_649' title='bbox 3895 3611 4049 3678; x_wconf 89' lang='lat' dir='ltr'><strong>folie</strong></span> <span class='ocrx_word' id='word_1_650' title='bbox 4084 3618 4152 3679; x_wconf 91' lang='lat' dir='ltr'><strong>et</strong></span> <span class='ocrx_word' id='word_1_651' title='bbox 4171 3614 4737 3683; x_wconf 87' lang='lat' dir='ltr'><strong>inconsideration</strong></span> 
     </span>
     <span class='ocr_line' id='line_1_90' title="bbox 2775 3693 4742 3783; baseline 0.002 -20"><span class='ocrx_word' id='word_1_652' title='bbox 2775 3719 2817 3763; x_wconf 87' lang='lat' dir='ltr'><strong>a</strong></span> <span class='ocrx_word' id='word_1_653' title='bbox 2855 3716 3008 3783; x_wconf 78' lang='lat' dir='ltr'><strong>moy</strong></span> <span class='ocrx_word' id='word_1_654' title='bbox 3053 3693 3136 3761; x_wconf 93' lang='lat' dir='ltr'><strong>de</strong></span> <span class='ocrx_word' id='word_1_655' title='bbox 3178 3701 3396 3761; x_wconf 90' lang='lat' dir='ltr'><strong>tenter</strong></span> <span class='ocrx_word' id='word_1_656' title='bbox 3438 3715 3479 3761; x_wconf 87' lang='lat' dir='ltr'><strong>a</strong></span> <span class='ocrx_word' id='word_1_657' title='bbox 3520 3695 3683 3761; x_wconf 88' lang='lat' dir='ltr'><strong>faire</strong></span> <span class='ocrx_word' id='word_1_658' title='bbox 3737 3696 3876 3762; x_wconf 88' lang='lat' dir='ltr'><strong>cela</strong></span> <span class='ocrx_word' id='word_1_659' title='bbox 3926 3719 4052 3781; x_wconf 89' lang='lat' dir='ltr'><strong>par</strong></span> <span class='ocrx_word' id='word_1_660' title='bbox 4106 3699 4352 3767; x_wconf 90' lang='lat' dir='ltr'><strong>lettres.</strong></span> <span class='ocrx_word' id='word_1_661' title='bbox 4440 3702 4622 3767; x_wconf 81' lang='lat' dir='ltr'><strong>Mais</strong></span> <span class='ocrx_word' id='word_1_662' title='bbox 4662 3719 4742 3766; x_wconf 87' lang='lat' dir='ltr'><strong>en</strong></span> 
     </span>
     <span class='ocr_line' id='line_1_91' title="bbox 2775 3778 4743 3872; baseline 0.003 -25"><span class='ocrx_word' id='word_1_663' title='bbox 2775 3783 2842 3848; x_wconf 88' lang='lat' dir='ltr'><strong>la</strong></span> <span class='ocrx_word' id='word_1_664' title='bbox 2890 3784 2987 3847; x_wconf 92' lang='lat' dir='ltr'><strong>fin</strong></span> <span class='ocrx_word' id='word_1_665' title='bbox 3043 3782 3155 3864; x_wconf 79' lang='lat' dir='ltr'><strong>iay</strong></span> <span class='ocrx_word' id='word_1_666' title='bbox 3205 3778 3481 3864; x_wconf 84' lang='lat' dir='ltr'><strong>regards</strong></span> <span class='ocrx_word' id='word_1_667' title='bbox 3546 3780 3952 3865; x_wconf 87' lang='lat' dir='ltr'><strong>daultrepart</strong></span> <span class='ocrx_word' id='word_1_668' title='bbox 4013 3784 4072 3849; x_wconf 92' lang='lat' dir='ltr'><strong>si</strong></span> <span class='ocrx_word' id='word_1_669' title='bbox 4129 3793 4364 3851; x_wconf 87' lang='lat' dir='ltr'><strong>nostre</strong></span> <span class='ocrx_word' id='word_1_670' title='bbox 4431 3787 4743 3872; x_wconf 85' lang='lat' dir='ltr'><strong>seigneur</strong></span> 
     </span>
     <span class='ocr_line' id='line_1_92' title="bbox 2775 3865 4742 3952; baseline 0.001 -18"><span class='ocrx_word' id='word_1_671' title='bbox 2775 3887 2946 3935; x_wconf 83' lang='lat' dir='ltr'><strong>vous</strong></span> <span class='ocrx_word' id='word_1_672' title='bbox 2988 3887 3029 3931; x_wconf 91' lang='lat' dir='ltr'><strong>a</strong></span> <span class='ocrx_word' id='word_1_673' title='bbox 3071 3866 3252 3930; x_wconf 87' lang='lat' dir='ltr'><strong>desia</strong></span> <span class='ocrx_word' id='word_1_674' title='bbox 3305 3865 3520 3931; x_wconf 90' lang='lat' dir='ltr'><strong>donne</strong></span> <span class='ocrx_word' id='word_1_675' title='bbox 3574 3865 3638 3932; x_wconf 92' lang='lat' dir='ltr'><strong>le</strong></span> <span class='ocrx_word' id='word_1_676' title='bbox 3690 3869 3996 3952; x_wconf 89' lang='lat' dir='ltr'><strong>couraige</strong></span> <span class='ocrx_word' id='word_1_677' title='bbox 4053 3868 4134 3935; x_wconf 93' lang='lat' dir='ltr'><strong>de</strong></span> <span class='ocrx_word' id='word_1_678' title='bbox 4186 3891 4359 3938; x_wconf 88' lang='lat' dir='ltr'><strong>nous</strong></span> <span class='ocrx_word' id='word_1_679' title='bbox 4424 3874 4664 3939; x_wconf 80' lang='lat' dir='ltr'><strong>visitet</strong></span> <span class='ocrx_word' id='word_1_680' title='bbox 4701 3889 4742 3936; x_wconf 88' lang='lat' dir='ltr'><strong>a</strong></span> 
     </span>
     <span class='ocr_line' id='line_1_93' title="bbox 2775 3951 4742 4044; baseline 0.002 -25"><span class='ocrx_word' id='word_1_681' title='bbox 2775 3952 2902 4019; x_wconf 90' lang='lat' dir='ltr'><strong>bon</strong></span> <span class='ocrx_word' id='word_1_682' title='bbox 2949 3951 3224 4031; x_wconf 89' lang='lat' dir='ltr'><strong>escient,</strong></span> <span class='ocrx_word' id='word_1_683' title='bbox 3278 3971 3444 4034; x_wconf 90' lang='lat' dir='ltr'><strong>pour</strong></span> <span class='ocrx_word' id='word_1_684' title='bbox 3494 3972 3656 4017; x_wconf 82' lang='lat' dir='ltr'><strong>vous</strong></span> <span class='ocrx_word' id='word_1_685' title='bbox 3710 3972 3974 4036; x_wconf 91' lang='lat' dir='ltr'><strong>reposer</strong></span> <span class='ocrx_word' id='word_1_686' title='bbox 4027 3976 4111 4020; x_wconf 91' lang='lat' dir='ltr'><strong>en</strong></span> <span class='ocrx_word' id='word_1_687' title='bbox 4154 3964 4387 4024; x_wconf 88' lang='lat' dir='ltr'><strong>nostre</strong></span> <span class='ocrx_word' id='word_1_688' title='bbox 4433 3960 4742 4044; x_wconf 85' lang='lat' dir='ltr'><strong>seigneur</strong></span> 
     </span>
     <span class='ocr_line' id='line_1_94' title="bbox 2777 4038 4737 4122; baseline 0.001 -19"><span class='ocrx_word' id='word_1_689' title='bbox 2777 4059 2934 4105; x_wconf 83' lang='lat' dir='ltr'><strong>avec</strong></span> <span class='ocrx_word' id='word_1_690' title='bbox 2988 4058 3184 4115; x_wconf 90' lang='lat' dir='ltr'><strong>nous,</strong></span> <span class='ocrx_word' id='word_1_691' title='bbox 3243 4056 3370 4119; x_wconf 91' lang='lat' dir='ltr'><strong>que</strong></span> <span class='ocrx_word' id='word_1_692' title='bbox 3428 4056 3503 4102; x_wconf 93' lang='lat' dir='ltr'><strong>ce</strong></span> <span class='ocrx_word' id='word_1_693' title='bbox 3545 4038 3746 4102; x_wconf 89' lang='lat' dir='ltr'><strong>seroit</strong></span> <span class='ocrx_word' id='word_1_694' title='bbox 3783 4038 3979 4120; x_wconf 88' lang='lat' dir='ltr'><strong>poine</strong></span> <span class='ocrx_word' id='word_1_695' title='bbox 4015 4040 4293 4122; x_wconf 91' lang='lat' dir='ltr'><strong>perdue,</strong></span> <span class='ocrx_word' id='word_1_696' title='bbox 4356 4052 4430 4110; x_wconf 91' lang='lat' dir='ltr'><strong>et</strong></span> <span class='ocrx_word' id='word_1_697' title='bbox 4482 4044 4737 4110; x_wconf 85' lang='lat' dir='ltr'><strong>aultant</strong></span> 
     </span>
     <span class='ocr_line' id='line_1_95' title="bbox 2777 4120 4739 4216; baseline 0.003 -28"><span class='ocrx_word' id='word_1_698' title='bbox 2777 4123 3077 4206; x_wconf 89' lang='lat' dir='ltr'><strong>dattarge</strong></span> <span class='ocrx_word' id='word_1_699' title='bbox 3121 4128 3188 4187; x_wconf 92' lang='lat' dir='ltr'><strong>et</strong></span> <span class='ocrx_word' id='word_1_700' title='bbox 3228 4120 3657 4187; x_wconf 87' lang='lat' dir='ltr'><strong>recullement</strong></span> <span class='ocrx_word' id='word_1_701' title='bbox 3698 4120 3780 4187; x_wconf 91' lang='lat' dir='ltr'><strong>de</strong></span> <span class='ocrx_word' id='word_1_702' title='bbox 3822 4144 3985 4189; x_wconf 85' lang='lat' dir='ltr'><strong>vous</strong></span> <span class='ocrx_word' id='word_1_703' title='bbox 4028 4127 4382 4194; x_wconf 90' lang='lat' dir='ltr'><strong>conseiller</strong></span> <span class='ocrx_word' id='word_1_704' title='bbox 4418 4130 4517 4216; x_wconf 80' lang='lat' dir='ltr'><strong>dy</strong></span> <span class='ocrx_word' id='word_1_705' title='bbox 4551 4129 4739 4194; x_wconf 81' lang='lat' dir='ltr'><strong>venir</strong></span> 
     </span>
     <span class='ocr_line' id='line_1_96' title="bbox 2777 4206 4737 4294; baseline 0.003 -20"><span class='ocrx_word' id='word_1_706' title='bbox 2777 4208 3139 4275; x_wconf 88' lang='lat' dir='ltr'><strong>seulement</strong></span> <span class='ocrx_word' id='word_1_707' title='bbox 3189 4207 3336 4271; x_wconf 80' lang='lat' dir='ltr'><strong>voir</strong></span> <span class='ocrx_word' id='word_1_708' title='bbox 3391 4207 3542 4290; x_wconf 90' lang='lat' dir='ltr'><strong>quel</strong></span> <span class='ocrx_word' id='word_1_709' title='bbox 3595 4206 3646 4270; x_wconf 89' lang='lat' dir='ltr'><strong>il</strong></span> <span class='ocrx_word' id='word_1_710' title='bbox 3685 4230 3732 4292; x_wconf 84' lang='lat' dir='ltr'>y</span> <span class='ocrx_word' id='word_1_711' title='bbox 3773 4208 3960 4289; x_wconf 83' lang='lat' dir='ltr'><strong>faict,</strong></span> <span class='ocrx_word' id='word_1_712' title='bbox 3986 4281 3990 4287; x_wconf 58' lang='grc'>,</span> <span class='ocrx_word' id='word_1_713' title='bbox 4015 4231 4184 4294; x_wconf 89' lang='lat' dir='ltr'><strong>pour</strong></span> <span class='ocrx_word' id='word_1_714' title='bbox 4240 4234 4414 4281; x_wconf 85' lang='lat' dir='ltr'><strong>vous</strong></span> <span class='ocrx_word' id='word_1_715' title='bbox 4475 4214 4737 4281; x_wconf 85' lang='lat' dir='ltr'><strong>adviser</strong></span> 
     </span>
     <span class='ocr_line' id='line_1_97' title="bbox 2778 4291 4735 4380; baseline 0.005 -20"><span class='ocrx_word' id='word_1_716' title='bbox 2778 4315 2895 4360; x_wconf 88' lang='lat' dir='ltr'><strong>sur</strong></span> <span class='ocrx_word' id='word_1_717' title='bbox 2935 4291 3090 4359; x_wconf 91' lang='lat' dir='ltr'><strong>cela.</strong></span> <span class='ocrx_word' id='word_1_718' title='bbox 3134 4293 3445 4377; x_wconf 79' lang='lat' dir='ltr'><strong>Psi-quoy</strong></span> <span class='ocrx_word' id='word_1_719' title='bbox 3486 4292 3548 4357; x_wconf 91' lang='lat' dir='ltr'><strong>ie</strong></span> <span class='ocrx_word' id='word_1_720' title='bbox 3590 4312 3676 4357; x_wconf 91' lang='lat' dir='ltr'><strong>ne</strong></span> <span class='ocrx_word' id='word_1_721' title='bbox 3709 4313 3938 4379; x_wconf 80' lang='lat' dir='ltr'><strong>seroye</strong></span> <span class='ocrx_word' id='word_1_722' title='bbox 3980 4298 4168 4380; x_wconf 89' lang='lat' dir='ltr'><strong>point</strong></span> <span class='ocrx_word' id='word_1_723' title='bbox 4209 4297 4291 4364; x_wconf 90' lang='lat' dir='ltr'><strong>de</strong></span> <span class='ocrx_word' id='word_1_724' title='bbox 4333 4309 4486 4368; x_wconf 90' lang='lat' dir='ltr'><strong>cest</strong></span> <span class='ocrx_word' id='word_1_725' title='bbox 4530 4301 4735 4377; x_wconf 81' lang='lat' dir='ltr'><strong>advis,</strong></span> 
     </span>
    </p>
   </div>
   <div class='ocr_carea' id='block_1_16' title="bbox 2774 4433 3185 4443">
    <p class='ocr_par' dir='ltr' id='par_1_19' title="bbox 2774 4433 3185 4443">
     <span class='ocr_line' id='line_1_98' title="bbox 2774 4433 3185 4443; baseline 0 1724"><span class='ocrx_word' id='word_1_726' title='bbox 2774 4433 3185 4443; x_wconf 95' lang='lat' dir='ltr'><strong> </strong></span> 
     </span>
    </p>
   </div>
   <div class='ocr_carea' id='block_1_17' title="bbox 2769 4497 4744 5396">
    <p class='ocr_par' dir='ltr' id='par_1_20' title="bbox 2769 4497 4744 5396">
     <span class='ocr_line' id='line_1_99' title="bbox 2810 4497 4737 4570; baseline -0.001 -11"><span class='ocrx_word' id='word_1_727' title='bbox 2810 4497 2943 4559; x_wconf 82' lang='lat'><strong>508.</strong></span> <span class='ocrx_word' id='word_1_728' title='bbox 2981 4498 3039 4560; x_wconf 87' lang='lat'><strong>1)</strong></span> <span class='ocrx_word' id='word_1_729' title='bbox 3076 4499 3194 4556; x_wconf 76' lang='lat' dir='ltr'><strong>Sm-</strong></span> <span class='ocrx_word' id='word_1_730' title='bbox 3239 4500 3324 4553; x_wconf 81' lang='lat' dir='ltr'><strong>M.</strong></span> <span class='ocrx_word' id='word_1_731' title='bbox 3376 4497 3444 4554; x_wconf 77' lang='lat' dir='ltr'><strong>de</strong></span> <span class='ocrx_word' id='word_1_732' title='bbox 3490 4498 3694 4554; x_wconf 78' lang='lat' dir='ltr'><strong>Falais</strong></span> <span class='ocrx_word' id='word_1_733' title='bbox 3740 4515 3907 4570; x_wconf 70' lang='lat' dir='ltr'><strong>noyez</strong></span> <span class='ocrx_word' id='word_1_734' title='bbox 3958 4501 4018 4555; x_wconf 80' lang='grc' dir='ltr'><strong>Τ.</strong></span> <span class='ocrx_word' id='word_1_735' title='bbox 4058 4500 4238 4559; x_wconf 82' lang='lat' dir='ltr'><strong>VIII.</strong></span> <span class='ocrx_word' id='word_1_736' title='bbox 4337 4546 4353 4561; x_wconf 93' lang='lat'><strong>.</strong></span> <span class='ocrx_word' id='word_1_737' title='bbox 4396 4504 4509 4560; x_wconf 79' lang='lat'><strong>200</strong></span> <span class='ocrx_word' id='word_1_738' title='bbox 4565 4511 4620 4560; x_wconf 79' lang='lat' dir='ltr'><strong>et</strong></span> <span class='ocrx_word' id='word_1_739' title='bbox 4661 4504 4737 4558; x_wconf 76' lang='lat' dir='ltr'><strong>les</strong></span> 
     </span>
     <span class='ocr_line' id='line_1_100' title="bbox 2778 4568 4736 4655; baseline 0.002 -29"><span class='ocrx_word' id='word_1_740' title='bbox 2778 4569 3190 4636; x_wconf 61' lang='lat' dir='ltr'><strong>Prozeyomevaes</strong></span> <span class='ocrx_word' id='word_1_741' title='bbox 3241 4568 3310 4623; x_wconf 79' lang='lat' dir='ltr'><strong>de</strong></span> <span class='ocrx_word' id='word_1_742' title='bbox 3359 4568 3418 4623; x_wconf 81' lang='lat' dir='ltr'><strong>la</strong></span> <span class='ocrx_word' id='word_1_743' title='bbox 3540 4568 3733 4623; x_wconf 61' lang='lat' dir='ltr'><strong>emibre</strong></span> <span class='ocrx_word' id='word_1_744' title='bbox 3773 4569 3965 4639; x_wconf 69' lang='lat' dir='ltr'><strong>partie</strong></span> <span class='ocrx_word' id='word_1_745' title='bbox 4015 4569 4095 4624; x_wconf 72' lang='lat' dir='ltr'><strong>du</strong></span> <span class='ocrx_word' id='word_1_746' title='bbox 4143 4572 4205 4627; x_wconf 83' lang='lat' dir='ltr'><strong>T.</strong></span> <span class='ocrx_word' id='word_1_747' title='bbox 4343 4590 4400 4655; x_wconf 71' lang='lat' dir='ltr'><strong>p</strong></span> <span class='ocrx_word' id='word_1_748' title='bbox 4482 4590 4515 4628; x_wconf 80' lang='lat' dir='ltr'><strong>e</strong></span> <span class='ocrx_word' id='word_1_749' title='bbox 4546 4573 4633 4642; x_wconf 71' lang='lat' dir='ltr'><strong>xj.</strong></span> <span class='ocrx_word' id='word_1_750' title='bbox 4670 4600 4736 4612; x_wconf 92' lang='lat'>-</span> 
     </span>
     <span class='ocr_line' id='line_1_101' title="bbox 2776 4584 4739 4720; baseline 0 -24"><span class='ocrx_word' id='word_1_751' title='bbox 2776 4641 2923 4696; x_wconf 79' lang='lat' dir='ltr'><strong>G&#39;est</strong></span> <span class='ocrx_word' id='word_1_752' title='bbox 2954 4640 3031 4693; x_wconf 75' lang='lat' dir='ltr'><strong>ici</strong></span> <span class='ocrx_word' id='word_1_753' title='bbox 3061 4640 3119 4693; x_wconf 85' lang='lat' dir='ltr'><strong>la</strong></span> <span class='ocrx_word' id='word_1_754' title='bbox 3160 4584 3610 4720; x_wconf 55' lang='lat' dir='ltr'><strong>prmierefe&#39;svre</strong></span> <span class='ocrx_word' id='word_1_755' title='bbox 3642 4653 3747 4706; x_wconf 70' lang='lat' dir='ltr'><strong>que</strong></span> <span class='ocrx_word' id='word_1_756' title='bbox 3783 4638 3843 4693; x_wconf 83' lang='lat'><strong>0.</strong></span> <span class='ocrx_word' id='word_1_757' title='bbox 3921 4637 4073 4694; x_wconf 63' lang='lat' dir='ltr'><strong>avait</strong></span> <span class='ocrx_word' id='word_1_758' title='bbox 4104 4641 4189 4695; x_wconf 69' lang='lat' dir='ltr'><strong>lui</strong></span> <span class='ocrx_word' id='word_1_759' title='bbox 4219 4589 4616 4699; x_wconf 43' lang='lat' dir='ltr'><strong>avon-aegrae.</strong></span> <span class='ocrx_word' id='word_1_760' title='bbox 4682 4639 4739 4696; x_wconf 80' lang='grc' dir='ltr'><strong>Β</strong></span> 
     </span>
     <span class='ocr_line' id='line_1_102' title="bbox 2774 4655 4739 4787; baseline 0 -22"><span class='ocrx_word' id='word_1_761' title='bbox 2774 4713 2915 4765; x_wconf 71' lang='grc' dir='ltr'><strong>πἐει</strong></span> <span class='ocrx_word' id='word_1_762' title='bbox 2950 4724 3066 4778; x_wconf 72' lang='lat' dir='ltr'><strong>pas</strong></span> <span class='ocrx_word' id='word_1_763' title='bbox 3110 4710 3227 4763; x_wconf 75' lang='grc' dir='ltr'><strong>αιεέ</strong></span> <span class='ocrx_word' id='word_1_764' title='bbox 3273 4706 3342 4761; x_wconf 78' lang='lat' dir='ltr'><strong>de</strong></span> <span class='ocrx_word' id='word_1_765' title='bbox 3385 4706 3507 4761; x_wconf 68' lang='lat' dir='ltr'><strong>dne</strong></span> <span class='ocrx_word' id='word_1_766' title='bbox 3552 4701 3812 4787; x_wconf 62' lang='lat' dir='ltr'><strong>commovit</strong></span> <span class='ocrx_word' id='word_1_767' title='bbox 3854 4655 3918 4763; x_wconf 56' lang='grc' dir='ltr'><strong>ἆ)</strong></span> <span class='ocrx_word' id='word_1_768' title='bbox 3948 4711 4077 4763; x_wconf 78' lang='lat' dir='ltr'><strong>s’est</strong></span> <span class='ocrx_word' id='word_1_769' title='bbox 4118 4710 4285 4766; x_wconf 63' lang='lat' dir='ltr'><strong>diabli</strong></span> <span class='ocrx_word' id='word_1_770' title='bbox 4324 4712 4434 4767; x_wconf 79' lang='lat' dir='ltr'><strong>des</strong></span> <span class='ocrx_word' id='word_1_771' title='bbox 4468 4715 4739 4781; x_wconf 67' lang='lat' dir='ltr'><strong>rappom</strong></span> 
     </span>
     <span class='ocr_line' id='line_1_103' title="bbox 2776 4775 4737 4850; baseline 0 -17"><span class='ocrx_word' id='word_1_772' title='bbox 2776 4785 3084 4833; x_wconf 69' lang='lat' dir='ltr'><strong>mtrem.</strong></span> <span class='ocrx_word' id='word_1_773' title='bbox 3156 4778 3734 4845; x_wconf 69' lang='lat' dir='ltr'><strong>Rsepom-rmtque</strong></span> <span class='ocrx_word' id='word_1_774' title='bbox 3772 4775 4276 4833; x_wconf 67' lang='grc' dir='ltr'><strong>αεᾶιέεέτιπᾱω</strong></span> <span class='ocrx_word' id='word_1_775' title='bbox 4320 4782 4571 4850; x_wconf 70' lang='lat' dir='ltr'><strong>attentif</strong></span> <span class='ocrx_word' id='word_1_776' title='bbox 4609 4782 4737 4834; x_wconf 73' lang='grc' dir='ltr'><strong>ὰω</strong></span> 
     </span>
     <span class='ocr_line' id='line_1_104' title="bbox 2773 4844 4740 4920; baseline 0.001 -18"><span class='ocrx_word' id='word_1_777' title='bbox 2773 4847 3150 4917; x_wconf 71' lang='lat' dir='ltr'><strong>qentahomme</strong></span> <span class='ocrx_word' id='word_1_778' title='bbox 3198 4845 3306 4900; x_wconf 81' lang='lat' dir='ltr'><strong>soit</strong></span> <span class='ocrx_word' id='word_1_779' title='bbox 3350 4845 3388 4898; x_wconf 83' lang='grc' dir='ltr'><em>ὰ</em></span> <span class='ocrx_word' id='word_1_780' title='bbox 3435 4844 3648 4899; x_wconf 69' lang='grc' dir='ltr'><strong>θεηὲυε</strong></span> <span class='ocrx_word' id='word_1_781' title='bbox 3697 4845 3805 4899; x_wconf 80' lang='lat' dir='ltr'><strong>soit</strong></span> <span class='ocrx_word' id='word_1_782' title='bbox 3853 4846 3893 4900; x_wconf 82' lang='grc' dir='ltr'><em>ὰ</em></span> <span class='ocrx_word' id='word_1_783' title='bbox 3944 4846 4247 4902; x_wconf 76' lang='lat' dir='ltr'><strong>Strasbour</strong></span> <span class='ocrx_word' id='word_1_784' title='bbox 4324 4866 4458 4918; x_wconf 77' lang='lat' dir='ltr'><strong>par</strong></span> <span class='ocrx_word' id='word_1_785' title='bbox 4512 4850 4740 4920; x_wconf 69' lang='lat' dir='ltr'><strong>quelque</strong></span> 
     </span>
     <span class='ocr_line' id='line_1_105' title="bbox 2777 4913 4741 4989; baseline -0.001 -17"><span class='ocrx_word' id='word_1_786' title='bbox 2777 4916 3132 4985; x_wconf 69' lang='lat' dir='ltr'><strong>compatriote</strong></span> <span class='ocrx_word' id='word_1_787' title='bbox 3164 4914 3231 4969; x_wconf 80' lang='lat' dir='ltr'><strong>de</strong></span> <span class='ocrx_word' id='word_1_788' title='bbox 3265 4913 3501 4968; x_wconf 74' lang='lat' dir='ltr'><strong>celui-ei.</strong></span> <span class='ocrx_word' id='word_1_789' title='bbox 3554 4914 3657 4981; x_wconf 86' lang='lat' dir='ltr'><strong>(D.</strong></span> <span class='ocrx_word' id='word_1_790' title='bbox 3693 4913 3760 4968; x_wconf 80' lang='lat' dir='ltr'><strong>de</strong></span> <span class='ocrx_word' id='word_1_791' title='bbox 3791 4914 4091 4970; x_wconf 75' lang='lat' dir='ltr'><strong>Busanton</strong></span> <span class='ocrx_word' id='word_1_792' title='bbox 4103 4914 4158 4984; x_wconf 77' lang='lat'><strong>?)</strong></span> <span class='ocrx_word' id='word_1_793' title='bbox 4298 4924 4387 4974; x_wconf 70' lang='lat' dir='ltr'><strong>est</strong></span> <span class='ocrx_word' id='word_1_794' title='bbox 4422 4919 4741 4989; x_wconf 59' lang='lat' dir='ltr'><strong>expendant</strong></span> 
     </span>
     <span class='ocr_line' id='line_1_106' title="bbox 2769 4983 4739 5056; baseline -0.001 -16"><span class='ocrx_word' id='word_1_795' title='bbox 2769 4988 2906 5056; x_wconf 67' lang='lat' dir='ltr'><strong>plus</strong></span> <span class='ocrx_word' id='word_1_796' title='bbox 2949 4983 3167 5038; x_wconf 66' lang='lat' dir='ltr'><strong>nativi-el</strong></span> <span class='ocrx_word' id='word_1_797' title='bbox 3211 4984 3277 5038; x_wconf 79' lang='lat' dir='ltr'><strong>de</strong></span> <span class='ocrx_word' id='word_1_798' title='bbox 3323 4998 3597 5051; x_wconf 71' lang='lat' dir='ltr'><strong>supposes·</strong></span> <span class='ocrx_word' id='word_1_799' title='bbox 3644 4998 3748 5051; x_wconf 77' lang='lat' dir='ltr'><strong>que</strong></span> <span class='ocrx_word' id='word_1_800' title='bbox 3799 4985 3906 5039; x_wconf 77' lang='lat' dir='ltr'><strong>soit</strong></span> <span class='ocrx_word' id='word_1_801' title='bbox 3937 4984 4239 5053; x_wconf 61' lang='lat' dir='ltr'><strong>lui-meme,</strong></span> <span class='ocrx_word' id='word_1_802' title='bbox 4286 4988 4403 5043; x_wconf 72' lang='lat' dir='ltr'><strong>soit</strong></span> <span class='ocrx_word' id='word_1_803' title='bbox 4440 5004 4514 5043; x_wconf 82' lang='lat' dir='ltr'><strong>sa</strong></span> <span class='ocrx_word' id='word_1_804' title='bbox 4546 4989 4739 5055; x_wconf 65' lang='lat' dir='ltr'><strong>femme</strong></span> 
     </span>
     <span class='ocr_line' id='line_1_107' title="bbox 2779 5052 4742 5124; baseline 0 -14"><span class='ocrx_word' id='word_1_805' title='bbox 2779 5054 3162 5124; x_wconf 66' lang='lat' dir='ltr'><strong>(voirlalettre</strong></span> <span class='ocrx_word' id='word_1_806' title='bbox 3178 5053 3458 5119; x_wconf 73' lang='lat' dir='ltr'><strong>suivante)</strong></span> <span class='ocrx_word' id='word_1_807' title='bbox 3493 5067 3552 5109; x_wconf 81' lang='lat' dir='ltr'><strong>se</strong></span> <span class='ocrx_word' id='word_1_808' title='bbox 3584 5052 3755 5106; x_wconf 76' lang='lat' dir='ltr'><strong>serait</strong></span> <span class='ocrx_word' id='word_1_809' title='bbox 3786 5053 4008 5109; x_wconf 59' lang='lat' dir='ltr'><strong>adress&amp;</strong></span> <span class='ocrx_word' id='word_1_810' title='bbox 4038 5055 4268 5110; x_wconf 77' lang='lat' dir='ltr'><strong>d&#39;abord</strong></span> <span class='ocrx_word' id='word_1_811' title='bbox 4299 5061 4355 5110; x_wconf 77' lang='lat' dir='ltr'><strong>et</strong></span> <span class='ocrx_word' id='word_1_812' title='bbox 4379 5057 4742 5113; x_wconf 55' lang='lat' dir='ltr'><strong>directanei&amp;</strong></span> 
     </span>
     <span class='ocr_line' id='line_1_108' title="bbox 2777 5121 4739 5194; baseline 0 -15"><span class='ocrx_word' id='word_1_813' title='bbox 2777 5141 2857 5180; x_wconf 74' lang='lat' dir='ltr'><strong>au</strong></span> <span class='ocrx_word' id='word_1_814' title='bbox 2888 5122 3250 5190; x_wconf 58' lang='grc' dir='ltr'><strong>νάϊον-’παιων-</strong></span> <span class='ocrx_word' id='word_1_815' title='bbox 3274 5136 3427 5188; x_wconf 76' lang='lat' dir='ltr'><strong>pom·</strong></span> <span class='ocrx_word' id='word_1_816' title='bbox 3459 5121 3508 5174; x_wconf 78' lang='lat' dir='ltr'><strong>le</strong></span> <span class='ocrx_word' id='word_1_817' title='bbox 3541 5122 3812 5176; x_wconf 75' lang='lat' dir='ltr'><strong>consulter</strong></span> <span class='ocrx_word' id='word_1_818' title='bbox 3844 5138 3945 5178; x_wconf 71' lang='lat' dir='ltr'><strong>suo·</strong></span> <span class='ocrx_word' id='word_1_819' title='bbox 3976 5139 4088 5178; x_wconf 77' lang='lat' dir='ltr'><strong>wne</strong></span> <span class='ocrx_word' id='word_1_820' title='bbox 4119 5125 4172 5178; x_wconf 74' lang='lat' dir='ltr'><strong>si·</strong></span> <span class='ocrx_word' id='word_1_821' title='bbox 4200 5140 4379 5194; x_wconf 62' lang='lat' dir='ltr'><strong>‚orave</strong></span> <span class='ocrx_word' id='word_1_822' title='bbox 4414 5127 4647 5193; x_wconf 68' lang='lat' dir='ltr'><strong>affaire.</strong></span> <span class='ocrx_word' id='word_1_823' title='bbox 4670 5152 4739 5164; x_wconf 89' lang='lat'>—</span> 
     </span>
     <span class='ocr_line' id='line_1_109' title="bbox 2776 5191 4740 5263; baseline 0.001 -15"><span class='ocrx_word' id='word_1_824' title='bbox 2776 5195 3001 5261; x_wconf 85' lang='lat' dir='ltr'><strong>lacques</strong></span> <span class='ocrx_word' id='word_1_825' title='bbox 3035 5193 3111 5245; x_wconf 91' lang='lat' dir='ltr'><strong>Le</strong></span> <span class='ocrx_word' id='word_1_826' title='bbox 3148 5192 3321 5244; x_wconf 82' lang='lat' dir='ltr'><strong>Franc</strong></span> <span class='ocrx_word' id='word_1_827' title='bbox 3367 5195 3445 5243; x_wconf 80' lang='lat' dir='ltr'><strong>est</strong></span> <span class='ocrx_word' id='word_1_828' title='bbox 3484 5191 3896 5246; x_wconf 74' lang='lat' dir='ltr'><strong>natwrellement</strong></span> <span class='ocrx_word' id='word_1_829' title='bbox 3935 5208 4017 5246; x_wconf 72' lang='lat' dir='ltr'><strong>um</strong></span> <span class='ocrx_word' id='word_1_830' title='bbox 4053 5210 4099 5263; x_wconf 77' lang='lat' dir='ltr'><strong>p</strong></span> <span class='ocrx_word' id='word_1_831' title='bbox 4487 5196 4602 5251; x_wconf 67' lang='lat' dir='ltr'><strong>mis</strong></span> <span class='ocrx_word' id='word_1_832' title='bbox 4640 5208 4740 5249; x_wconf 67' lang='lat' dir='ltr'><strong>m</strong></span> 
     </span>
     <span class='ocr_line' id='line_1_110' title="bbox 2778 5258 4744 5321; baseline 0 -5"><span class='ocrx_word' id='word_1_833' title='bbox 2778 5261 3036 5316; x_wconf 79' lang='lat' dir='ltr'><strong>l&#39;adresse</strong></span> <span class='ocrx_word' id='word_1_834' title='bbox 3131 5258 4744 5321; x_wconf 63' lang='lat' dir='ltr'><strong>wlecasoazalemetombemitmmaumoe</strong></span> 
     </span>
     <span class='ocr_line' id='line_1_111' title="bbox 2779 5326 4068 5396; baseline -0.001 -10"><span class='ocrx_word' id='word_1_835' title='bbox 2779 5332 2979 5386; x_wconf 63' lang='lat' dir='ltr'><strong>matius.</strong></span> <span class='ocrx_word' id='word_1_836' title='bbox 3105 5326 4068 5396; x_wconf 63' lang='lat' dir='ltr'><strong>alaisdtm‘timfieldeBrabant.</strong></span> 
     </span>
    </p>
   </div>
   <div class='ocr_carea' id='block_1_18' title="bbox 4974 70 4985 1829">
    <p class='ocr_par' dir='ltr' id='par_1_21' title="bbox 4974 70 4985 1829">
     <span class='ocr_line' id='line_1_112' title="bbox 4974 70 4985 1829; baseline 0 0"><span class='ocrx_word' id='word_1_837' title='bbox 4974 70 4985 1829; x_wconf 95' lang='lat' dir='ltr'><strong> </strong></span> 
     </span>
    </p>
   </div>
  </div>
 </body>
</html>
