5050 6167
708 411 833 475 '703

702 592 997 662 toribus?
1089 592 1265 660 Sunt
1329 600 1550 658 autem
1614 589 1775 655 haec
1840 587 2132 653 modeste
2183 593 2250 651 et
2291 584 2651 669 prudenter

702 680 1050 748 tractanda
1090 686 1158 745 et
1199 676 1596 744 vindicanda
1637 674 1948 741 ecclesiae
1992 672 2275 739 libertas,

873 767 959 830 In
1002 766 1306 831 divorum
1353 762 1531 827 feriis
1575 760 1893 845 quaedam
1938 766 2099 824 sunt
2141 778 2305 841 quae
2340 758 2456 823 vix
2491 756 2651 821 tole·

700 853 839 918 rari
872 859 1162 934 possunt,
1198 847 1516 933 quaedam
1550 855 1774 930 aperte
1813 845 2261 928 superstitiosa
2293 848 2361 908 et
2380 841 2655 926 indigna

702 937 1065 1005 christiana
1107 934 1393 1011 ecclesia,
1440 932 1822 1017 praesertim
1859 932 2056 995 feriae
2090 928 2553 1012 Conceptionis
2589 935 2655 992 00

702 1022 1191 1106 Assumptionis
1247 1019 1533 1094 Mariae,
1604 1038 1771 1101 quae
1824 1016 2076 1082 nullam
2134 1014 2376 1080 habent
2431 1014 2651 1078 imita-

703 1109 951 1174 tionem
995 1108 1234 1172 veteris
1276 1104 1603 1171 ecclesiae.

876 1193 979 1259 De
1023 1189 1483 1257 tintinnabulis
1535 1208 1670 1253 non
1715 1194 2022 1269 putamus
2066 1205 2208 1251 esse
2252 1183 2654 1250 contenden-

705 1279 880 1345 dum.
962 1277 1098 1360 Qui
1140 1297 1366 1343 eorum
1410 1274 1650 1339 tinnitu
1696 1271 2103 1338 delectantur
2143 1270 2407 1354 pulsent
2450 1291 2652 1352 quan-

702 1372 851 1431 tum
886 1363 1123 1442 volent,
1169 1364 1226 1428 si
1261 1383 1302 1426 a
1335 1360 1522 1426 vobis
1556 1379 1743 1424 secus
1777 1357 2160 1440 persuaderi
2195 1377 2327 1421 non
2362 1363 2650 1438 possunt.

703 1450 933 1516 Vestri
996 1456 1219 1514 tamen
1284 1446 1411 1511 erit
1473 1445 1670 1510 officii
1736 1443 1965 1509 docere
2022 1441 2180 1526 quid
2238 1441 2653 1506 Christianos

703 1535 956 1614 deceat,
1014 1531 1269 1617 quando
1322 1552 1394 1597 se
1449 1530 1678 1595 offeret
1720 1529 1985 1607 occasio,
2040 1528 2238 1612 idque
2290 1526 2524 1604 libere,
2589 1533 2656 1592 et

699 1627 991 1706 pugnate
1056 1617 1368 1685 adversus
1432 1614 1979 1699 superstitionem.
2068 1613 2254 1693 Quae
2317 1612 2559 1695 corrigi
2617 1632 2656 1675 a

700 1706 887 1774 vobis
930 1724 1065 1769 non
1125 1710 1430 1787 poterunt
1472 1701 1820 1783 relinquite
1862 1700 2161 1765 Domine.
2251 1698 2397 1762 Hoc
2440 1697 2655 1761 solum

701 1801 931 1859 cavete
970 1809 1054 1853 ne
1098 1787 1253 1872 quid
1299 1786 1581 1870 probetis
1626 1794 2031 1869 repugnante
2074 1785 2350 1850 veritate
2392 1791 2460 1848 et
2494 1802 2658 1848 sana

706 1875 1120 1943 conscientia.

878 1960 1061 2026 Haec
1117 1970 1303 2034 sunt,
1359 1958 1678 2024 carissimi
1735 1956 1969 2020 fratres
1986 2005 2002 2033 ,
2060 1976 2226 2036 quae
2282 1954 2465 2019 vobis
2520 1974 2655 2018 000

701 2044 1231 2132 praescribimus,
1289 2043 1403 2109 sed
1457 2063 1626 2126 quae
1682 2042 1918 2108 facturi
1961 2061 2251 2105 essemus
2297 2039 2353 2104 si
2396 2061 2473 2104 eo
2513 2039 2655 2104 loco

703 2152 813 2198 res
856 2137 1115 2196 nostrae
1158 2128 1476 2195 adductae
1520 2136 1754 2193 essent.
1804 2126 1956 2191 Non
2000 2126 2412 2209 congerimus
2458 2146 2653 2207 argu-

703 2225 932 2283 menta
973 2215 1207 2297 quibus
1253 2237 1367 2279 vos
1410 2233 1758 2289 armemus,
1805 2221 1919 2276 aut
1962 2210 2287 2276 diluamus
2330 2231 2496 2292 quae
2545 2232 2653 2274 vo-

702 2302 808 2370 bis
838 2301 1027 2367 obiici
1057 2309 1351 2382 possunt,
1398 2299 1707 2381 quoniam
1749 2317 1827 2363 ea
1859 2296 2246 2378 locupletius
2280 2293 2657 2378 suppeditat

701 2387 890 2455 vobis
934 2385 1201 2469 spiritus
1252 2384 1366 2450 ille
1408 2383 1735 2459 coelestis,
1795 2390 1864 2447 et
1905 2381 2238 2448 assiduum
2294 2382 2655 2463 scripturae

703 2492 928 2538 sacrae
970 2469 1282 2544 studium,
1325 2469 1564 2551 reliqui
1609 2468 1886 2550 denique
1928 2468 2058 2534 viri
2102 2468 2193 2549 pii
2228 2488 2387 2549 quos
2422 2487 2653 2530 consu-

701 2558 858 2623 litis.
904 2557 1090 2621 Haec
1125 2555 1337 2621 solum
1372 2553 1454 2619 ad
1491 2575 1610 2620 vos
1647 2553 1931 2619 scribere
1975 2552 2323 2629 voluimus,
2372 2562 2446 2615 ut
2488 2572 2654 2634 quae

702 2651 879 2709 esset
934 2655 1158 2706 nostra
1212 2640 1543 2705 sententia
1598 2638 2083 2722 intelligeretis,
2144 2646 2487 2720 postquam
2530 2656 2653 2700 000

702 2726 936 2812 dignos
986 2724 1324 2792 iudicastis
1364 2746 1405 2790 a
1447 2725 1684 2808 quibus
1726 2723 2073 2790 consilium
2127 2723 2464 2805 peteretis:
2523 2742 2653 2804 quo

701 2816 955 2879 utinam
999 2818 1136 2876 tam
1179 2811 1406 2876 iuvare
1459 2831 1826 2893 possemus,
1878 2830 2075 2891 quam
2119 2807 2201 2872 ad
2244 2807 2311 2871 id
2353 2815 2654 2890 prompto

701 2918 933 2965 sumus
989 2897 1210 2961 animo
1256 2903 1324 2961 et
1364 2894 1723 2961 voluntate.
1813 2894 1958 2960 Hoc
2010 2894 2280 2976 insuper
2331 2892 2650 2972 addimus,

700 2982 915 3052 videri
957 2982 1144 3047 nobis
1186 2980 1772 3059 consultissimum,
1818 2988 1895 3044 ut
1934 2999 2052 3060 per
2096 2979 2178 3043 D.
2226 2977 2547 3044 Bucerum
2589 2986 2656 3043 et

699 3068 985 3151 reliquos
1025 3068 1170 3151 pios
1212 3088 1288 3133 ac
1332 3066 1552 3133 doctos
1587 3067 1787 3143 viros,
1832 3084 1995 3148 quos
2030 3062 2212 3130 vobis
2246 3071 2653 3148 compertum

700 3163 804 3220 est
839 3153 1057 3219 valere
1097 3153 1315 3236 gratia
1357 3159 1425 3216 et
1468 3151 1814 3216 autoritate
1858 3149 2031 3233 apud
2075 3169 2185 3215 eos
2228 3150 2343 3233 qui
2375 3149 2653 3232 principi

700 3251 859 3307 sunt
901 3260 939 3302 a
982 3238 1299 3315 consiliis,
1344 3246 1413 3302 et
1452 3256 1726 3320 quorum
1769 3256 1973 3301 suasu
2015 3233 2390 3300 huiusmodi
2435 3256 2654 3300 caere-

698 3324 956 3390 moniae
1010 3324 1079 3388 in
1134 3330 1389 3390 vestras
1445 3320 1749 3387 ecclesias
1806 3327 2295 3403 comportantur
2311 3371 2326 3398 ,
2397 3331 2473 3384 ut
2524 3321 2652 3403 ipsi

699 3410 872 3478 serio
917 3407 1488 3491 admoneantur,⁴)
1532 3416 1609 3471 ut
1649 3407 1957 3471 maiorem
2002 3405 2287 3471 habeant
2329 3405 2652 3471 rationem

700 3494 1168 3561 aedificationis
1184 3545 1200 3571 ‚
1281 3514 1474 3558 verae
1536 3492 2047 3570 reformationis,
2114 3511 2189 3556 ac
2252 3492 2651 3556 infirmitatis

698 3601 925 3647 eorum
982 3578 1096 3663 qui
1149 3599 1377 3643 recens
1422 3576 1687 3643 Christo
1745 3586 2156 3643 accesserunt
2220 3585 2287 3641 et
2329 3578 2653 3642 accessuri

699 3672 876 3744 sunt,
920 3684 1196 3747 quorum
1231 3663 1624 3728 infirmiores
1658 3671 1813 3727 sunt
1845 3662 2068 3739 animi,
2112 3683 2306 3744 quam
2341 3664 2451 3744 qui
2488 3663 2654 3728 citra

696 3750 1166 3837 gravissimum
1209 3746 1671 3814 offendiculum
1712 3755 1966 3812 tantam
2010 3747 2437 3812 mutationem
2481 3748 2651 3814 ferre

744 3843 961 3901 ueant.
1009 3833 1440 3900 Meminerint
1482 3837 1821 3915 praeterea
1864 3839 2185 3916 quantum
2219 3853 2476 3916 semper
2510 3840 2648 3897 tur-

697 3859 921 3987 {erint
941 3918 1246 3984 ecclesias
1274 3917 1495 3984 studia
1531 3920 2106 3995 caeremoniarum,
2142 3928 2388 4000 quanta
2420 3939 2646 3982 earum

697 4007 898 4072 fuerit
938 4004 1207 4069 libertas
1250 4003 1321 4069 in
1364 4004 1574 4069 veteri
1631 4003 1933 4080 ecclesia,
1979 4003 2112 4068 illis
2158 4005 2352 4068 etiam
2398 4013 2648 4085 tempo-

697 4091 883 4156 ribus
926 4088 1159 4172 quibus
1194 4110 1272 4154 ea
1303 4091 1437 4155 iam
1472 4090 1617 4171 plus
1652 4089 1857 4154 nimio
1889 4087 2259 4154 istiusmodi
2302 4088 2649 4154 servilibus

698 4175 1007 4242 oneribus
1060 4173 1166 4259 (ut
1204 4175 1563 4258 Augustini
1606 4175 1827 4240 verbis
1862 4173 2157 4257 utamur)
2213 4173 2646 4256 premebatur.

698 4261 983 4326 Veniant
1016 4261 1084 4325 10
1130 4267 1417 4324 mentem
1461 4281 1628 4343 quae
1670 4259 1795 4325 1100
1838 4258 1919 4323 (10
1962 4279 2034 4324 re
2077 4259 2323 4341 scripta
2364 4250 2525 4323 sun‘t
2566 4257 2650 4323 ab

696 4345 974 4412 Irenaeo
1030 4344 1111 4411 ad
1154 4346 1490 4412 Victorem
1558 4354 1626 4410 et
1684 4345 1756 4409 in
1812 4344 2267 4410 ecclesiasticis
2325 4343 2644 4410 historiis:

697 4452 784 4497 ne
827 4430 1214 4497 scindantur
1258 4432 1566 4496 ecclesiae
1610 4442 1725 4496 aut
1766 4449 2030 4512 pessum
2076 4440 2228 4494 eant
2269 4430 2350 4495 ob
2395 4449 2506 4495 eas
2542 4451 2649 4494 res

696 4537 864 4599 quae
906 4517 1072 4581 citra
1116 4515 1527 4600 dispendium
1571 4516 1796 4581 abesse
1831 4523 2122 4598 possunt.
2168 4515 2313 4580 Hoc
2348 4523 2648 4599 urgeant,

695 4608 776 4666 ut
807 4621 977 4685 quae
1010 4600 1094 4666 ad
1129 4623 1353 4667 veram
1393 4601 1863 4686 poenitentiam
1905 4607 1971 4664 et
2006 4599 2454 4665 remissionem
2499 4622 2646 4683 pec-

695 4695 992 4754 catorum
1034 4687 1367 4770 pertinent
1408 4708 1538 4753 non
1575 4687 1982 4763 omittantur,
2027 4685 2281 4769 reliqua
2315 4705 2479 4769 quae
2514 4707 2648 4752 non

900 4959 963 5023 4)
1006 4958 1166 5029 Quod
1210 4958 1499 5014 comam
1541 4973 1599 5013 se
1850 4972 1966 5012 esse
1999 4956 2218 5012 videtur
2256 4957 2557 5025 Toesanus,
2594 4959 2647 5012 si

693 5043 840 5153 me
870 5034 1115 5084 narrant
1146 5027 1474 5084 Hartmamt
1506 5033 1559 5081 et
1629 5041 1791 5094 aeger
1825 5027 2059 5093 (Brentz
2092 5026 2182 5081 II.
2221 5026 2347 5088 135)
2384 5026 2492 5080 huc
2524 5032 2641 5081 tra-

791 5113 821 5152 e
865 5098 998 5152 velie
1031 5104 1084 5152 et
1115 5113 1231 5152 non
1263 5097 1341 5152 ad
1374 5114 1427 5151 a.
1465 5095 1620 5149 1543.
1690 5094 1911 5151 Scilicet
1942 5096 2234 5150 Bromium
2277 5094 2422 5149 adiit
2467 5096 2644 5150 literis

693 5168 795 5237 qui
825 5166 1182 5236 Anadamdro
1226 5171 1391 5221 anaor
1430 5165 1548 5231 fuit
1578 5165 1808 5233 utpaci
1832 5164 2031 5233 potius
2063 5164 2334 5231 auderet,
2370 5179 2442 5218 ne
2474 5164 2643 5220 nimis

692 5235 900 5375 affin-iteam·
915 5235 1285 5374 ιφηῦηαοκάο,
1322 5238 1387 5289 ut
1417 5233 1503 5289 ait
1532 5233 1639 5302 ale,
1667 5249 1780 5303 pro
1804 5232 2023 5303 pituita
2055 5233 2382 5306 sanquinem
2413 5233 2640 5290 elima.

2249 397 2774 467 EPISTOLAE
2823 401 3158 463 546-547

4572 402 4685 466 704

2754 583 2961 669 exigit
3025 583 3331 651 Christus
3394 586 3530 650 sint
3592 585 3928 665 liberiora,
3993 609 4073 653 ea
4138 595 4359 654 tamen
4423 585 4561 671 lege
4619 595 4689 656 ut

2753 669 3216 753 praecludatur
3270 671 3380 735 via
3422 674 3503 736 ad
3562 670 3824 751 ἀταξίαν,
3884 694 4015 755 (100
4066 672 4234 738 011111
4289 678 4502 756 potest
4555 694 4686 741 0000

2755 754 3063 821 ecclesiae
3123 758 3484 823 nocentius.
3575 757 3860 823 Causam
3920 765 4122 843 agant
4178 766 4468 824 vestram
4523 760 4688 843 apud

2755 841 3147 923 principem:
3218 863 3351 907 000
3422 842 3780 908 accendant
3838 844 3977 908 eius
4035 844 4330 909 animum
4388 844 4689 912 adversus

2752 926 3193 991 ministerium
3238 937 3560 1006 vestrum,
3607 951 3689 992 ne
3733 930 4050 1011 spolietur
4092 930 4361 996 ecclesia
4403 951 4519 994 suo
4559 930 4691 997 iure

2755 1025 2822 1075 et
2864 1032 3039 1076 nova
3080 1014 3433 1096 tyrannide
3476 1016 3901 1096 opprimatur.
3971 1015 4143 1081 Nam
4188 1016 4312 1082 hoc
4355 1036 4486 1080 non
4528 1022 4691 1082 esset

2742 1098 3173 1181 ‘tyrannidem
3230 1108 3296 1163 et
3347 1109 3662 1182 papatum
3716 1100 4057 1166 sustulisse
4112 1100 4223 1167 sed
4281 1111 4597 1179 mutasse,
4641 1102 4695 1167 si

2756 1183 3074 1248 ministris
3132 1183 3314 1249 nulla
3369 1196 3541 1249 esset
3603 1186 3673 1249 in
3727 1186 3996 1252 00010010
4052 1186 4305 1252 Christi
4369 1186 4692 1268 autoritaS,

2756 1268 2870 1334 sed
2911 1277 3300 1352 cogerentur
3343 1271 3781 1336 caeremonias
3825 1280 3893 1336 et
3926 1271 4334 1355 disciplinam
4370 1272 4695 1339 ecclesias-

2755 1355 2954 1419 ticam
2996 1353 3077 1418 ad
3113 1355 3428 1440 principis
3466 1356 3939 1440 praescriptum
3981 1369 4047 1422 et
4083 1367 4321 1423 nutum
4356 1359 4693 1441 suscipere.

2757 1438 2934 1505 Sunt
2978 1461 3132 1524 ergo
3176 1441 3338 1506 haec
3380 1462 3623 1526 magna
3676 1442 3991 1509 modestia
4034 1453 4102 1507 et
4143 1444 4557 1528 simplicitate
4597 1445 4696 1508 in-

2758 1523 3035 1590 dicanda
3098 1525 3213 1591 ubi
3271 1547 3340 1592 se
3397 1528 3589 1593 offert
3647 1529 3918 1608 occasio,
3986 1529 4101 1594 sed
4167 1529 4261 1595 010
4326 1536 4482 1594 0000
4543 1529 4698 1595 11000

2757 1610 3181 1694 temperanda
3229 1621 3308 1677 ut
3364 1633 3500 1678 non
3544 1613 3884 1679 ecclesiam
3928 1635 3968 1679 a
4011 1615 4290 1697 posteris
4342 1614 4698 1698 prodidisse

2759 1697 2903 1761 iure
2970 1698 3219 1762 censeri
3285 1699 3625 1781 possimus,
3690 1720 3922 1783 neque.
3967 1721 4232 1765 rursum
4300 1700 4700 1784 principibus

2759 1783 3098 1847 affectatae
3160 1784 3231 1847 in
3247 1783 3304 1868 ⁵)
3371 1784 3739 1868 tyrannidis
3813 1786 4248 1868 suspicionem
4312 1786 4698 1869 praebuisse.

2759 1867 3175 1950 Accipiamus
3218 1869 3402 1935 verbi
3439 1869 3570 1934 Dei
3611 1870 3937 1954 regulam,
3999 1892 4038 1935 a
4080 1892 4207 1953 qua
4250 1893 4369 1937 000
4413 1892 4552 1937 000
4593 1892 4703 1955 pa-

2758 1953 3002 2017 tiamur
3042 1953 3273 2019 abduci
3318 1963 3385 2020 et
3425 1953 3666 2039 abripi:
3726 1955 3900 2021 unde
3937 1957 4264 2040 principes
4309 1965 4379 2021 et
4419 1954 4705 2022 ministri

2758 2059 2954 2104 suum
3010 2038 3266 2104 discant
3321 2039 3629 2106 officium.
3719 2041 3913 2107 Absit
3955 2065 3996 2107 a
4038 2043 4223 2109 nobis
4277 2043 4703 2123 contumacia,

2758 2124 2928 2189 absit
2969 2131 3036 2189 et
3078 2125 3279 2190 nimia
3335 2126 3607 2191 facilitas
3662 2127 3733 2192 in
3788 2126 3988 2193 rebus
4042 2128 4394 2194 novandis:
4460 2150 4546 2194 ne
4587 2128 4706 2192 im-

2758 2209 3113 2307 prudentes
3167 2232 3432 2276 rursum
3489 2213 3899 2278 Antichristo
3957 2213 4134 2278 viam
4196 2227 4573 2279 sternamus
4625 2209 4709 2277 ad

2759 2304 3147 2378 mysterium
3190 2296 3576 2381 iniquitatis,
3622 2298 3795 2364 sicut
3838 2300 4169 2365 veteribus
4212 2300 4527 2366 accidisse
4569 2299 4708 2383 ipsa

2759 2403 2875 2446 nos
2911 2401 3130 2445 rerum
3166 2382 3571 2465 experientia
3605 2383 3806 2449 docet.
3851 2384 4254 2467 Experimur
4288 2387 4468 2450 enim
4506 2406 4710 2469 quan-

2757 2474 2900 2531 tum
2956 2466 3341 2550 excogitatis
3385 2490 3425 2532 a
3467 2490 3537 2534 se
3579 2470 4004 2536 caeremoniis
4060 2471 4473 2551 profecerint.
4565 2471 4713 2536 Non

2755 2553 3001 2616 frustra
3067 2552 3423 2635 appellavit
3487 2554 3815 2636 apostolus
3888 2557 4275 2641 mysterium
4340 2555 4710 2640 iniquitatis

2757 2636 3155 2703 Antichristi
3218 2659 3411 2722 opus:
3478 2660 3634 2704 nam
3695 2641 4007 2706 occultius
4062 2648 4164 2707 est
4219 2661 4416 2724 quam
4472 2647 4553 2707 ut
4607 2639 4713 2707 vel

2757 2723 3154 2789 sanctissimi
3197 2723 3684 2807 deprehendere
3726 2735 3983 2809 queant.
4051 2725 4188 2793 Sed
4228 2727 4415 2809 prius
4459 2725 4710 2793 radices

2759 2810 2898 2893 agit
2961 2816 3027 2873 et
3091 2808 3348 2875 fructus
3412 2809 3712 2892 producit
3774 2832 3928 2877 suos
4007 2832 4204 2894 quam
4270 2810 4715 2881 animadverti

2755 2895 2963 2977 possit
3005 2915 3045 2958 a
3087 2895 3291 2961 nobis.
3335 2896 3697 2979 Postquam
3739 2904 3961 2964 autem
4005 2897 4208 2963 se'mel
4250 2898 4540 2964 invaluit
4582 2918 4715 2963 non

2754 2979 2947 3046 facile
2990 2978 3262 3045 tollitur.
3332 2980 3703 3064 Sequamur
3744 3003 3899 3066 ergo
3944 2983 4368 3066 apostolicam
4413 2983 4717 3068 regulam

2757 3075 2826 3130 et
2869 3065 3409 3144 moderationem,
3454 3088 3585 3150 qua
3625 3068 3865 3133 otiosas
3908 3076 3976 3134 et
4017 3090 4221 3134 vanas
4263 3070 4716 3135 caeremonias

2757 3150 3159 3231 reiiciamus,
3221 3152 3414 3217 utiles
3459 3174 3617 3219 vero
3662 3174 3738 3219 ac
3779 3154 4181 3220 necessarias
4224 3162 4290 3220 et
4334 3155 4542 3221 verbo
4587 3152 4716 3220 Dei

2756 3257 3077 3302 consonas
3119 3236 3407 3303 studiose
3450 3237 3754 3305 colamus.
3799 3239 4055 3318 Valete,
4093 3240 4420 3307 carissimi
4456 3242 4714 3308 fratres.

2755 3322 3155 3388 Lausannae
3199 3326 3236 3387 3
3281 3323 3447 3390 Maii
3496 3329 3675 3389 1544.

3760 3445 4003 3510 Vester
4058 3465 4141 3510 ex
4196 3447 4419 3514 animo

3808 3531 4046 3596 Petrus
4081 3531 4355 3599 Viretus

3473 3613 3870 3699 reliquorum
3915 3618 4194 3681 fratrum
4238 3621 4352 3700 qui
4401 3619 4516 3688 hic
4562 3626 4717 3686 sunt

3714 3701 3975 3767 nomine
4017 3710 4086 3767 et
4128 3724 4479 3772 consensu.

3646 4116 3795 4188 547.

2755 4269 3224 4336 CALVINUS
3285 4269 4714 4442 MINISTSIEIRJSMONSBELGABDEN·

2924 4541 3163 4608 Iterum
3204 4563 3414 4609 eorum
3455 4545 3701 4613 animos
3738 4545 3982 4628 firmat,
4027 4568 4102 4613 ne
4144 4549 4267 4615 sibi
4311 4559 4538 4619 contra
4574 4573 4714 4621 oon-

2749 4627 3076 4693 scientiam
3107 4630 3234 4694 vim
3264 4629 3413 4709 fieri
3438 4633 3792 4712 Ραιίαηιων,
3835 4634 4007 4698 circa
4035 4634 4307 4715 frivolas
4343 4644 4466 4704 aut
4498 4657 4714 4723 super-

2749 4713 3026 4779 stitiosas
3047 4716 3478 4796 caeremonia-9,
3513 4718 3787 4783 maxime
3805 4739 3881 4783 ne
3903 4719 4290 4786 obstetricum
4325 4725 4714 4807 baptismam·

2748 4799 3017 4865 tolerent.
3120 4799 3241 4866 Ubi
3295 4805 3499 4866 tamen
3544 4802 3891 4869 Lutkerum
3945 4806 4156 4888 ipsum
4196 4807 4274 4873 ab
4320 4812 4710 4877 asseclarum

2749 4885 3225 4966 intemperantia
3264 4887 3560 4953 vindicat.

2748 5037 2937 5106 (Manu
2982 5038 3188 5108 scripta
3229 5057 3340 5094 non
3387 5046 3582 5095 exstat.
3651 5042 3818 5097 Edita
3850 5050 3935 5099 est
3969 5061 4002 5097 a
4036 5045 4179 5099 Besa
4210 5047 4267 5100 in
4304 5065 4416 5119 sup
4459 5050 4708 5106 lementi·

2885 5105 3085 5162 Genev.
3123 5106 3277 5174 1576,
3312 5125 3364 5177 p.
3400 5107 3519 5164 423.
3591 5108 3801 5167 Chouet
3832 5131 3886 5184 p.
3915 5111 4037 5169 590.
4106 5118 4286 5171 Amat.
4324 5135 4382 5188 p.
4532 5121 4575 5186 .)

2948 5303 3009 5372 5)
3044 5302 3161 5359 0ἰοὶ
