<?xml version="1.0" encoding="UTF-8"?>
<!DOCTYPE html PUBLIC "-//W3C//DTD XHTML 1.0 Transitional//EN"
    "http://www.w3.org/TR/xhtml1/DTD/xhtml1-transitional.dtd">
<html xmlns="http://www.w3.org/1999/xhtml" xml:lang="en" lang="en">
 <head>
  <title>
</title>
<meta http-equiv="Content-Type" content="text/html;charset=utf-8" />
  <meta name='ocr-system' content='tesseract 3.04.00' />
  <meta name='ocr-capabilities' content='ocr_page ocr_carea ocr_par ocr_line ocrx_word'/>
</head>
<body>
  <div class='ocr_page' id='page_1' title='image "./ioanniscalvinio13unkngoog_0047.png"; bbox 0 0 5050 6167; ppageno 0'>
   <div class='ocr_carea' id='block_1_1' title="bbox 57 1037 71 1976">
    <p class='ocr_par' dir='ltr' id='par_1_1' title="bbox 57 1037 71 1976">
     <span class='ocr_line' id='line_1_1' title="bbox 57 1037 71 1976; baseline 0 0"><span class='ocrx_word' id='word_1_1' title='bbox 57 1037 71 1976; x_wconf 95' lang='lat' dir='ltr'> </span> 
     </span>
    </p>
   </div>
   <div class='ocr_carea' id='block_1_2' title="bbox 399 410 2699 482">
    <p class='ocr_par' dir='ltr' id='par_1_2' title="bbox 399 410 2699 482">
     <span class='ocr_line' id='line_1_2' title="bbox 399 410 2699 482; baseline 0 -5"><span class='ocrx_word' id='word_1_2' title='bbox 399 413 474 480; x_wconf 70' lang='lat'>80</span> <span class='ocrx_word' id='word_1_3' title='bbox 2096 414 2263 478; x_wconf 78' lang='lat'><strong>1540</strong></span> <span class='ocrx_word' id='word_1_4' title='bbox 2302 410 2699 482; x_wconf 68' lang='lat' dir='ltr'>AUGUBT.</span> 
     </span>
    </p>
   </div>
   <div class='ocr_carea' id='block_1_3' title="bbox 381 599 2351 4464">
    <p class='ocr_par' dir='ltr' id='par_1_3' title="bbox 381 599 2351 4464">
     <span class='ocr_line' id='line_1_3' title="bbox 398 599 2336 685; baseline -0.003 -15"><span class='ocrx_word' id='word_1_5' title='bbox 398 602 666 670; x_wconf 53' lang='lat' dir='ltr'>Pinario</span> <span class='ocrx_word' id='word_1_6' title='bbox 708 608 780 668; x_wconf 84' lang='lat' dir='ltr'>et</span> <span class='ocrx_word' id='word_1_7' title='bbox 825 600 1145 685; x_wconf 60' lang='lat' dir='ltr'>Schnepfio</span> <span class='ocrx_word' id='word_1_8' title='bbox 1186 607 1483 670; x_wconf 85' lang='lat' dir='ltr'>nostram</span> <span class='ocrx_word' id='word_1_9' title='bbox 1536 601 1769 669; x_wconf 89' lang='lat' dir='ltr'>urbem</span> <span class='ocrx_word' id='word_1_10' title='bbox 1824 601 2069 668; x_wconf 86' lang='lat' dir='ltr'>invisit.</span> <span class='ocrx_word' id='word_1_11' title='bbox 2160 599 2336 668; x_wconf 87' lang='lat' dir='ltr'>Oon-</span> 
     </span>
     <span class='ocr_line' id='line_1_4' title="bbox 394 686 2338 772; baseline -0.002 -17"><span class='ocrx_word' id='word_1_12' title='bbox 394 691 642 755; x_wconf 86' lang='lat' dir='ltr'>cionem</span> <span class='ocrx_word' id='word_1_13' title='bbox 684 689 839 755; x_wconf 85' lang='lat' dir='ltr'>fecit</span> <span class='ocrx_word' id='word_1_14' title='bbox 879 689 1027 754; x_wconf 88' lang='lat' dir='ltr'>heri</span> <span class='ocrx_word' id='word_1_15' title='bbox 1069 690 1138 754; x_wconf 91' lang='lat' dir='ltr'>in</span> <span class='ocrx_word' id='word_1_16' title='bbox 1181 711 1440 755; x_wconf 91' lang='lat' dir='ltr'>summo</span> <span class='ocrx_word' id='word_1_17' title='bbox 1484 688 1728 772; x_wconf 74' lang='lat' dir='ltr'>templo</span> <span class='ocrx_word' id='word_1_18' title='bbox 1777 686 2170 771; x_wconf 60' lang='lat' dir='ltr'>Schnepfim,</span> <span class='ocrx_word' id='word_1_19' title='bbox 2228 688 2338 752; x_wconf 81' lang='lat' dir='ltr'>vir</span> 
     </span>
     <span class='ocr_line' id='line_1_5' title="bbox 391 772 2337 851; baseline -0.001 -10"><span class='ocrx_word' id='word_1_20' title='bbox 391 774 578 841; x_wconf 79' lang='lat' dir='ltr'>valde</span> <span class='ocrx_word' id='word_1_21' title='bbox 621 774 964 842; x_wconf 79' lang='lat' dir='ltr'>facundus.</span> <span class='ocrx_word' id='word_1_22' title='bbox 1053 772 1416 841; x_wconf 80' lang='lat' dir='ltr'>Solventur</span> <span class='ocrx_word' id='word_1_23' title='bbox 1465 776 1652 841; x_wconf 84' lang='lat' dir='ltr'>brevi</span> <span class='ocrx_word' id='word_1_24' title='bbox 1707 774 2003 851; x_wconf 88' lang='lat' dir='ltr'>comitia,</span> <span class='ocrx_word' id='word_1_25' title='bbox 2057 772 2187 838; x_wconf 88' lang='lat' dir='ltr'>nisi</span> <span class='ocrx_word' id='word_1_26' title='bbox 2230 794 2337 839; x_wconf 91' lang='lat' dir='ltr'>me</span> 
     </span>
     <span class='ocr_line' id='line_1_6' title="bbox 390 857 2335 943; baseline -0.002 -15"><span class='ocrx_word' id='word_1_27' title='bbox 390 861 619 928; x_wconf 68' lang='lat' dir='ltr'>fallant</span> <span class='ocrx_word' id='word_1_28' title='bbox 659 881 890 926; x_wconf 88' lang='lat' dir='ltr'>omnes</span> <span class='ocrx_word' id='word_1_29' title='bbox 933 860 1362 926; x_wconf 80' lang='lat' dir='ltr'>coniecturae.</span> <span class='ocrx_word' id='word_1_30' title='bbox 1448 860 1590 926; x_wconf 74' lang='lat' dir='ltr'>Rex</span> <span class='ocrx_word' id='word_1_31' title='bbox 1631 857 1902 926; x_wconf 90' lang='lat' dir='ltr'>tandem</span> <span class='ocrx_word' id='word_1_32' title='bbox 1947 879 2335 943; x_wconf 89' lang='lat' dir='ltr'>responsum</span> 
     </span>
     <span class='ocr_line' id='line_1_7' title="bbox 392 944 2336 1030; baseline -0.001 -19"><span class='ocrx_word' id='word_1_33' title='bbox 392 946 567 1013; x_wconf 80' lang='lat' dir='ltr'><strong>dedit</strong></span> <span class='ocrx_word' id='word_1_34' title='bbox 629 946 893 1012; x_wconf 88' lang='lat' dir='ltr'>nostris.</span> <span class='ocrx_word' id='word_1_35' title='bbox 1004 945 1419 1029; x_wconf 76' lang='lat' dir='ltr'>colloquium</span> <span class='ocrx_word' id='word_1_36' title='bbox 1496 947 1687 1013; x_wconf 82' lang='lat' dir='ltr'>toties</span> <span class='ocrx_word' id='word_1_37' title='bbox 1751 946 2031 1030; x_wconf 90' lang='lat' dir='ltr'>petitum</span> <span class='ocrx_word' id='word_1_38' title='bbox 2108 944 2336 1010; x_wconf 90' lang='lat' dir='ltr'>haberi</span> 
     </span>
     <span class='ocr_line' id='line_1_8' title="bbox 391 1030 2335 1116; baseline -0.003 -16"><span class='ocrx_word' id='word_1_39' title='bbox 391 1034 521 1100; x_wconf 86' lang='lat' dir='ltr'>iam</span> <span class='ocrx_word' id='word_1_40' title='bbox 561 1053 698 1098; x_wconf 91' lang='lat' dir='ltr'>non</span> <span class='ocrx_word' id='word_1_41' title='bbox 739 1051 934 1114; x_wconf 88' lang='lat' dir='ltr'>posse</span> <span class='ocrx_word' id='word_1_42' title='bbox 975 1041 1244 1116; x_wconf 85' lang='lat' dir='ltr'>propter</span> <span class='ocrx_word' id='word_1_43' title='bbox 1277 1045 1657 1098; x_wconf 88' lang='lat' dir='ltr'>nostrorum</span> <span class='ocrx_word' id='word_1_44' title='bbox 1691 1030 2067 1116; x_wconf 74' lang='lat' dir='ltr'>principum</span> <span class='ocrx_word' id='word_1_45' title='bbox 2102 1031 2335 1095; x_wconf 89' lang='lat' dir='ltr'>absen-</span> 
     </span>
     <span class='ocr_line' id='line_1_9' title="bbox 390 1116 2337 1193; baseline -0.003 -8"><span class='ocrx_word' id='word_1_46' title='bbox 390 1119 548 1185; x_wconf 82' lang='lat' dir='ltr'>tiam</span> <span class='ocrx_word' id='word_1_47' title='bbox 609 1129 681 1182; x_wconf 86' lang='lat' dir='ltr'>et</span> <span class='ocrx_word' id='word_1_48' title='bbox 737 1137 967 1183; x_wconf 87' lang='lat' dir='ltr'>causas</span> <span class='ocrx_word' id='word_1_49' title='bbox 1024 1117 1205 1183; x_wconf 87' lang='lat' dir='ltr'>alias.</span> <span class='ocrx_word' id='word_1_50' title='bbox 1294 1116 1699 1184; x_wconf 84' lang='lat' dir='ltr'>Guraturum</span> <span class='ocrx_word' id='word_1_51' title='bbox 1757 1125 1980 1181; x_wconf 88' lang='lat' dir='ltr'>tamen</span> <span class='ocrx_word' id='word_1_52' title='bbox 2036 1137 2108 1181; x_wconf 93' lang='lat' dir='ltr'>se</span> <span class='ocrx_word' id='word_1_53' title='bbox 2124 1167 2139 1193; x_wconf 93' lang='lat'><strong><em>‚</em></strong></span> <span class='ocrx_word' id='word_1_54' title='bbox 2206 1135 2337 1180; x_wconf 89' lang='lat' dir='ltr'>una</span> 
     </span>
     <span class='ocr_line' id='line_1_10' title="bbox 389 1199 2334 1286; baseline -0.004 -14"><span class='ocrx_word' id='word_1_55' title='bbox 389 1226 531 1272; x_wconf 90' lang='lat' dir='ltr'>cum</span> <span class='ocrx_word' id='word_1_56' title='bbox 576 1205 781 1269; x_wconf 79' lang='lat' dir='ltr'>fratre</span> <span class='ocrx_word' id='word_1_57' title='bbox 807 1201 1094 1282; x_wconf 75' lang='lat' dir='ltr'><strong><em>Caesare,</em></strong></span> <span class='ocrx_word' id='word_1_58' title='bbox 1128 1213 1206 1268; x_wconf 90' lang='lat' dir='ltr'>ut</span> <span class='ocrx_word' id='word_1_59' title='bbox 1239 1202 1420 1268; x_wconf 91' lang='lat' dir='ltr'>locus</span> <span class='ocrx_word' id='word_1_60' title='bbox 1456 1213 1524 1267; x_wconf 88' lang='lat' dir='ltr'>et</span> <span class='ocrx_word' id='word_1_61' title='bbox 1558 1215 1818 1286; x_wconf 89' lang='lat' dir='ltr'>tempus</span> <span class='ocrx_word' id='word_1_62' title='bbox 1862 1201 2178 1284; x_wconf 91' lang='lat' dir='ltr'>colloquio</span> <span class='ocrx_word' id='word_1_63' title='bbox 2222 1199 2334 1265; x_wconf 89' lang='lat' dir='ltr'>de·</span> 
     </span>
     <span class='ocr_line' id='line_1_11' title="bbox 388 1286 2335 1376; baseline -0.003 -21"><span class='ocrx_word' id='word_1_64' title='bbox 388 1301 654 1376; x_wconf 89' lang='lat' dir='ltr'>putetur</span> <span class='ocrx_word' id='word_1_65' title='bbox 670 1341 687 1368; x_wconf 95' lang='lat'>,</span> <span class='ocrx_word' id='word_1_66' title='bbox 731 1310 813 1354; x_wconf 91' lang='lat' dir='ltr'>ea</span> <span class='ocrx_word' id='word_1_67' title='bbox 853 1298 1075 1354; x_wconf 88' lang='lat' dir='ltr'>tamen</span> <span class='ocrx_word' id='word_1_68' title='bbox 1119 1288 1267 1372; x_wconf 87' lang='lat' dir='ltr'>lege</span> <span class='ocrx_word' id='word_1_69' title='bbox 1310 1297 1385 1353; x_wconf 92' lang='lat' dir='ltr'>ut</span> <span class='ocrx_word' id='word_1_70' title='bbox 1424 1290 1683 1354; x_wconf 89' lang='lat' dir='ltr'>interea</span> <span class='ocrx_word' id='word_1_71' title='bbox 1738 1288 1949 1353; x_wconf 81' lang='lat' dir='ltr'>nostri</span> <span class='ocrx_word' id='word_1_72' title='bbox 1989 1309 2100 1353; x_wconf 90' lang='lat' dir='ltr'>eos</span> <span class='ocrx_word' id='word_1_73' title='bbox 2143 1286 2335 1351; x_wconf 90' lang='lat' dir='ltr'>resti·</span> 
     </span>
     <span class='ocr_line' id='line_1_12' title="bbox 388 1372 2338 1478; baseline -0.002 -37"><span class='ocrx_word' id='word_1_74' title='bbox 388 1385 579 1478; x_wconf 69' lang='lat' dir='ltr'>tuant</span> <span class='ocrx_word' id='word_1_75' title='bbox 619 1376 738 1459; x_wconf 92' lang='lat' dir='ltr'>qui</span> <span class='ocrx_word' id='word_1_76' title='bbox 780 1373 861 1475; x_wconf 74' lang='lat' dir='ltr'>de</span> <span class='ocrx_word' id='word_1_77' title='bbox 903 1375 1110 1475; x_wconf 74' lang='lat' dir='ltr'>spolio</span> <span class='ocrx_word' id='word_1_78' title='bbox 1154 1383 1536 1472; x_wconf 76' lang='lat' dir='ltr'>queruntur,</span> <span class='ocrx_word' id='word_1_79' title='bbox 1580 1372 1775 1457; x_wconf 90' lang='lat' dir='ltr'>idque</span> <span class='ocrx_word' id='word_1_80' title='bbox 1814 1374 2006 1439; x_wconf 81' lang='lat' dir='ltr'>iuxta</span> <span class='ocrx_word' id='word_1_81' title='bbox 2039 1392 2338 1439; x_wconf 88' lang='lat' dir='ltr'>camerae</span> 
     </span>
     <span class='ocr_line' id='line_1_13' title="bbox 387 1456 2339 1644; baseline -0.004 -30"><span class='ocrx_word' id='word_1_82' title='bbox 387 1459 1782 1644; x_wconf 47' lang='lat' dir='ltr'>ffivffififflmjsswssssffissss</span> <span class='ocrx_word' id='word_1_83' title='bbox 1814 1456 2339 1610; x_wconf 52' lang='lat' dir='ltr'>ssssffihsssff..</span> 
     </span>
     <span class='ocr_line' id='line_1_14' title="bbox 386 1629 2336 1718; baseline -0.003 -19"><span class='ocrx_word' id='word_1_84' title='bbox 386 1633 689 1718; x_wconf 80' lang='lat' dir='ltr'>inprimis</span> <span class='ocrx_word' id='word_1_85' title='bbox 734 1633 916 1717; x_wconf 85' lang='lat' dir='ltr'>pacis</span> <span class='ocrx_word' id='word_1_86' title='bbox 958 1631 1235 1698; x_wconf 71' lang='lat' dir='ltr'>consilia</span> <span class='ocrx_word' id='word_1_87' title='bbox 1267 1641 1651 1714; x_wconf 87' lang='lat' dir='ltr'>sequuntur,</span> <span class='ocrx_word' id='word_1_88' title='bbox 1695 1651 1736 1695; x_wconf 89' lang='lat' dir='ltr'>a</span> <span class='ocrx_word' id='word_1_89' title='bbox 1770 1629 1940 1696; x_wconf 89' lang='lat' dir='ltr'>bello</span> <span class='ocrx_word' id='word_1_90' title='bbox 1977 1629 2336 1696; x_wconf 88' lang='lat' dir='ltr'>abhorren-</span> 
     </span>
     <span class='ocr_line' id='line_1_15' title="bbox 389 1712 2339 1800; baseline -0.004 -15"><span class='ocrx_word' id='word_1_91' title='bbox 389 1727 507 1785; x_wconf 74' lang='lat' dir='ltr'>tes.</span> <span class='ocrx_word' id='word_1_92' title='bbox 602 1717 973 1784; x_wconf 74' lang='lat' dir='ltr'>Palatinum</span> <span class='ocrx_word' id='word_1_93' title='bbox 1016 1738 1175 1784; x_wconf 78' lang='lat' dir='ltr'>vero</span> <span class='ocrx_word' id='word_1_94' title='bbox 1233 1739 1375 1784; x_wconf 76' lang='lat' dir='ltr'>esse</span> <span class='ocrx_word' id='word_1_95' title='bbox 1425 1717 1793 1800; x_wconf 73' lang='grc' dir='ltr'>εἰρηνόποιον</span> <span class='ocrx_word' id='word_1_96' title='bbox 1851 1716 2056 1781; x_wconf 77' lang='lat' dir='ltr'>aiunt.</span> <span class='ocrx_word' id='word_1_97' title='bbox 2164 1712 2339 1781; x_wconf 82' lang='lat' dir='ltr'>Colo·</span> 
     </span>
     <span class='ocr_line' id='line_1_16' title="bbox 387 1801 2340 1884; baseline -0.004 -13"><span class='ocrx_word' id='word_1_98' title='bbox 387 1807 628 1872; x_wconf 70' lang='lat' dir='ltr'>niensis</span> <span class='ocrx_word' id='word_1_99' title='bbox 670 1806 775 1870; x_wconf 78' lang='lat' dir='ltr'>vir</span> <span class='ocrx_word' id='word_1_100' title='bbox 818 1803 1030 1870; x_wconf 87' lang='lat' dir='ltr'>bonus</span> <span class='ocrx_word' id='word_1_101' title='bbox 1072 1815 1193 1869; x_wconf 85' lang='lat' dir='ltr'>est.</span> <span class='ocrx_word' id='word_1_102' title='bbox 1212 1806 1271 1884; x_wconf 79' lang='lat'>⁸)</span> <span class='ocrx_word' id='word_1_103' title='bbox 1369 1801 1540 1869; x_wconf 89' lang='lat' dir='ltr'>Oum</span> <span class='ocrx_word' id='word_1_104' title='bbox 1584 1801 1863 1868; x_wconf 80' lang='lat' dir='ltr'>Hedione</span> <span class='ocrx_word' id='word_1_105' title='bbox 1905 1801 2084 1866; x_wconf 90' lang='lat' dir='ltr'>solus</span> <span class='ocrx_word' id='word_1_106' title='bbox 2127 1819 2340 1882; x_wconf 85' lang='lat' dir='ltr'>nuper</span> 
     </span>
     <span class='ocr_line' id='line_1_17' title="bbox 388 1885 2340 1974; baseline -0.005 -15"><span class='ocrx_word' id='word_1_107' title='bbox 388 1891 800 1974; x_wconf 87' lang='lat' dir='ltr'>colloquutus</span> <span class='ocrx_word' id='word_1_108' title='bbox 842 1902 962 1968; x_wconf 88' lang='lat' dir='ltr'>est,</span> <span class='ocrx_word' id='word_1_109' title='bbox 1006 1889 1266 1955; x_wconf 75' lang='lat' dir='ltr'>circiter</span> <span class='ocrx_word' id='word_1_110' title='bbox 1317 1886 1483 1954; x_wconf 85' lang='lat' dir='ltr'>duas</span> <span class='ocrx_word' id='word_1_111' title='bbox 1526 1887 1754 1964; x_wconf 87' lang='lat' dir='ltr'>horas,</span> <span class='ocrx_word' id='word_1_112' title='bbox 1820 1885 2062 1952; x_wconf 91' lang='lat' dir='ltr'>nudius</span> <span class='ocrx_word' id='word_1_113' title='bbox 2103 1885 2340 1950; x_wconf 88' lang='lat' dir='ltr'>tertius</span> 
     </span>
     <span class='ocr_line' id='line_1_18' title="bbox 388 1972 2338 2058; baseline -0.004 -15"><span class='ocrx_word' id='word_1_114' title='bbox 388 1980 587 2044; x_wconf 88' lang='lat' dir='ltr'>etiam</span> <span class='ocrx_word' id='word_1_115' title='bbox 629 1996 781 2042; x_wconf 91' lang='lat' dir='ltr'>cum</span> <span class='ocrx_word' id='word_1_116' title='bbox 827 1973 1125 2058; x_wconf 72' lang='lat' dir='ltr'>Capitone</span> <span class='ocrx_word' id='word_1_117' title='bbox 1180 1982 1249 2040; x_wconf 92' lang='lat' dir='ltr'>et</span> <span class='ocrx_word' id='word_1_118' title='bbox 1284 1972 1546 2041; x_wconf 80' lang='lat' dir='ltr'>Buoero.</span> <span class='ocrx_word' id='word_1_119' title='bbox 1641 1973 2041 2039; x_wconf 70' lang='lat' dir='ltr'>Treverensis</span> <span class='ocrx_word' id='word_1_120' title='bbox 2092 1991 2179 2036; x_wconf 92' lang='lat' dir='ltr'>au</span> <span class='ocrx_word' id='word_1_121' title='bbox 2234 1992 2338 2035; x_wconf 88' lang='lat' dir='ltr'>re-</span> 
     </span>
     <span class='ocr_line' id='line_1_19' title="bbox 389 2055 2338 2145; baseline -0.005 -16"><span class='ocrx_word' id='word_1_122' title='bbox 389 2084 706 2129; x_wconf 83' lang='lat' dir='ltr'>versurus</span> <span class='ocrx_word' id='word_1_123' title='bbox 746 2061 851 2138; x_wconf 89' lang='lat' dir='ltr'>sit,</span> <span class='ocrx_word' id='word_1_124' title='bbox 896 2062 1147 2145; x_wconf 85' lang='lat' dir='ltr'>ignoro.</span> <span class='ocrx_word' id='word_1_125' title='bbox 1208 2059 1436 2127; x_wconf 88' lang='lat' dir='ltr'>Unum</span> <span class='ocrx_word' id='word_1_126' title='bbox 1477 2069 1578 2125; x_wconf 89' lang='lat' dir='ltr'>est</span> <span class='ocrx_word' id='word_1_127' title='bbox 1619 2056 1794 2142; x_wconf 92' lang='lat' dir='ltr'>quod</span> <span class='ocrx_word' id='word_1_128' title='bbox 1836 2079 1942 2123; x_wconf 90' lang='lat' dir='ltr'>me</span> <span class='ocrx_word' id='word_1_129' title='bbox 1984 2055 2180 2122; x_wconf 81' lang='lat' dir='ltr'>valde</span> <span class='ocrx_word' id='word_1_130' title='bbox 2223 2076 2338 2121; x_wconf 86' lang='lat' dir='ltr'>ex·</span> 
     </span>
     <span class='ocr_line' id='line_1_20' title="bbox 390 2144 2339 2217; baseline -0.005 0"><span class='ocrx_word' id='word_1_131' title='bbox 390 2148 657 2217; x_wconf 85' lang='lat' dir='ltr'>cruciat.</span> <span class='ocrx_word' id='word_1_132' title='bbox 758 2146 841 2212; x_wconf 93' lang='lat' dir='ltr'>Id</span> <span class='ocrx_word' id='word_1_133' title='bbox 883 2168 960 2212; x_wconf 88' lang='lat' dir='ltr'>oo</span> <span class='ocrx_word' id='word_1_134' title='bbox 1017 2146 1200 2213; x_wconf 84' lang='lat' dir='ltr'>vobis</span> <span class='ocrx_word' id='word_1_135' title='bbox 1242 2144 1728 2211; x_wconf 87' lang='lat' dir='ltr'>communicare</span> <span class='ocrx_word' id='word_1_136' title='bbox 1780 2144 1963 2210; x_wconf 84' lang='lat' dir='ltr'>volui</span> <span class='ocrx_word' id='word_1_137' title='bbox 2018 2152 2097 2208; x_wconf 91' lang='lat' dir='ltr'>ut</span> <span class='ocrx_word' id='word_1_138' title='bbox 2155 2151 2339 2208; x_wconf 91' lang='lat' dir='ltr'>tanto</span> 
     </span>
     <span class='ocr_line' id='line_1_21' title="bbox 386 2227 2339 2319; baseline -0.006 -17"><span class='ocrx_word' id='word_1_139' title='bbox 386 2234 769 2319; x_wconf 85' lang='lat' dir='ltr'>diligentius</span> <span class='ocrx_word' id='word_1_140' title='bbox 824 2233 1043 2299; x_wconf 89' lang='lat' dir='ltr'>Deum</span> <span class='ocrx_word' id='word_1_141' title='bbox 1109 2232 1309 2296; x_wconf 89' lang='lat' dir='ltr'>oretis</span> <span class='ocrx_word' id='word_1_142' title='bbox 1361 2232 1476 2314; x_wconf 89' lang='lat' dir='ltr'>qui</span> <span class='ocrx_word' id='word_1_143' title='bbox 1526 2230 1834 2312; x_wconf 78' lang='lat' dir='ltr'>respiciat</span> <span class='ocrx_word' id='word_1_144' title='bbox 1891 2249 2080 2295; x_wconf 89' lang='lat' dir='ltr'>suam</span> <span class='ocrx_word' id='word_1_145' title='bbox 2135 2227 2339 2294; x_wconf 84' lang='lat' dir='ltr'>ecole-</span> 
     </span>
     <span class='ocr_line' id='line_1_22' title="bbox 386 2313 2341 2399; baseline -0.006 -10"><span class='ocrx_word' id='word_1_146' title='bbox 386 2322 575 2389; x_wconf 80' lang='lat' dir='ltr'>siam.</span> <span class='ocrx_word' id='word_1_147' title='bbox 663 2318 967 2384; x_wconf 88' lang='lat' dir='ltr'>Ditiones</span> <span class='ocrx_word' id='word_1_148' title='bbox 1009 2316 1426 2396; x_wconf 53' lang='lat' dir='ltr'>ferdinandi,</span> <span class='ocrx_word' id='word_1_149' title='bbox 1468 2338 1634 2399; x_wconf 89' lang='lat' dir='ltr'>quae</span> <span class='ocrx_word' id='word_1_150' title='bbox 1678 2315 1931 2381; x_wconf 82' lang='lat' dir='ltr'>vicinae</span> <span class='ocrx_word' id='word_1_151' title='bbox 1974 2323 2137 2380; x_wconf 91' lang='lat' dir='ltr'>sunt</span> <span class='ocrx_word' id='word_1_152' title='bbox 2171 2313 2341 2379; x_wconf 78' lang='lat' dir='ltr'>Tur-</span> 
     </span>
     <span class='ocr_line' id='line_1_23' title="bbox 386 2400 2341 2490; baseline -0.006 -15"><span class='ocrx_word' id='word_1_153' title='bbox 386 2409 478 2476; x_wconf 84' lang='lat' dir='ltr'>ois</span> <span class='ocrx_word' id='word_1_154' title='bbox 522 2405 946 2490; x_wconf 74' lang='lat' dir='ltr'>imprudente</span> <span class='ocrx_word' id='word_1_155' title='bbox 990 2405 1189 2470; x_wconf 89' lang='lat' dir='ltr'>etiam</span> <span class='ocrx_word' id='word_1_156' title='bbox 1232 2423 1390 2487; x_wconf 91' lang='lat' dir='ltr'>rege</span> <span class='ocrx_word' id='word_1_157' title='bbox 1433 2424 1555 2468; x_wconf 92' lang='lat' dir='ltr'>suo</span> <span class='ocrx_word' id='word_1_158' title='bbox 1600 2401 1776 2485; x_wconf 87' lang='lat' dir='ltr'>apud</span> <span class='ocrx_word' id='word_1_159' title='bbox 1812 2400 2179 2468; x_wconf 78' lang='lat' dir='ltr'>Turcorum</span> <span class='ocrx_word' id='word_1_160' title='bbox 2215 2400 2341 2464; x_wconf 92' lang='lat' dir='ltr'>im-</span> 
     </span>
     <span class='ocr_line' id='line_1_24' title="bbox 470 2487 2343 2573; baseline -0.004 -15"><span class='ocrx_word' id='word_1_161' title='bbox 470 2500 758 2559; x_wconf 78' lang='lat' dir='ltr'>ratorem</span> <span class='ocrx_word' id='word_1_162' title='bbox 815 2490 1065 2556; x_wconf 88' lang='lat' dir='ltr'>ambire</span> <span class='ocrx_word' id='word_1_163' title='bbox 1120 2510 1352 2573; x_wconf 91' lang='lat' dir='ltr'>paoem</span> <span class='ocrx_word' id='word_1_164' title='bbox 1411 2487 1742 2553; x_wconf 91' lang='lat' dir='ltr'>dicuntur.</span> <span class='ocrx_word' id='word_1_165' title='bbox 1834 2487 2005 2552; x_wconf 87' lang='lat' dir='ltr'>Eam</span> <span class='ocrx_word' id='word_1_166' title='bbox 2062 2506 2219 2552; x_wconf 85' lang='lat' dir='ltr'>vero</span> <span class='ocrx_word' id='word_1_167' title='bbox 2263 2493 2343 2550; x_wconf 88' lang='lat' dir='ltr'>ut</span> 
     </span>
     <span class='ocr_line' id='line_1_25' title="bbox 381 2571 2343 2662; baseline -0.005 -17"><span class='ocrx_word' id='word_1_168' title='bbox 381 2586 759 2662; x_wconf 76' lang='lat' dir='ltr'>impetrent,</span> <span class='ocrx_word' id='word_1_169' title='bbox 804 2578 1131 2642; x_wconf 86' lang='lat' dir='ltr'>tributum</span> <span class='ocrx_word' id='word_1_170' title='bbox 1174 2575 1463 2641; x_wconf 84' lang='lat' dir='ltr'>offerunt</span> <span class='ocrx_word' id='word_1_171' title='bbox 1506 2584 1809 2656; x_wconf 81' lang='lat' dir='ltr'>tyranno.</span> <span class='ocrx_word' id='word_1_172' title='bbox 1879 2572 2029 2639; x_wconf 88' lang='lat' dir='ltr'>Iam</span> <span class='ocrx_word' id='word_1_173' title='bbox 2069 2571 2179 2637; x_wconf 94' lang='lat' dir='ltr'>ubi</span> <span class='ocrx_word' id='word_1_174' title='bbox 2215 2572 2343 2637; x_wconf 84' lang='lat' dir='ltr'>fao-</span> 
     </span>
     <span class='ocr_line' id='line_1_26' title="bbox 382 2657 2343 2743; baseline -0.005 -12"><span class='ocrx_word' id='word_1_175' title='bbox 382 2673 487 2731; x_wconf 84' lang='lat' dir='ltr'>tae</span> <span class='ocrx_word' id='word_1_176' title='bbox 534 2664 784 2730; x_wconf 83' lang='lat' dir='ltr'>fuerint</span> <span class='ocrx_word' id='word_1_177' title='bbox 826 2663 1210 2728; x_wconf 80' lang='lat' dir='ltr'>tributariae</span> <span class='ocrx_word' id='word_1_178' title='bbox 1254 2669 1579 2743; x_wconf 90' lang='lat' dir='ltr'>coguntur</span> <span class='ocrx_word' id='word_1_179' title='bbox 1610 2659 1825 2724; x_wconf 73' lang='lat' dir='ltr'>&#39;Durco</span> <span class='ocrx_word' id='word_1_180' title='bbox 1868 2659 2044 2723; x_wconf 83' lang='lat' dir='ltr'>viam</span> <span class='ocrx_word' id='word_1_181' title='bbox 2088 2657 2343 2742; x_wconf 89' lang='lat' dir='ltr'>aperire</span> 
     </span>
     <span class='ocr_line' id='line_1_27' title="bbox 382 2741 2343 2836; baseline -0.003 -21"><span class='ocrx_word' id='word_1_182' title='bbox 382 2771 501 2836; x_wconf 87' lang='lat' dir='ltr'>per</span> <span class='ocrx_word' id='word_1_183' title='bbox 547 2750 849 2834; x_wconf 82' lang='lat' dir='ltr'>regiones</span> <span class='ocrx_word' id='word_1_184' title='bbox 892 2769 1076 2829; x_wconf 89' lang='lat' dir='ltr'>suas,</span> <span class='ocrx_word' id='word_1_185' title='bbox 1130 2746 1442 2813; x_wconf 79' lang='lat' dir='ltr'>Silesiam</span> <span class='ocrx_word' id='word_1_186' title='bbox 1496 2746 1803 2811; x_wconf 83' lang='lat' dir='ltr'>maxime.</span> <span class='ocrx_word' id='word_1_187' title='bbox 1894 2742 2084 2826; x_wconf 79' lang='lat' dir='ltr'>Quae</span> <span class='ocrx_word' id='word_1_188' title='bbox 2127 2741 2186 2809; x_wconf 91' lang='lat' dir='ltr'>si</span> <span class='ocrx_word' id='word_1_189' title='bbox 2228 2764 2343 2827; x_wconf 85' lang='lat' dir='ltr'>pa·</span> 
     </span>
     <span class='ocr_line' id='line_1_28' title="bbox 386 2828 2344 2916; baseline -0.004 -14"><span class='ocrx_word' id='word_1_190' title='bbox 386 2836 599 2902; x_wconf 83' lang='lat' dir='ltr'>tuerit</span> <span class='ocrx_word' id='word_1_191' title='bbox 638 2835 738 2900; x_wconf 90' lang='lat' dir='ltr'>illi</span> <span class='ocrx_word' id='word_1_192' title='bbox 763 2885 778 2910; x_wconf 83' lang='lat'>‚</span> <span class='ocrx_word' id='word_1_193' title='bbox 835 2835 1103 2899; x_wconf 87' lang='lat' dir='ltr'>nemine</span> <span class='ocrx_word' id='word_1_194' title='bbox 1158 2830 1556 2916; x_wconf 83' lang='lat' dir='ltr'>impediente</span> <span class='ocrx_word' id='word_1_195' title='bbox 1609 2829 1676 2898; x_wconf 90' lang='lat' dir='ltr'>in</span> <span class='ocrx_word' id='word_1_196' title='bbox 1738 2831 2078 2895; x_wconf 86' lang='lat' dir='ltr'>Austriam</span> <span class='ocrx_word' id='word_1_197' title='bbox 2138 2838 2206 2895; x_wconf 93' lang='lat' dir='ltr'>et</span> <span class='ocrx_word' id='word_1_198' title='bbox 2260 2828 2344 2895; x_wconf 84' lang='lat' dir='ltr'>ad</span> 
     </span>
     <span class='ocr_line' id='line_1_29' title="bbox 383 2915 2346 3004; baseline -0.004 -15"><span class='ocrx_word' id='word_1_199' title='bbox 383 2945 505 2990; x_wconf 87' lang='lat' dir='ltr'>nos</span> <span class='ocrx_word' id='word_1_200' title='bbox 551 2941 756 3004; x_wconf 89' lang='lat' dir='ltr'>usque</span> <span class='ocrx_word' id='word_1_201' title='bbox 800 2919 1027 2986; x_wconf 84' lang='lat' dir='ltr'>venire</span> <span class='ocrx_word' id='word_1_202' title='bbox 1070 2919 1329 3002; x_wconf 88' lang='lat' dir='ltr'>poterit.</span> <span class='ocrx_word' id='word_1_203' title='bbox 1417 2916 1527 2982; x_wconf 91' lang='lat' dir='ltr'>Ita</span> <span class='ocrx_word' id='word_1_204' title='bbox 1568 2936 1876 3000; x_wconf 88' lang='lat' dir='ltr'>paramus</span> <span class='ocrx_word' id='word_1_205' title='bbox 1920 2916 2097 2982; x_wconf 82' lang='lat' dir='ltr'>viam</span> <span class='ocrx_word' id='word_1_206' title='bbox 2131 2915 2346 2982; x_wconf 73' lang='lat' dir='ltr'>&#39;Purco</span> 
     </span>
     <span class='ocr_line' id='line_1_30' title="bbox 385 3000 2345 3093; baseline -0.004 -19"><span class='ocrx_word' id='word_1_207' title='bbox 385 3030 513 3093; x_wconf 88' lang='lat' dir='ltr'>quo</span> <span class='ocrx_word' id='word_1_208' title='bbox 561 3026 762 3090; x_wconf 87' lang='lat' dir='ltr'>quam</span> <span class='ocrx_word' id='word_1_209' title='bbox 804 3004 1118 3072; x_wconf 87' lang='lat' dir='ltr'>citissime</span> <span class='ocrx_word' id='word_1_210' title='bbox 1170 3023 1536 3088; x_wconf 87' lang='lat' dir='ltr'>pereamus.</span> <span class='ocrx_word' id='word_1_211' title='bbox 1626 3000 1815 3084; x_wconf 80' lang='lat' dir='ltr'>Quae</span> <span class='ocrx_word' id='word_1_212' title='bbox 1858 3000 2070 3068; x_wconf 87' lang='lat' dir='ltr'>scribo</span> <span class='ocrx_word' id='word_1_213' title='bbox 2089 3052 2105 3077; x_wconf 90' lang='lat'>‚</span> <span class='ocrx_word' id='word_1_214' title='bbox 2169 3021 2345 3067; x_wconf 90' lang='lat' dir='ltr'>com-</span> 
     </span>
     <span class='ocr_line' id='line_1_31' title="bbox 388 3087 2345 3174; baseline -0.004 -14"><span class='ocrx_word' id='word_1_215' title='bbox 388 3093 626 3160; x_wconf 86' lang='lat' dir='ltr'>munia</span> <span class='ocrx_word' id='word_1_216' title='bbox 666 3112 811 3158; x_wconf 90' lang='lat' dir='ltr'>esse</span> <span class='ocrx_word' id='word_1_217' title='bbox 853 3102 922 3157; x_wconf 93' lang='lat' dir='ltr'>et</span> <span class='ocrx_word' id='word_1_218' title='bbox 970 3090 1263 3174; x_wconf 71' lang='lat' dir='ltr'>Grynaeo</span> <span class='ocrx_word' id='word_1_219' title='bbox 1308 3098 1377 3155; x_wconf 91' lang='lat' dir='ltr'>et</span> <span class='ocrx_word' id='word_1_220' title='bbox 1420 3087 1712 3172; x_wconf 74' lang='lat' dir='ltr'>Myconio</span> <span class='ocrx_word' id='word_1_221' title='bbox 1753 3088 1960 3153; x_wconf 56' lang='lat' dir='ltr'>volox*</span> <span class='ocrx_word' id='word_1_222' title='bbox 2032 3087 2218 3153; x_wconf 88' lang='lat' dir='ltr'>Haec</span> <span class='ocrx_word' id='word_1_223' title='bbox 2261 3087 2345 3152; x_wconf 91' lang='lat' dir='ltr'>ad</span> 
     </span>
     <span class='ocr_line' id='line_1_32' title="bbox 384 3172 2132 3260; baseline -0.005 -15"><span class='ocrx_word' id='word_1_224' title='bbox 384 3202 491 3245; x_wconf 90' lang='lat' dir='ltr'>me</span> <span class='ocrx_word' id='word_1_225' title='bbox 538 3178 860 3244; x_wconf 73' lang='lat' dir='ltr'>Bedrotus</span> <span class='ocrx_word' id='word_1_226' title='bbox 901 3198 988 3242; x_wconf 85' lang='lat' dir='ltr'>ex</span> <span class='ocrx_word' id='word_1_227' title='bbox 1041 3175 1403 3260; x_wconf 80' lang='lat' dir='ltr'>Argentina</span> <span class='ocrx_word' id='word_1_228' title='bbox 1442 3174 1769 3240; x_wconf 77' lang='lat' dir='ltr'>scribebat</span> <span class='ocrx_word' id='word_1_229' title='bbox 1822 3179 1913 3238; x_wconf 87' lang='lat'>19.</span> <span class='ocrx_word' id='word_1_230' title='bbox 1959 3172 2132 3239; x_wconf 88' lang='lat' dir='ltr'>Iulii.</span> 
     </span>
     <span class='ocr_line' id='line_1_33' title="bbox 563 3258 2348 3346; baseline -0.004 -16"><span class='ocrx_word' id='word_1_231' title='bbox 563 3264 777 3330; x_wconf 87' lang='lat' dir='ltr'>Paulo</span> <span class='ocrx_word' id='word_1_232' title='bbox 816 3283 978 3329; x_wconf 82' lang='lat' dir='ltr'>vero</span> <span class='ocrx_word' id='word_1_233' title='bbox 1019 3268 1198 3346; x_wconf 89' lang='lat' dir='ltr'>post,</span> <span class='ocrx_word' id='word_1_234' title='bbox 1260 3264 1360 3326; x_wconf 83' lang='lat'>26.</span> <span class='ocrx_word' id='word_1_235' title='bbox 1406 3260 1597 3337; x_wconf 89' lang='lat' dir='ltr'>Iulii,</span> <span class='ocrx_word' id='word_1_236' title='bbox 1651 3260 1748 3324; x_wconf 87' lang='lat' dir='ltr'>ita</span> <span class='ocrx_word' id='word_1_237' title='bbox 1801 3258 1886 3325; x_wconf 89' lang='lat' dir='ltr'>ad</span> <span class='ocrx_word' id='word_1_238' title='bbox 1936 3280 2044 3324; x_wconf 90' lang='lat' dir='ltr'>me</span> <span class='ocrx_word' id='word_1_239' title='bbox 2086 3259 2348 3342; x_wconf 87' lang='lat' dir='ltr'>scripsit</span> 
     </span>
     <span class='ocr_line' id='line_1_34' title="bbox 385 3344 2348 3428; baseline -0.005 -11"><span class='ocrx_word' id='word_1_240' title='bbox 385 3351 598 3417; x_wconf 83' lang='lat' dir='ltr'>idem:</span> <span class='ocrx_word' id='word_1_241' title='bbox 651 3349 913 3428; x_wconf 74' lang='lat' dir='ltr'>„Bi-evi,</span> <span class='ocrx_word' id='word_1_242' title='bbox 961 3357 1038 3413; x_wconf 91' lang='lat' dir='ltr'>ut</span> <span class='ocrx_word' id='word_1_243' title='bbox 1079 3346 1290 3425; x_wconf 89' lang='lat' dir='ltr'>audio,</span> <span class='ocrx_word' id='word_1_244' title='bbox 1336 3346 1680 3412; x_wconf 87' lang='lat' dir='ltr'>solventur</span> <span class='ocrx_word' id='word_1_245' title='bbox 1734 3345 2025 3423; x_wconf 89' lang='lat' dir='ltr'>comitia,</span> <span class='ocrx_word' id='word_1_246' title='bbox 2084 3344 2348 3410; x_wconf 86' lang='lat' dir='ltr'>comitia</span> 
     </span>
     <span class='ocr_line' id='line_1_35' title="bbox 386 3431 2348 3521; baseline -0.004 -19"><span class='ocrx_word' id='word_1_247' title='bbox 386 3438 679 3521; x_wconf 88' lang='lat' dir='ltr'>inquam,</span> <span class='ocrx_word' id='word_1_248' title='bbox 725 3456 893 3518; x_wconf 90' lang='lat' dir='ltr'>quae</span> <span class='ocrx_word' id='word_1_249' title='bbox 936 3448 1082 3499; x_wconf 81' lang='lat' dir='ltr'>acta</span> <span class='ocrx_word' id='word_1_250' title='bbox 1136 3440 1293 3498; x_wconf 89' lang='lat' dir='ltr'>sunt</span> <span class='ocrx_word' id='word_1_251' title='bbox 1336 3431 1419 3497; x_wconf 93' lang='lat' dir='ltr'>de</span> <span class='ocrx_word' id='word_1_252' title='bbox 1462 3440 1685 3496; x_wconf 92' lang='lat' dir='ltr'>nostro</span> <span class='ocrx_word' id='word_1_253' title='bbox 1727 3431 1942 3513; x_wconf 90' lang='lat' dir='ltr'>capite</span> <span class='ocrx_word' id='word_1_254' title='bbox 1958 3482 1973 3507; x_wconf 89' lang='lat'>,</span> <span class='ocrx_word' id='word_1_255' title='bbox 2029 3438 2108 3495; x_wconf 91' lang='lat' dir='ltr'>ut</span> <span class='ocrx_word' id='word_1_256' title='bbox 2147 3431 2348 3496; x_wconf 91' lang='lat' dir='ltr'>comi-</span> 
     </span>
     <span class='ocr_line' id='line_1_36' title="bbox 387 3514 2347 3603; baseline -0.004 -15"><span class='ocrx_word' id='word_1_257' title='bbox 387 3544 543 3590; x_wconf 86' lang='lat' dir='ltr'>cum</span> <span class='ocrx_word' id='word_1_258' title='bbox 599 3519 767 3586; x_wconf 89' lang='lat' dir='ltr'>illud</span> <span class='ocrx_word' id='word_1_259' title='bbox 822 3540 1154 3603; x_wconf 88' lang='lat' dir='ltr'>usurpem.</span> <span class='ocrx_word' id='word_1_260' title='bbox 1255 3517 1439 3583; x_wconf 86' lang='lat' dir='ltr'>Nihil</span> <span class='ocrx_word' id='word_1_261' title='bbox 1506 3517 1686 3582; x_wconf 91' lang='lat' dir='ltr'>enim</span> <span class='ocrx_word' id='word_1_262' title='bbox 1747 3514 1928 3581; x_wconf 89' lang='lat' dir='ltr'>aliud</span> <span class='ocrx_word' id='word_1_263' title='bbox 1985 3515 2347 3582; x_wconf 86' lang='lat' dir='ltr'>adversarii</span> 
     </span>
     <span class='ocr_line' id='line_1_37' title="bbox 387 3601 2346 3687; baseline -0.004 -13"><span class='ocrx_word' id='word_1_264' title='bbox 387 3609 462 3674; x_wconf 85' lang='lat' dir='ltr'>in</span> <span class='ocrx_word' id='word_1_265' title='bbox 525 3609 751 3674; x_wconf 89' lang='lat' dir='ltr'>animo</span> <span class='ocrx_word' id='word_1_266' title='bbox 805 3606 1181 3672; x_wconf 84' lang='lat' dir='ltr'>habuerunt</span> <span class='ocrx_word' id='word_1_267' title='bbox 1233 3625 1430 3687; x_wconf 88' lang='lat' dir='ltr'>quam</span> <span class='ocrx_word' id='word_1_268' title='bbox 1486 3610 1565 3666; x_wconf 89' lang='lat' dir='ltr'>ut</span> <span class='ocrx_word' id='word_1_269' title='bbox 1617 3621 1735 3684; x_wconf 91' lang='lat' dir='ltr'>spe</span> <span class='ocrx_word' id='word_1_270' title='bbox 1791 3601 2093 3685; x_wconf 91' lang='lat' dir='ltr'>colloquii</span> <span class='ocrx_word' id='word_1_271' title='bbox 2157 3602 2346 3667; x_wconf 89' lang='lat' dir='ltr'>nobis</span> 
     </span>
     <span class='ocr_line' id='line_1_38' title="bbox 388 3686 2347 3776; baseline -0.005 -16"><span class='ocrx_word' id='word_1_272' title='bbox 388 3695 565 3760; x_wconf 80' lang='lat' dir='ltr'>facta</span> <span class='ocrx_word' id='word_1_273' title='bbox 606 3693 733 3776; x_wconf 87' lang='lat' dir='ltr'>ipsi</span> <span class='ocrx_word' id='word_1_274' title='bbox 774 3692 1030 3757; x_wconf 90' lang='lat' dir='ltr'>interea</span> <span class='ocrx_word' id='word_1_275' title='bbox 1072 3711 1265 3755; x_wconf 92' lang='lat' dir='ltr'>suum</span> <span class='ocrx_word' id='word_1_276' title='bbox 1306 3687 1531 3754; x_wconf 85' lang='lat' dir='ltr'>foedus</span> <span class='ocrx_word' id='word_1_277' title='bbox 1574 3708 1659 3753; x_wconf 89' lang='lat' dir='ltr'>au</span> <span class='ocrx_word' id='word_1_278' title='bbox 1748 3695 1912 3767; x_wconf 88' lang='lat' dir='ltr'>rent,</span> <span class='ocrx_word' id='word_1_279' title='bbox 1975 3709 2052 3753; x_wconf 88' lang='lat' dir='ltr'>ao</span> <span class='ocrx_word' id='word_1_280' title='bbox 2108 3686 2190 3752; x_wconf 88' lang='lat' dir='ltr'>de</span> <span class='ocrx_word' id='word_1_281' title='bbox 2232 3708 2347 3752; x_wconf 92' lang='lat' dir='ltr'>no-</span> 
     </span>
     <span class='ocr_line' id='line_1_39' title="bbox 389 3708 2347 3863; baseline -0.005 -17"><span class='ocrx_word' id='word_1_282' title='bbox 389 3780 492 3847; x_wconf 87' lang='lat' dir='ltr'>bis</span> <span class='ocrx_word' id='word_1_283' title='bbox 536 3776 890 3863; x_wconf 88' lang='lat' dir='ltr'>perdendis</span> <span class='ocrx_word' id='word_1_284' title='bbox 932 3777 1264 3860; x_wconf 81' lang='lat' dir='ltr'>agitarent</span> <span class='ocrx_word' id='word_1_285' title='bbox 1305 3774 1595 3841; x_wconf 85' lang='lat' dir='ltr'>consilia.</span> <span class='ocrx_word' id='word_1_286' title='bbox 1663 3708 1962 3850; x_wconf 38' lang='lat' dir='ltr'>Qanm,</span> <span class='ocrx_word' id='word_1_287' title='bbox 2009 3773 2153 3837; x_wconf 91' lang='lat' dir='ltr'>Deo</span> <span class='ocrx_word' id='word_1_288' title='bbox 2197 3792 2347 3856; x_wconf 84' lang='lat' dir='ltr'>gra-</span> 
     </span>
     <span class='ocr_line' id='line_1_40' title="bbox 388 3858 2349 3944; baseline -0.004 -14"><span class='ocrx_word' id='word_1_289' title='bbox 388 3865 505 3944; x_wconf 82' lang='lat' dir='ltr'>tia,</span> <span class='ocrx_word' id='word_1_290' title='bbox 545 3885 682 3929; x_wconf 91' lang='lat' dir='ltr'>non</span> <span class='ocrx_word' id='word_1_291' title='bbox 703 3863 1016 3929; x_wconf 89' lang='lat' dir='ltr'>successit</span> <span class='ocrx_word' id='word_1_292' title='bbox 1036 3861 1199 3928; x_wconf 88' lang='lat' dir='ltr'>istis.</span> <span class='ocrx_word' id='word_1_293' title='bbox 1252 3859 1653 3927; x_wconf 70' lang='lat' dir='ltr'>Trevermsis</span> <span class='ocrx_word' id='word_1_294' title='bbox 1670 3858 2069 3942; x_wconf 87' lang='lat' dir='ltr'>archiepisco</span> <span class='ocrx_word' id='word_1_295' title='bbox 2117 3880 2193 3923; x_wconf 87' lang='lat' dir='ltr'>us</span> <span class='ocrx_word' id='word_1_296' title='bbox 2216 3878 2349 3922; x_wconf 92' lang='lat' dir='ltr'>non</span> 
     </span>
     <span class='ocr_line' id='line_1_41' title="bbox 388 3943 2348 4032; baseline -0.005 -15"><span class='ocrx_word' id='word_1_297' title='bbox 388 3957 658 4017; x_wconf 77' lang='lat' dir='ltr'>tantum</span> <span class='ocrx_word' id='word_1_298' title='bbox 701 3948 863 4015; x_wconf 90' lang='lat' dir='ltr'>abiit</span> <span class='ocrx_word' id='word_1_299' title='bbox 904 3948 1243 4032; x_wconf 87' lang='lat' dir='ltr'>Hagenoa‚</span> <span class='ocrx_word' id='word_1_300' title='bbox 1290 3946 1406 4012; x_wconf 90' lang='lat' dir='ltr'>sed</span> <span class='ocrx_word' id='word_1_301' title='bbox 1449 3954 1518 4011; x_wconf 92' lang='lat' dir='ltr'>et</span> <span class='ocrx_word' id='word_1_302' title='bbox 1560 3945 1722 4008; x_wconf 90' lang='lat' dir='ltr'>obiit</span> <span class='ocrx_word' id='word_1_303' title='bbox 1764 3946 1835 4008; x_wconf 89' lang='lat' dir='ltr'>in</span> <span class='ocrx_word' id='word_1_304' title='bbox 1879 3965 2028 4010; x_wconf 90' lang='lat' dir='ltr'>arce</span> <span class='ocrx_word' id='word_1_305' title='bbox 2143 3943 2348 4009; x_wconf 88' lang='lat' dir='ltr'>ohen-</span> 
     </span>
     <span class='ocr_line' id='line_1_42' title="bbox 391 4026 2348 4112; baseline -0.006 -9"><span class='ocrx_word' id='word_1_306' title='bbox 391 4043 581 4102; x_wconf 86' lang='lat' dir='ltr'>tann.</span> <span class='ocrx_word' id='word_1_307' title='bbox 676 4034 989 4102; x_wconf 77' lang='lat' dir='ltr'>osiander</span> <span class='ocrx_word' id='word_1_308' title='bbox 1031 4044 1099 4097; x_wconf 90' lang='lat' dir='ltr'>et</span> <span class='ocrx_word' id='word_1_309' title='bbox 1135 4031 1440 4097; x_wconf 77' lang='lat' dir='ltr'>Linckius</span> <span class='ocrx_word' id='word_1_310' title='bbox 1456 4032 1514 4110; x_wconf 83' lang='lat'>⁴)</span> <span class='ocrx_word' id='word_1_311' title='bbox 1560 4026 1738 4112; x_wconf 90' lang='lat' dir='ltr'>apud</span> <span class='ocrx_word' id='word_1_312' title='bbox 1784 4051 1900 4094; x_wconf 92' lang='lat' dir='ltr'>nos</span> <span class='ocrx_word' id='word_1_313' title='bbox 1944 4039 2170 4112; x_wconf 87' lang='lat' dir='ltr'>agunt,</span> <span class='ocrx_word' id='word_1_314' title='bbox 2214 4049 2348 4093; x_wconf 91' lang='lat' dir='ltr'>non</span> 
     </span>
     <span class='ocr_line' id='line_1_43' title="bbox 390 4113 2350 4206; baseline -0.005 -18"><span class='ocrx_word' id='word_1_315' title='bbox 390 4121 672 4188; x_wconf 82' lang='lat' dir='ltr'>redituri</span> <span class='ocrx_word' id='word_1_316' title='bbox 728 4120 1118 4206; x_wconf 86' lang='lat' dir='ltr'>Hagenoam</span> <span class='ocrx_word' id='word_1_317' title='bbox 1172 4125 1335 4183; x_wconf 85' lang='lat' dir='ltr'>etc.“</span> <span class='ocrx_word' id='word_1_318' title='bbox 1427 4116 1641 4194; x_wconf 88' lang='lat' dir='ltr'>Haec,</span> <span class='ocrx_word' id='word_1_319' title='bbox 1698 4115 1789 4179; x_wconf 86' lang='lat' dir='ltr'>mi</span> <span class='ocrx_word' id='word_1_320' title='bbox 1852 4113 2162 4196; x_wconf 79' lang='lat' dir='ltr'>Vadiane,</span> <span class='ocrx_word' id='word_1_321' title='bbox 2217 4134 2350 4178; x_wconf 92' lang='lat' dir='ltr'>non</span> 
     </span>
     <span class='ocr_line' id='line_1_44' title="bbox 392 4200 2351 4293; baseline -0.005 -20"><span class='ocrx_word' id='word_1_322' title='bbox 392 4208 614 4293; x_wconf 81' lang='lat' dir='ltr'>piguit</span> <span class='ocrx_word' id='word_1_323' title='bbox 676 4206 938 4291; x_wconf 87' lang='lat' dir='ltr'>longius</span> <span class='ocrx_word' id='word_1_324' title='bbox 996 4203 1081 4270; x_wconf 87' lang='lat' dir='ltr'>ad</span> <span class='ocrx_word' id='word_1_325' title='bbox 1148 4213 1214 4268; x_wconf 88' lang='lat' dir='ltr'>te</span> <span class='ocrx_word' id='word_1_326' title='bbox 1272 4202 1572 4270; x_wconf 91' lang='lat' dir='ltr'>scribere.</span> <span class='ocrx_word' id='word_1_327' title='bbox 1673 4200 1770 4266; x_wconf 78' lang='lat' dir='ltr'>Tu</span> <span class='ocrx_word' id='word_1_328' title='bbox 1839 4221 1960 4284; x_wconf 89' lang='lat' dir='ltr'>pro</span> <span class='ocrx_word' id='word_1_329' title='bbox 2024 4201 2351 4265; x_wconf 79' lang='lat' dir='ltr'>suavitate</span> 
     </span>
     <span class='ocr_line' id='line_1_45' title="bbox 394 4285 2349 4378; baseline -0.005 -19"><span class='ocrx_word' id='word_1_330' title='bbox 394 4302 516 4360; x_wconf 89' lang='lat' dir='ltr'>tua</span> <span class='ocrx_word' id='word_1_331' title='bbox 559 4291 922 4378; x_wconf 78' lang='lat' dir='ltr'>prolixitati</span> <span class='ocrx_word' id='word_1_332' title='bbox 965 4290 1119 4356; x_wconf 91' lang='lat' dir='ltr'>huic</span> <span class='ocrx_word' id='word_1_333' title='bbox 1163 4310 1347 4354; x_wconf 83' lang='lat' dir='ltr'>meae</span> <span class='ocrx_word' id='word_1_334' title='bbox 1391 4310 1468 4354; x_wconf 88' lang='lat' dir='ltr'>ac</span> <span class='ocrx_word' id='word_1_335' title='bbox 1509 4285 2029 4372; x_wconf 88' lang='lat' dir='ltr'>importunitati,</span> <span class='ocrx_word' id='word_1_336' title='bbox 2093 4305 2349 4369; x_wconf 88' lang='lat' dir='ltr'>quaeso,</span> 
     </span>
     <span class='ocr_line' id='line_1_46' title="bbox 393 4372 2271 4464; baseline -0.004 -20"><span class='ocrx_word' id='word_1_337' title='bbox 393 4379 661 4464; x_wconf 89' lang='lat' dir='ltr'>ignosce</span> <span class='ocrx_word' id='word_1_338' title='bbox 704 4428 719 4443; x_wconf 91' lang='lat'>.</span> <span class='ocrx_word' id='word_1_339' title='bbox 768 4428 782 4442; x_wconf 95' lang='lat'>.</span> <span class='ocrx_word' id='word_1_340' title='bbox 832 4427 847 4442; x_wconf 95' lang='lat'>.</span> <span class='ocrx_word' id='word_1_341' title='bbox 895 4428 909 4442; x_wconf 96' lang='lat'>.</span> <span class='ocrx_word' id='word_1_342' title='bbox 1002 4374 1186 4441; x_wconf 81' lang='lat' dir='ltr'>Vale.</span> <span class='ocrx_word' id='word_1_343' title='bbox 1277 4373 1598 4450; x_wconf 75' lang='lat' dir='ltr'>Basileus,</span> <span class='ocrx_word' id='word_1_344' title='bbox 1647 4377 1702 4437; x_wconf 88' lang='lat'>3.</span> <span class='ocrx_word' id='word_1_345' title='bbox 1754 4372 2039 4456; x_wconf 85' lang='lat' dir='ltr'>Augusti</span> <span class='ocrx_word' id='word_1_346' title='bbox 2091 4375 2271 4436; x_wconf 82' lang='lat'>1540.</span> 
     </span>
    </p>
   </div>
   <div class='ocr_carea' id='block_1_4' title="bbox 1221 4507 2308 4594">
    <p class='ocr_par' dir='ltr' id='par_1_4' title="bbox 1221 4507 2308 4594">
     <span class='ocr_line' id='line_1_47' title="bbox 1221 4507 2308 4594; baseline -0.006 -17"><span class='ocrx_word' id='word_1_347' title='bbox 1221 4511 1314 4577; x_wconf 93' lang='lat' dir='ltr'>Io.</span> <span class='ocrx_word' id='word_1_348' title='bbox 1363 4508 1699 4594; x_wconf 89' lang='lat' dir='ltr'>Oporiuus</span> <span class='ocrx_word' id='word_1_349' title='bbox 1743 4516 1896 4576; x_wconf 91' lang='lat' dir='ltr'>tuus</span> <span class='ocrx_word' id='word_1_350' title='bbox 1941 4529 2027 4574; x_wconf 85' lang='lat' dir='ltr'>ex</span> <span class='ocrx_word' id='word_1_351' title='bbox 2071 4507 2308 4573; x_wconf 90' lang='lat' dir='ltr'>animo.</span> 
     </span>
    </p>
   </div>
   <div class='ocr_carea' id='block_1_5' title="bbox 398 4620 811 4632">
    <p class='ocr_par' dir='ltr' id='par_1_5' title="bbox 398 4620 811 4632">
     <span class='ocr_line' id='line_1_48' title="bbox 398 4620 811 4632; baseline 0 1535"><span class='ocrx_word' id='word_1_352' title='bbox 398 4620 811 4632; x_wconf 95' lang='lat' dir='ltr'> </span> 
     </span>
    </p>
   </div>
   <div class='ocr_carea' id='block_1_6' title="bbox 400 4693 2358 5047">
    <p class='ocr_par' dir='ltr' id='par_1_6' title="bbox 400 4693 2358 5047">
     <span class='ocr_line' id='line_1_49' title="bbox 448 4693 2349 4784; baseline -0.005 -26"><span class='ocrx_word' id='word_1_353' title='bbox 448 4771 461 4784; x_wconf 34' lang='lat'><strong>⁹</strong></span> <span class='ocrx_word' id='word_1_354' title='bbox 607 4702 670 4765; x_wconf 79' lang='grc'>3)</span> <span class='ocrx_word' id='word_1_355' title='bbox 704 4699 900 4783; x_wconf 55' lang='lat' dir='ltr'>Herpa</span> <span class='ocrx_word' id='word_1_356' title='bbox 934 4718 975 4755; x_wconf 81' lang='lat' dir='ltr'>a</span> <span class='ocrx_word' id='word_1_357' title='bbox 1022 4697 1481 4780; x_wconf 53' lang='lat' dir='ltr'>Wieagwijpse</span> <span class='ocrx_word' id='word_1_358' title='bbox 1512 4697 1731 4778; x_wconf 39' lang='lat' dir='ltr'>Bao-cero</span> <span class='ocrx_word' id='word_1_359' title='bbox 1763 4698 1830 4752; x_wconf 69' lang='lat' dir='ltr'>in</span> <span class='ocrx_word' id='word_1_360' title='bbox 1862 4694 2153 4751; x_wconf 64' lang='lat' dir='ltr'>concam</span> <span class='ocrx_word' id='word_1_361' title='bbox 2186 4693 2349 4750; x_wconf 63' lang='lat' dir='ltr'>awa·-</span> 
     </span>
     <span class='ocr_line' id='line_1_50' title="bbox 400 4769 2045 4850; baseline -0.005 -22"><span class='ocrx_word' id='word_1_362' title='bbox 400 4769 517 4828; x_wconf 59' lang='grc' dir='ltr'>δύο</span> <span class='ocrx_word' id='word_1_363' title='bbox 548 4771 1003 4850; x_wconf 45' lang='lat' dir='ltr'>refmattonem·</span> <span class='ocrx_word' id='word_1_364' title='bbox 1025 4785 1055 4823; x_wconf 76' lang='lat' dir='ltr'>e</span> <span class='ocrx_word' id='word_1_365' title='bbox 1310 4784 1377 4822; x_wconf 76' lang='lat' dir='ltr'>m</span> <span class='ocrx_word' id='word_1_366' title='bbox 1410 4782 1519 4821; x_wconf 75' lang='lat' dir='ltr'>sua</span> <span class='ocrx_word' id='word_1_367' title='bbox 1604 4836 1615 4847; x_wconf 37' lang='grc' dir='ltr'><strong><em>ο</em></strong></span> <span class='ocrx_word' id='word_1_368' title='bbox 1794 4770 2045 4821; x_wconf 61' lang='lat' dir='ltr'>tentant.</span> 
     </span>
     <span class='ocr_line' id='line_1_51' title="bbox 400 4831 2358 4990; baseline -0.004 -24"><span class='ocrx_word' id='word_1_369' title='bbox 400 4838 1356 4990; x_wconf 48' lang='grc' dir='ltr'>ωηὲὲέἒαωεῖῗυαωᾞ</span> <span class='ocrx_word' id='word_1_370' title='bbox 1479 4852 1506 4904; x_wconf 61' lang='lat'>⁵</span> <span class='ocrx_word' id='word_1_371' title='bbox 1636 4834 1867 4984; x_wconf 47' lang='lat' dir='ltr'>wgikss‘</span> <span class='ocrx_word' id='word_1_372' title='bbox 1892 4831 2358 4959; x_wconf 44' lang='grc' dir='ltr'>μήοαῧσῖἧῖ</span> 
     </span>
     <span class='ocr_line' id='line_1_52' title="bbox 407 4971 1864 5047; baseline -0.002 -15"><span class='ocrx_word' id='word_1_373' title='bbox 407 4975 1234 5047; x_wconf 61' lang='grc' dir='ltr'>1870.-Εωωῑῑιοαῇκι</span> <span class='ocrx_word' id='word_1_374' title='bbox 1345 4971 1864 5030; x_wconf 64' lang='lat' dir='ltr'>emdauLmk.</span> 
     </span>
    </p>
   </div>
   <div class='ocr_carea' id='block_1_7' title="bbox 2384 609 2419 5375">
    <p class='ocr_par' dir='ltr' id='par_1_7' title="bbox 2384 609 2419 5375">
     <span class='ocr_line' id='line_1_53' title="bbox 2384 609 2419 5375; baseline 0 0"><span class='ocrx_word' id='word_1_375' title='bbox 2384 609 2419 5375; x_wconf 95' lang='lat' dir='ltr'> </span> 
     </span>
    </p>
   </div>
   <div class='ocr_carea' id='block_1_8' title="bbox 4331 420 4420 502">
    <p class='ocr_par' dir='ltr' id='par_1_8' title="bbox 4331 420 4420 502">
     <span class='ocr_line' id='line_1_54' title="bbox 4331 420 4420 502; baseline 0 0"><span class='ocrx_word' id='word_1_376' title='bbox 4331 420 4420 502; x_wconf 68' lang='grc'>79</span> 
     </span>
    </p>
   </div>
   <div class='ocr_carea' id='block_1_9' title="bbox 2930 600 3916 791">
    <p class='ocr_par' dir='ltr' id='par_1_9' title="bbox 2930 600 3916 791">
     <span class='ocr_line' id='line_1_55' title="bbox 3351 600 3497 672; baseline -0.021 0"><span class='ocrx_word' id='word_1_377' title='bbox 3351 600 3497 672; x_wconf 72' lang='lat'>231.</span> 
     </span>
     <span class='ocr_line' id='line_1_56' title="bbox 2930 719 3916 791; baseline 0.003 -3"><span class='ocrx_word' id='word_1_378' title='bbox 2930 719 3421 791; x_wconf 79' lang='lat' dir='ltr'>MYOONIUS</span> <span class='ocrx_word' id='word_1_379' title='bbox 3466 722 3916 791; x_wconf 81' lang='lat' dir='ltr'>VADIANO.</span> 
     </span>
    </p>
   </div>
   <div class='ocr_carea' id='block_1_10' title="bbox 2438 890 4404 1058">
    <p class='ocr_par' dir='ltr' id='par_1_10' title="bbox 2438 890 4404 1058">
     <span class='ocr_line' id='line_1_57' title="bbox 2615 890 4404 980; baseline 0.005 -23"><span class='ocrx_word' id='word_1_380' title='bbox 2615 890 3053 975; x_wconf 72' lang='lat' dir='ltr'>Hayenoensia</span> <span class='ocrx_word' id='word_1_381' title='bbox 3095 894 3232 959; x_wconf 69' lang='lat' dir='ltr'>iam</span> <span class='ocrx_word' id='word_1_382' title='bbox 3274 896 3437 961; x_wconf 73' lang='lat' dir='ltr'>satis</span> <span class='ocrx_word' id='word_1_383' title='bbox 3480 895 3715 976; x_wconf 62' lang='lat' dir='ltr'>tri-dia,</span> <span class='ocrx_word' id='word_1_384' title='bbox 3757 895 4044 963; x_wconf 72' lang='lat' dir='ltr'>tristiora</span> <span class='ocrx_word' id='word_1_385' title='bbox 4084 895 4157 961; x_wconf 68' lang='lat' dir='ltr'>in</span> <span class='ocrx_word' id='word_1_386' title='bbox 4191 902 4404 980; x_wconf 61' lang='lat' dir='ltr'>posu-</span> 
     </span>
     <span class='ocr_line' id='line_1_58' title="bbox 2438 979 3336 1058; baseline 0.002 -14"><span class='ocrx_word' id='word_1_387' title='bbox 2438 997 2588 1044; x_wconf 77' lang='lat' dir='ltr'>rum</span> <span class='ocrx_word' id='word_1_388' title='bbox 2618 979 2984 1058; x_wconf 70' lang='lat' dir='ltr'>promittere</span> <span class='ocrx_word' id='word_1_389' title='bbox 3025 979 3336 1046; x_wconf 69' lang='lat' dir='ltr'>videntur.</span> 
     </span>
    </p>
   </div>
   <div class='ocr_carea' id='block_1_11' title="bbox 2437 1148 4406 1286">
    <p class='ocr_par' dir='ltr' id='par_1_11' title="bbox 2437 1148 4406 1286">
     <span class='ocr_line' id='line_1_59' title="bbox 2437 1148 4406 1286; baseline 0.003 -84"><span class='ocrx_word' id='word_1_390' title='bbox 2437 1149 2549 1216; x_wconf 75' lang='lat' dir='ltr'>(Ex</span> <span class='ocrx_word' id='word_1_391' title='bbox 2584 1148 2923 1219; x_wconf 78' lang='lat' dir='ltr'>autographo</span> <span class='ocrx_word' id='word_1_392' title='bbox 2960 1149 3100 1203; x_wconf 88' lang='lat' dir='ltr'>Bibl.</span> <span class='ocrx_word' id='word_1_393' title='bbox 3139 1149 3711 1286; x_wconf 46' lang='grc' dir='ltr'>ὀίνίοὶοῗοιδιέἓιῗοιιείι</span> <span class='ocrx_word' id='word_1_394' title='bbox 3747 1149 3901 1206; x_wconf 69' lang='lat' dir='ltr'>MSS.</span> <span class='ocrx_word' id='word_1_395' title='bbox 3938 1151 4000 1206; x_wconf 79' lang='grc' dir='ltr'>Τ.</span> <span class='ocrx_word' id='word_1_396' title='bbox 4035 1150 4106 1207; x_wconf 78' lang='grc'>83</span> <span class='ocrx_word' id='word_1_397' title='bbox 4138 1152 4232 1220; x_wconf 76' lang='lat' dir='ltr'>(al.</span> <span class='ocrx_word' id='word_1_398' title='bbox 4268 1153 4406 1224; x_wconf 78' lang='lat' dir='ltr'>IV.)</span> 
     </span>
    </p>
   </div>
   <div class='ocr_carea' id='block_1_12' title="bbox 2438 1385 4400 1575">
    <p class='ocr_par' dir='ltr' id='par_1_12' title="bbox 2438 1385 4400 1575">
     <span class='ocr_line' id='line_1_60' title="bbox 2438 1385 4400 1474; baseline 0.003 -21"><span class='ocrx_word' id='word_1_399' title='bbox 2438 1385 2525 1453; x_wconf 89' lang='lat' dir='ltr'>D.</span> <span class='ocrx_word' id='word_1_400' title='bbox 2564 1386 2899 1453; x_wconf 88' lang='lat' dir='ltr'>Ioachimo</span> <span class='ocrx_word' id='word_1_401' title='bbox 2943 1388 3249 1454; x_wconf 86' lang='lat' dir='ltr'>Vadiano</span> <span class='ocrx_word' id='word_1_402' title='bbox 3308 1387 3584 1456; x_wconf 85' lang='lat' dir='ltr'>Oonsuli</span> <span class='ocrx_word' id='word_1_403' title='bbox 3629 1388 4052 1474; x_wconf 66' lang='lat' dir='ltr'>sangallensi</span> <span class='ocrx_word' id='word_1_404' title='bbox 4108 1391 4400 1474; x_wconf 86' lang='lat' dir='ltr'>pruden-</span> 
     </span>
     <span class='ocr_line' id='line_1_61' title="bbox 2670 1473 4167 1575; baseline 0.003 -37"><span class='ocrx_word' id='word_1_405' title='bbox 2670 1473 2943 1554; x_wconf 88' lang='lat' dir='ltr'>tissimo,</span> <span class='ocrx_word' id='word_1_406' title='bbox 2990 1474 3253 1540; x_wconf 93' lang='lat' dir='ltr'>domino</span> <span class='ocrx_word' id='word_1_407' title='bbox 3296 1496 3416 1540; x_wconf 85' lang='lat' dir='ltr'>suo</span> <span class='ocrx_word' id='word_1_408' title='bbox 3459 1477 3530 1540; x_wconf 91' lang='lat' dir='ltr'>in</span> <span class='ocrx_word' id='word_1_409' title='bbox 3565 1474 3836 1542; x_wconf 87' lang='lat' dir='ltr'>Ohristo</span> <span class='ocrx_word' id='word_1_410' title='bbox 3878 1475 4167 1575; x_wconf 90' lang='lat' dir='ltr'>colendo.</span> 
     </span>
    </p>
   </div>
   <div class='ocr_carea' id='block_1_13' title="bbox 2439 1607 4418 5208">
    <p class='ocr_par' dir='ltr' id='par_1_13' title="bbox 2439 1607 4416 5036">
     <span class='ocr_line' id='line_1_62' title="bbox 2616 1607 4403 1696; baseline 0.004 -22"><span class='ocrx_word' id='word_1_411' title='bbox 2616 1608 2686 1675; x_wconf 78' lang='lat' dir='ltr'>S.</span> <span class='ocrx_word' id='word_1_412' title='bbox 2758 1607 3146 1678; x_wconf 81' lang='lat' dir='ltr'>Adversarii</span> <span class='ocrx_word' id='word_1_413' title='bbox 3188 1620 3517 1696; x_wconf 89' lang='lat' dir='ltr'>quaerunt</span> <span class='ocrx_word' id='word_1_414' title='bbox 3548 1611 3852 1678; x_wconf 90' lang='lat' dir='ltr'>omnibus</span> <span class='ocrx_word' id='word_1_415' title='bbox 3885 1614 4023 1679; x_wconf 90' lang='lat' dir='ltr'>suis</span> <span class='ocrx_word' id='word_1_416' title='bbox 4069 1614 4403 1682; x_wconf 80' lang='lat' dir='ltr'>consulta-</span> 
     </span>
     <span class='ocr_line' id='line_1_63' title="bbox 2439 1696 4400 1782; baseline 0.003 -22"><span class='ocrx_word' id='word_1_417' title='bbox 2439 1696 2729 1762; x_wconf 87' lang='lat' dir='ltr'>tionibus</span> <span class='ocrx_word' id='word_1_418' title='bbox 2782 1705 2859 1761; x_wconf 86' lang='grc' dir='ltr'>ιιι</span> <span class='ocrx_word' id='word_1_419' title='bbox 2910 1696 3136 1763; x_wconf 85' lang='lat' dir='ltr'>foedus</span> <span class='ocrx_word' id='word_1_420' title='bbox 3191 1719 3384 1764; x_wconf 92' lang='lat' dir='ltr'>suum</span> <span class='ocrx_word' id='word_1_421' title='bbox 3438 1698 3685 1764; x_wconf 81' lang='lat' dir='ltr'>faciant</span> <span class='ocrx_word' id='word_1_422' title='bbox 3739 1719 3940 1782; x_wconf 88' lang='lat' dir='ltr'>quam</span> <span class='ocrx_word' id='word_1_423' title='bbox 3982 1699 4400 1782; x_wconf 79' lang='lat' dir='ltr'>latissimum,</span> 
     </span>
     <span class='ocr_line' id='line_1_64' title="bbox 2441 1781 4407 1869; baseline 0.004 -22"><span class='ocrx_word' id='word_1_424' title='bbox 2441 1783 2501 1847; x_wconf 92' lang='lat' dir='ltr'>si</span> <span class='ocrx_word' id='word_1_425' title='bbox 2542 1782 2637 1848; x_wconf 92' lang='lat' dir='ltr'>sic</span> <span class='ocrx_word' id='word_1_426' title='bbox 2686 1791 2933 1866; x_wconf 87' lang='lat' dir='ltr'>queant</span> <span class='ocrx_word' id='word_1_427' title='bbox 2989 1783 3520 1849; x_wconf 86' lang='lat' dir='ltr'>reformationem</span> <span class='ocrx_word' id='word_1_428' title='bbox 3577 1781 3871 1850; x_wconf 85' lang='lat' dir='ltr'>evadere.</span> <span class='ocrx_word' id='word_1_429' title='bbox 3977 1784 4112 1851; x_wconf 88' lang='lat' dir='ltr'>Hic</span> <span class='ocrx_word' id='word_1_430' title='bbox 4167 1806 4407 1869; x_wconf 88' lang='lat' dir='ltr'>scopus</span> 
     </span>
     <span class='ocr_line' id='line_1_65' title="bbox 2442 1865 4404 1938; baseline 0.003 -5"><span class='ocrx_word' id='word_1_431' title='bbox 2442 1865 2984 1934; x_wconf 80' lang='lat' dir='ltr'>adversariorum.</span> <span class='ocrx_word' id='word_1_432' title='bbox 3055 1866 3283 1936; x_wconf 85' lang='lat' dir='ltr'>Ooacti</span> <span class='ocrx_word' id='word_1_433' title='bbox 3318 1876 3473 1936; x_wconf 89' lang='lat' dir='ltr'>sunt</span> <span class='ocrx_word' id='word_1_434' title='bbox 3514 1869 3715 1934; x_wconf 89' lang='lat' dir='ltr'>iidem</span> <span class='ocrx_word' id='word_1_435' title='bbox 3760 1879 3835 1934; x_wconf 90' lang='lat' dir='ltr'>ut</span> <span class='ocrx_word' id='word_1_436' title='bbox 3875 1868 4236 1936; x_wconf 86' lang='lat' dir='ltr'>adnuerint</span> <span class='ocrx_word' id='word_1_437' title='bbox 4269 1873 4404 1938; x_wconf 91' lang='lat' dir='ltr'>col-</span> 
     </span>
     <span class='ocr_line' id='line_1_66' title="bbox 2440 1953 4403 2038; baseline 0.004 -20"><span class='ocrx_word' id='word_1_438' title='bbox 2440 1953 2763 2036; x_wconf 88' lang='lat' dir='ltr'>loquium:</span> <span class='ocrx_word' id='word_1_439' title='bbox 2810 1954 3138 2021; x_wconf 88' lang='lat' dir='ltr'>rationem</span> <span class='ocrx_word' id='word_1_440' title='bbox 3174 1955 3458 2021; x_wconf 90' lang='lat' dir='ltr'>scribere</span> <span class='ocrx_word' id='word_1_441' title='bbox 3493 1976 3612 2038; x_wconf 88' lang='lat' dir='ltr'>per</span> <span class='ocrx_word' id='word_1_442' title='bbox 3645 1956 3963 2038; x_wconf 88' lang='lat' dir='ltr'>temporis</span> <span class='ocrx_word' id='word_1_443' title='bbox 4007 1956 4403 2025; x_wconf 85' lang='lat' dir='ltr'>brevitatem</span> 
     </span>
     <span class='ocr_line' id='line_1_67' title="bbox 2441 2038 4401 2129; baseline 0.003 -25"><span class='ocrx_word' id='word_1_444' title='bbox 2441 2061 2576 2105; x_wconf 91' lang='lat' dir='ltr'>non</span> <span class='ocrx_word' id='word_1_445' title='bbox 2620 2039 2792 2105; x_wconf 89' lang='lat' dir='ltr'>licet.</span> <span class='ocrx_word' id='word_1_446' title='bbox 2883 2038 3308 2107; x_wconf 85' lang='lat' dir='ltr'>Oonditiones</span> <span class='ocrx_word' id='word_1_447' title='bbox 3365 2049 3590 2106; x_wconf 88' lang='lat' dir='ltr'>autem</span> <span class='ocrx_word' id='word_1_448' title='bbox 3630 2039 3933 2123; x_wconf 90' lang='lat' dir='ltr'>colloquii</span> <span class='ocrx_word' id='word_1_449' title='bbox 3978 2048 4116 2107; x_wconf 87' lang='lat' dir='ltr'>tam</span> <span class='ocrx_word' id='word_1_450' title='bbox 4155 2063 4401 2129; x_wconf 83' lang='lat' dir='ltr'>angus-</span> 
     </span>
     <span class='ocr_line' id='line_1_68' title="bbox 2442 2125 4402 2210; baseline 0.003 -20"><span class='ocrx_word' id='word_1_451' title='bbox 2442 2131 2547 2191; x_wconf 86' lang='lat' dir='ltr'>tas</span> <span class='ocrx_word' id='word_1_452' title='bbox 2588 2126 2887 2191; x_wconf 84' lang='lat' dir='ltr'>fecerunt</span> <span class='ocrx_word' id='word_1_453' title='bbox 2929 2147 3129 2210; x_wconf 91' lang='lat' dir='ltr'>quam</span> <span class='ocrx_word' id='word_1_454' title='bbox 3173 2126 3483 2210; x_wconf 90' lang='lat' dir='ltr'>possibile</span> <span class='ocrx_word' id='word_1_455' title='bbox 3515 2126 3657 2191; x_wconf 87' lang='lat' dir='ltr'>fuit.</span> <span class='ocrx_word' id='word_1_456' title='bbox 3747 2125 4248 2195; x_wconf 86' lang='lat' dir='ltr'>Oonditionibus</span> <span class='ocrx_word' id='word_1_457' title='bbox 4284 2129 4402 2195; x_wconf 81' lang='lat' dir='ltr'>ad-</span> 
     </span>
     <span class='ocr_line' id='line_1_69' title="bbox 2441 2211 4401 2296; baseline 0.004 -21"><span class='ocrx_word' id='word_1_458' title='bbox 2441 2211 2740 2276; x_wconf 91' lang='lat' dir='ltr'>iecerunt</span> <span class='ocrx_word' id='word_1_459' title='bbox 2780 2211 2941 2278; x_wconf 89' lang='lat' dir='ltr'>haec</span> <span class='ocrx_word' id='word_1_460' title='bbox 2984 2212 3149 2278; x_wconf 89' lang='lat' dir='ltr'>duo:</span> <span class='ocrx_word' id='word_1_461' title='bbox 3194 2213 3397 2296; x_wconf 90' lang='lat' dir='ltr'>prius,</span> <span class='ocrx_word' id='word_1_462' title='bbox 3439 2219 3519 2277; x_wconf 91' lang='lat' dir='ltr'>ut</span> <span class='ocrx_word' id='word_1_463' title='bbox 3562 2211 3736 2278; x_wconf 89' lang='lat' dir='ltr'>bona</span> <span class='ocrx_word' id='word_1_464' title='bbox 3776 2211 4216 2281; x_wconf 88' lang='lat' dir='ltr'>ecclesiastica</span> <span class='ocrx_word' id='word_1_465' title='bbox 4262 2236 4401 2282; x_wconf 88' lang='lat' dir='ltr'>res-</span> 
     </span>
     <span class='ocr_line' id='line_1_70' title="bbox 2442 2296 4397 2382; baseline 0.003 -21"><span class='ocrx_word' id='word_1_466' title='bbox 2442 2296 2775 2362; x_wconf 86' lang='lat' dir='ltr'>tituantur</span> <span class='ocrx_word' id='word_1_467' title='bbox 2819 2297 3135 2381; x_wconf 90' lang='lat' dir='ltr'>spoliatis,</span> <span class='ocrx_word' id='word_1_468' title='bbox 3187 2298 3293 2365; x_wconf 85' lang='lat' dir='ltr'>vel</span> <span class='ocrx_word' id='word_1_469' title='bbox 3337 2297 3811 2380; x_wconf 85' lang='lat' dir='ltr'>respondeatur</span> <span class='ocrx_word' id='word_1_470' title='bbox 3853 2319 4075 2365; x_wconf 89' lang='lat' dir='ltr'>coram</span> <span class='ocrx_word' id='word_1_471' title='bbox 4116 2320 4397 2382; x_wconf 87' lang='lat' dir='ltr'>camera,</span> 
     </span>
     <span class='ocr_line' id='line_1_71' title="bbox 2443 2381 4405 2469; baseline 0.002 -21"><span class='ocrx_word' id='word_1_472' title='bbox 2443 2382 2552 2448; x_wconf 83' lang='lat' dir='ltr'>vel</span> <span class='ocrx_word' id='word_1_473' title='bbox 2593 2383 2768 2448; x_wconf 90' lang='lat' dir='ltr'>bona</span> <span class='ocrx_word' id='word_1_474' title='bbox 2808 2383 2922 2448; x_wconf 89' lang='lat' dir='ltr'>illa</span> <span class='ocrx_word' id='word_1_475' title='bbox 2963 2384 3429 2467; x_wconf 81' lang='lat' dir='ltr'>permittantur</span> <span class='ocrx_word' id='word_1_476' title='bbox 3463 2382 3546 2448; x_wconf 89' lang='lat' dir='ltr'>ad</span> <span class='ocrx_word' id='word_1_477' title='bbox 3589 2381 4014 2450; x_wconf 87' lang='lat' dir='ltr'>iudicandum</span> <span class='ocrx_word' id='word_1_478' title='bbox 4049 2387 4405 2469; x_wconf 89' lang='lat' dir='ltr'>sequestri-</span> 
     </span>
     <span class='ocr_line' id='line_1_72' title="bbox 2444 2467 4404 2552; baseline 0.004 -20"><span class='ocrx_word' id='word_1_479' title='bbox 2444 2467 2596 2548; x_wconf 89' lang='lat' dir='ltr'>bus;</span> <span class='ocrx_word' id='word_1_480' title='bbox 2642 2468 2987 2551; x_wconf 89' lang='lat' dir='ltr'>posterius,</span> <span class='ocrx_word' id='word_1_481' title='bbox 3025 2490 3110 2535; x_wconf 90' lang='lat' dir='ltr'>ne</span> <span class='ocrx_word' id='word_1_482' title='bbox 3155 2475 3389 2535; x_wconf 88' lang='lat' dir='ltr'>curent</span> <span class='ocrx_word' id='word_1_483' title='bbox 3432 2489 3542 2534; x_wconf 91' lang='lat' dir='ltr'>eos</span> <span class='ocrx_word' id='word_1_484' title='bbox 3581 2469 3791 2533; x_wconf 88' lang='lat' dir='ltr'>nostri</span> <span class='ocrx_word' id='word_1_485' title='bbox 3834 2469 3946 2552; x_wconf 85' lang='lat' dir='ltr'>qui</span> <span class='ocrx_word' id='word_1_486' title='bbox 3989 2479 4138 2552; x_wconf 91' lang='lat' dir='ltr'>post</span> <span class='ocrx_word' id='word_1_487' title='bbox 4170 2472 4404 2540; x_wconf 83' lang='lat' dir='ltr'>datam</span> 
     </span>
     <span class='ocr_line' id='line_1_73' title="bbox 2444 2553 4405 2640; baseline 0.003 -20"><span class='ocrx_word' id='word_1_488' title='bbox 2444 2574 2675 2638; x_wconf 88' lang='lat' dir='ltr'>pacem</span> <span class='ocrx_word' id='word_1_489' title='bbox 2727 2553 2793 2619; x_wconf 89' lang='lat' dir='ltr'>N</span> <span class='ocrx_word' id='word_1_490' title='bbox 2795 2554 3222 2640; x_wconf 89' lang='lat' dir='ltr'>urembergae</span> <span class='ocrx_word' id='word_1_491' title='bbox 3278 2554 3362 2620; x_wconf 88' lang='lat' dir='ltr'>ad</span> <span class='ocrx_word' id='word_1_492' title='bbox 3417 2575 3488 2620; x_wconf 86' lang='lat' dir='ltr'>se</span> <span class='ocrx_word' id='word_1_493' title='bbox 3545 2562 3990 2633; x_wconf 86' lang='lat' dir='ltr'>accesserunt,</span> <span class='ocrx_word' id='word_1_494' title='bbox 4060 2557 4204 2623; x_wconf 81' lang='lat' dir='ltr'>sive</span> <span class='ocrx_word' id='word_1_495' title='bbox 4259 2557 4405 2625; x_wconf 89' lang='lat' dir='ltr'>iure</span> 
     </span>
     <span class='ocr_line' id='line_1_74' title="bbox 2447 2638 4408 2727; baseline 0.002 -22"><span class='ocrx_word' id='word_1_496' title='bbox 2447 2661 2602 2705; x_wconf 94' lang='lat' dir='ltr'>cum</span> <span class='ocrx_word' id='word_1_497' title='bbox 2645 2639 2741 2706; x_wconf 90' lang='lat' dir='ltr'>eis</span> <span class='ocrx_word' id='word_1_498' title='bbox 2784 2647 3039 2723; x_wconf 83' lang='lat' dir='ltr'>agatur,</span> <span class='ocrx_word' id='word_1_499' title='bbox 3086 2645 3224 2706; x_wconf 82' lang='lat' dir='ltr'>sive</span> <span class='ocrx_word' id='word_1_500' title='bbox 3267 2639 3601 2719; x_wconf 80' lang='lat' dir='ltr'>violentia,</span> <span class='ocrx_word' id='word_1_501' title='bbox 3645 2638 3823 2716; x_wconf 91' lang='lat' dir='ltr'>item,</span> <span class='ocrx_word' id='word_1_502' title='bbox 3869 2659 3991 2704; x_wconf 90' lang='lat' dir='ltr'>nec</span> <span class='ocrx_word' id='word_1_503' title='bbox 4026 2662 4135 2708; x_wconf 92' lang='lat' dir='ltr'>eos</span> <span class='ocrx_word' id='word_1_504' title='bbox 4171 2642 4285 2727; x_wconf 88' lang='lat' dir='ltr'>qui</span> <span class='ocrx_word' id='word_1_505' title='bbox 4320 2641 4408 2708; x_wconf 81' lang='lat' dir='ltr'>ad</span> 
     </span>
     <span class='ocr_line' id='line_1_75' title="bbox 2447 2724 4405 2808; baseline 0.002 -18"><span class='ocrx_word' id='word_1_506' title='bbox 2447 2725 2627 2808; x_wconf 90' lang='lat' dir='ltr'>ipsos</span> <span class='ocrx_word' id='word_1_507' title='bbox 2678 2734 2949 2808; x_wconf 87' lang='lat' dir='ltr'>possent</span> <span class='ocrx_word' id='word_1_508' title='bbox 2998 2724 3213 2792; x_wconf 89' lang='lat' dir='ltr'>adhuc</span> <span class='ocrx_word' id='word_1_509' title='bbox 3279 2725 3604 2792; x_wconf 87' lang='lat' dir='ltr'>accedere.</span> <span class='ocrx_word' id='word_1_510' title='bbox 3718 2724 4062 2792; x_wconf 88' lang='lat' dir='ltr'>Posterius</span> <span class='ocrx_word' id='word_1_511' title='bbox 4115 2726 4237 2795; x_wconf 93' lang='lat' dir='ltr'>hoc</span> <span class='ocrx_word' id='word_1_512' title='bbox 4292 2751 4405 2794; x_wconf 91' lang='lat' dir='ltr'>ur·</span> 
     </span>
     <span class='ocr_line' id='line_1_76' title="bbox 2448 2809 4408 2894; baseline 0.001 -16"><span class='ocrx_word' id='word_1_513' title='bbox 2448 2819 2680 2878; x_wconf 89' lang='lat' dir='ltr'>serunt</span> <span class='ocrx_word' id='word_1_514' title='bbox 2722 2810 3073 2878; x_wconf 84' lang='lat' dir='ltr'>admodum</span> <span class='ocrx_word' id='word_1_515' title='bbox 3108 2810 3553 2879; x_wconf 81' lang='lat' dir='ltr'>vehementer.</span> <span class='ocrx_word' id='word_1_516' title='bbox 3643 2809 4159 2894; x_wconf 85' lang='lat' dir='ltr'>Responderunt</span> <span class='ocrx_word' id='word_1_517' title='bbox 4191 2815 4408 2880; x_wconf 88' lang='lat' dir='ltr'>nostri</span> 
     </span>
     <span class='ocr_line' id='line_1_77' title="bbox 2450 2895 4407 2983; baseline 0.002 -20"><span class='ocrx_word' id='word_1_518' title='bbox 2450 2895 2536 2963; x_wconf 88' lang='lat' dir='ltr'>ad</span> <span class='ocrx_word' id='word_1_519' title='bbox 2580 2897 2939 2963; x_wconf 89' lang='lat' dir='ltr'>articulum</span> <span class='ocrx_word' id='word_1_520' title='bbox 2980 2898 3299 2981; x_wconf 88' lang='lat' dir='ltr'>priorem:</span> <span class='ocrx_word' id='word_1_521' title='bbox 3367 2895 3542 2981; x_wconf 92' lang='lat' dir='ltr'>quod</span> <span class='ocrx_word' id='word_1_522' title='bbox 3585 2897 3918 2962; x_wconf 86' lang='lat' dir='ltr'>neminem</span> <span class='ocrx_word' id='word_1_523' title='bbox 3961 2897 4212 2963; x_wconf 87' lang='lat' dir='ltr'>iustum</span> <span class='ocrx_word' id='word_1_524' title='bbox 4254 2919 4407 2983; x_wconf 90' lang='lat' dir='ltr'>pos-</span> 
     </span>
     <span class='ocr_line' id='line_1_78' title="bbox 2450 2982 4409 3068; baseline 0.002 -21"><span class='ocrx_word' id='word_1_525' title='bbox 2450 3002 2772 3048; x_wconf 88' lang='lat' dir='ltr'>sessorem</span> <span class='ocrx_word' id='word_1_526' title='bbox 2835 3005 3134 3068; x_wconf 89' lang='lat' dir='ltr'>unquam</span> <span class='ocrx_word' id='word_1_527' title='bbox 3197 2982 3627 3066; x_wconf 89' lang='lat' dir='ltr'>deposuerint</span> <span class='ocrx_word' id='word_1_528' title='bbox 3639 3005 3655 3062; x_wconf 92' lang='lat'>;</span> <span class='ocrx_word' id='word_1_529' title='bbox 3739 2982 3912 3048; x_wconf 88' lang='lat' dir='ltr'>bona</span> <span class='ocrx_word' id='word_1_530' title='bbox 3967 2983 4409 3051; x_wconf 84' lang='lat' dir='ltr'>ecclesiastica</span> 
     </span>
     <span class='ocr_line' id='line_1_79' title="bbox 2448 3067 4406 3154; baseline 0.002 -21"><span class='ocrx_word' id='word_1_531' title='bbox 2448 3067 2623 3134; x_wconf 88' lang='lat' dir='ltr'>bona</span> <span class='ocrx_word' id='word_1_532' title='bbox 2665 3090 2750 3135; x_wconf 84' lang='lat' dir='ltr'>ex</span> <span class='ocrx_word' id='word_1_533' title='bbox 2791 3077 2979 3153; x_wconf 84' lang='lat' dir='ltr'>parte</span> <span class='ocrx_word' id='word_1_534' title='bbox 3022 3089 3142 3136; x_wconf 85' lang='lat' dir='ltr'>sua</span> <span class='ocrx_word' id='word_1_535' title='bbox 3185 3089 3346 3148; x_wconf 91' lang='lat' dir='ltr'>esse,</span> <span class='ocrx_word' id='word_1_536' title='bbox 3393 3075 3740 3152; x_wconf 89' lang='lat' dir='ltr'>postquam</span> <span class='ocrx_word' id='word_1_537' title='bbox 3782 3069 4246 3135; x_wconf 89' lang='lat' dir='ltr'>transtulerint</span> <span class='ocrx_word' id='word_1_538' title='bbox 4278 3091 4406 3154; x_wconf 90' lang='lat' dir='ltr'>quo</span> 
     </span>
     <span class='ocr_line' id='line_1_80' title="bbox 2449 3153 4408 3240; baseline 0.002 -21"><span class='ocrx_word' id='word_1_539' title='bbox 2449 3154 2769 3220; x_wconf 91' lang='lat' dir='ltr'>iusserint</span> <span class='ocrx_word' id='word_1_540' title='bbox 2819 3176 3117 3222; x_wconf 89' lang='lat' dir='ltr'>canones.</span> <span class='ocrx_word' id='word_1_541' title='bbox 3221 3153 3302 3221; x_wconf 80' lang='lat' dir='ltr'>si</span> <span class='ocrx_word' id='word_1_542' title='bbox 3355 3153 3514 3238; x_wconf 91' lang='lat' dir='ltr'>quid</span> <span class='ocrx_word' id='word_1_543' title='bbox 3569 3163 3912 3238; x_wconf 88' lang='lat' dir='ltr'>praeterea</span> <span class='ocrx_word' id='word_1_544' title='bbox 3975 3176 4014 3220; x_wconf 90' lang='lat' dir='ltr'>a</span> <span class='ocrx_word' id='word_1_545' title='bbox 4079 3176 4408 3240; x_wconf 88' lang='lat' dir='ltr'>quoquam</span> 
     </span>
     <span class='ocr_line' id='line_1_81' title="bbox 2449 3239 4409 3325; baseline 0.002 -19"><span class='ocrx_word' id='word_1_546' title='bbox 2449 3248 2787 3320; x_wconf 89' lang='lat' dir='ltr'>teneatur,</span> <span class='ocrx_word' id='word_1_547' title='bbox 2858 3241 2914 3307; x_wconf 94' lang='lat' dir='ltr'>is</span> <span class='ocrx_word' id='word_1_548' title='bbox 2968 3260 3404 3323; x_wconf 88' lang='lat' dir='ltr'>responsurus</span> <span class='ocrx_word' id='word_1_549' title='bbox 3458 3240 3547 3304; x_wconf 91' lang='lat' dir='ltr'>sit</span> <span class='ocrx_word' id='word_1_550' title='bbox 3600 3240 3902 3322; x_wconf 82' lang='lat' dir='ltr'>proximo</span> <span class='ocrx_word' id='word_1_551' title='bbox 3957 3239 4277 3325; x_wconf 85' lang='lat' dir='ltr'>colloquio</span> <span class='ocrx_word' id='word_1_552' title='bbox 4332 3241 4409 3308; x_wconf 87' lang='lat' dir='ltr'>in</span> 
     </span>
     <span class='ocr_line' id='line_1_82' title="bbox 2451 3323 4409 3411; baseline 0.002 -21"><span class='ocrx_word' id='word_1_553' title='bbox 2451 3347 2584 3410; x_wconf 89' lang='lat' dir='ltr'>quo</span> <span class='ocrx_word' id='word_1_554' title='bbox 2628 3323 2904 3392; x_wconf 83' lang='lat' dir='ltr'>iudicari</span> <span class='ocrx_word' id='word_1_555' title='bbox 2957 3326 3191 3393; x_wconf 88' lang='lat' dir='ltr'>debeat</span> <span class='ocrx_word' id='word_1_556' title='bbox 3246 3323 3331 3390; x_wconf 91' lang='lat' dir='ltr'>ad</span> <span class='ocrx_word' id='word_1_557' title='bbox 3394 3344 3748 3409; x_wconf 88' lang='lat' dir='ltr'>quemnam</span> <span class='ocrx_word' id='word_1_558' title='bbox 3802 3326 3975 3392; x_wconf 89' lang='lat' dir='ltr'>bona</span> <span class='ocrx_word' id='word_1_559' title='bbox 4031 3326 4149 3392; x_wconf 90' lang='lat' dir='ltr'>illa</span> <span class='ocrx_word' id='word_1_560' title='bbox 4203 3328 4409 3411; x_wconf 86' lang='lat' dir='ltr'>perti·</span> 
     </span>
     <span class='ocr_line' id='line_1_83' title="bbox 2450 3411 4411 3497; baseline 0.002 -21"><span class='ocrx_word' id='word_1_561' title='bbox 2450 3418 2685 3492; x_wconf 88' lang='lat' dir='ltr'>neant,</span> <span class='ocrx_word' id='word_1_562' title='bbox 2752 3422 2822 3478; x_wconf 90' lang='lat' dir='ltr'>et</span> <span class='ocrx_word' id='word_1_563' title='bbox 2887 3412 3034 3497; x_wconf 88' lang='lat' dir='ltr'>quis</span> <span class='ocrx_word' id='word_1_564' title='bbox 3099 3411 3187 3476; x_wconf 85' lang='lat' dir='ltr'>sit</span> <span class='ocrx_word' id='word_1_565' title='bbox 3251 3431 3449 3477; x_wconf 85' lang='lat' dir='ltr'>verus</span> <span class='ocrx_word' id='word_1_566' title='bbox 3508 3430 3737 3475; x_wconf 87' lang='lat' dir='ltr'>eorum</span> <span class='ocrx_word' id='word_1_567' title='bbox 3795 3432 3971 3477; x_wconf 89' lang='lat' dir='ltr'>usus.</span> <span class='ocrx_word' id='word_1_568' title='bbox 4060 3412 4411 3479; x_wconf 89' lang='lat' dir='ltr'>Petierunt</span> 
     </span>
     <span class='ocr_line' id='line_1_84' title="bbox 2450 3494 4409 3580; baseline 0.002 -18"><span class='ocrx_word' id='word_1_569' title='bbox 2450 3497 2662 3564; x_wconf 90' lang='lat' dir='ltr'>nostri</span> <span class='ocrx_word' id='word_1_570' title='bbox 2705 3506 2779 3563; x_wconf 92' lang='lat' dir='ltr'>ut</span> <span class='ocrx_word' id='word_1_571' title='bbox 2821 3498 3087 3564; x_wconf 90' lang='lat' dir='ltr'>interim</span> <span class='ocrx_word' id='word_1_572' title='bbox 3130 3496 3479 3580; x_wconf 87' lang='lat' dir='ltr'>postulatio</span> <span class='ocrx_word' id='word_1_573' title='bbox 3536 3494 3617 3560; x_wconf 91' lang='lat' dir='ltr'>de</span> <span class='ocrx_word' id='word_1_574' title='bbox 3673 3497 4118 3577; x_wconf 88' lang='lat' dir='ltr'>restitutione,</span> <span class='ocrx_word' id='word_1_575' title='bbox 4177 3498 4258 3565; x_wconf 88' lang='lat' dir='ltr'>de</span> <span class='ocrx_word' id='word_1_576' title='bbox 4301 3520 4409 3566; x_wconf 82' lang='lat' dir='ltr'>ca-</span> 
     </span>
     <span class='ocr_line' id='line_1_85' title="bbox 2451 3581 4410 3668; baseline 0.001 -20"><span class='ocrx_word' id='word_1_577' title='bbox 2451 3604 2637 3648; x_wconf 88' lang='lat' dir='ltr'>mera</span> <span class='ocrx_word' id='word_1_578' title='bbox 2690 3593 2758 3648; x_wconf 91' lang='lat' dir='ltr'>et</span> <span class='ocrx_word' id='word_1_579' title='bbox 2811 3583 2893 3649; x_wconf 91' lang='lat' dir='ltr'>de</span> <span class='ocrx_word' id='word_1_580' title='bbox 2948 3582 3464 3668; x_wconf 87' lang='lat' dir='ltr'>sequestratione</span> <span class='ocrx_word' id='word_1_581' title='bbox 3519 3581 3831 3665; x_wconf 86' lang='lat' dir='ltr'>quiescat.</span> <span class='ocrx_word' id='word_1_582' title='bbox 3931 3582 4038 3647; x_wconf 85' lang='lat' dir='ltr'>Ad</span> <span class='ocrx_word' id='word_1_583' title='bbox 4092 3586 4410 3667; x_wconf 89' lang='lat' dir='ltr'>posterio-</span> 
     </span>
     <span class='ocr_line' id='line_1_86' title="bbox 2443 3666 4410 3752; baseline 0.001 -18"><span class='ocrx_word' id='word_1_584' title='bbox 2443 3671 2594 3734; x_wconf 90' lang='lat' dir='ltr'>&#39;rem</span> <span class='ocrx_word' id='word_1_585' title='bbox 2639 3669 2990 3736; x_wconf 90' lang='lat' dir='ltr'>articulum</span> <span class='ocrx_word' id='word_1_586' title='bbox 3032 3666 3541 3752; x_wconf 89' lang='lat' dir='ltr'>responderunt:</span> <span class='ocrx_word' id='word_1_587' title='bbox 3602 3687 3674 3733; x_wconf 89' lang='lat' dir='ltr'>se</span> <span class='ocrx_word' id='word_1_588' title='bbox 3717 3688 3850 3732; x_wconf 92' lang='lat' dir='ltr'>non</span> <span class='ocrx_word' id='word_1_589' title='bbox 3907 3687 4096 3750; x_wconf 90' lang='lat' dir='ltr'>posse</span> <span class='ocrx_word' id='word_1_590' title='bbox 4141 3671 4410 3736; x_wconf 90' lang='lat' dir='ltr'>reiicere</span> 
     </span>
     <span class='ocr_line' id='line_1_87' title="bbox 2452 3751 4409 3838; baseline 0.002 -19"><span class='ocrx_word' id='word_1_591' title='bbox 2452 3774 2648 3838; x_wconf 90' lang='lat' dir='ltr'>quem</span> <span class='ocrx_word' id='word_1_592' title='bbox 2692 3753 2877 3821; x_wconf 91' lang='lat' dir='ltr'>Deus</span> <span class='ocrx_word' id='word_1_593' title='bbox 2921 3762 3113 3821; x_wconf 81' lang='lat' dir='ltr'>vocet</span> <span class='ocrx_word' id='word_1_594' title='bbox 3154 3761 3277 3820; x_wconf 86' lang='lat' dir='ltr'>etc.</span> <span class='ocrx_word' id='word_1_595' title='bbox 3347 3751 3455 3817; x_wconf 85' lang='lat' dir='ltr'>Ad</span> <span class='ocrx_word' id='word_1_596' title='bbox 3497 3752 3661 3819; x_wconf 89' lang='lat' dir='ltr'>haec</span> <span class='ocrx_word' id='word_1_597' title='bbox 3699 3752 3842 3817; x_wconf 74' lang='lat' dir='ltr'>Rex</span> <span class='ocrx_word' id='word_1_598' title='bbox 3882 3772 4032 3818; x_wconf 89' lang='lat' dir='ltr'>cum</span> <span class='ocrx_word' id='word_1_599' title='bbox 4078 3751 4409 3837; x_wconf 90' lang='lat' dir='ltr'>deputatis</span> 
     </span>
     <span class='ocr_line' id='line_1_88' title="bbox 2452 3836 4414 3924; baseline 0.001 -17"><span class='ocrx_word' id='word_1_600' title='bbox 2452 3840 2612 3919; x_wconf 89' lang='lat' dir='ltr'>suis,</span> <span class='ocrx_word' id='word_1_601' title='bbox 2657 3842 2811 3924; x_wconf 90' lang='lat' dir='ltr'>quia</span> <span class='ocrx_word' id='word_1_602' title='bbox 2855 3840 3032 3907; x_wconf 89' lang='lat' dir='ltr'>solus</span> <span class='ocrx_word' id='word_1_603' title='bbox 3076 3860 3113 3905; x_wconf 92' lang='lat' dir='ltr'>e</span> <span class='ocrx_word' id='word_1_604' title='bbox 3163 3839 3240 3918; x_wconf 85' lang='lat' dir='ltr'>&#39;t,</span> <span class='ocrx_word' id='word_1_605' title='bbox 3296 3838 3512 3904; x_wconf 90' lang='lat' dir='ltr'>noluit</span> <span class='ocrx_word' id='word_1_606' title='bbox 3552 3836 3974 3922; x_wconf 89' lang='lat' dir='ltr'>respondere,</span> <span class='ocrx_word' id='word_1_607' title='bbox 4033 3836 4149 3904; x_wconf 90' lang='lat' dir='ltr'>sed</span> <span class='ocrx_word' id='word_1_608' title='bbox 4192 3841 4414 3908; x_wconf 82' lang='lat' dir='ltr'>omnia</span> 
     </span>
     <span class='ocr_line' id='line_1_89' title="bbox 3166 3921 4412 4008; baseline 0.004 -20"><span class='ocrx_word' id='word_1_609' title='bbox 3166 3921 3210 3988; x_wconf 92' lang='lat' dir='ltr'>d</span> <span class='ocrx_word' id='word_1_610' title='bbox 3253 3924 3424 4008; x_wconf 88' lang='lat' dir='ltr'>quod</span> <span class='ocrx_word' id='word_1_611' title='bbox 3467 3924 3640 4002; x_wconf 87' lang='lat' dir='ltr'>fecit,</span> <span class='ocrx_word' id='word_1_612' title='bbox 3685 3921 3800 3989; x_wconf 91' lang='lat' dir='ltr'>sed</span> <span class='ocrx_word' id='word_1_613' title='bbox 3841 3923 3939 3989; x_wconf 89' lang='lat' dir='ltr'>ita</span> <span class='ocrx_word' id='word_1_614' title='bbox 3978 3932 4056 3989; x_wconf 89' lang='lat' dir='ltr'>ut</span> <span class='ocrx_word' id='word_1_615' title='bbox 4094 3923 4412 3993; x_wconf 67' lang='lat' dir='ltr'>Colonien-</span> 
     </span>
     <span class='ocr_line' id='line_1_90' title="bbox 2859 4007 4413 4094; baseline 0.001 -18"><span class='ocrx_word' id='word_1_616' title='bbox 2859 4010 3219 4094; x_wconf 88' lang='lat' dir='ltr'>rincipibus</span> <span class='ocrx_word' id='word_1_617' title='bbox 3321 4007 3547 4075; x_wconf 91' lang='lat' dir='ltr'>uidam</span> <span class='ocrx_word' id='word_1_618' title='bbox 3597 4009 3911 4092; x_wconf 87' lang='lat' dir='ltr'>petierint</span> <span class='ocrx_word' id='word_1_619' title='bbox 3966 4018 4041 4074; x_wconf 91' lang='lat' dir='ltr'>ut</span> <span class='ocrx_word' id='word_1_620' title='bbox 4093 4019 4233 4077; x_wconf 91' lang='lat' dir='ltr'>tota</span> <span class='ocrx_word' id='word_1_621' title='bbox 4286 4011 4413 4078; x_wconf 91' lang='lat' dir='ltr'>sibi</span> 
     </span>
     <span class='ocr_line' id='line_1_91' title="bbox 2456 4032 4405 4181; baseline -0.001 -18"><span class='ocrx_word' id='word_1_622' title='bbox 2456 4097 2627 4163; x_wconf 87' lang='lat' dir='ltr'>actio</span> <span class='ocrx_word' id='word_1_623' title='bbox 2680 4098 2808 4162; x_wconf 91' lang='lat' dir='ltr'>scri</span> <span class='ocrx_word' id='word_1_624' title='bbox 2853 4106 3024 4162; x_wconf 89' lang='lat' dir='ltr'>atur.</span> <span class='ocrx_word' id='word_1_625' title='bbox 3116 4032 3318 4178; x_wconf 63' lang='lat' dir='ltr'>Quod</span> <span class='ocrx_word' id='word_1_626' title='bbox 3369 4103 3436 4160; x_wconf 92' lang='lat' dir='ltr'>et</span> <span class='ocrx_word' id='word_1_627' title='bbox 3492 4115 3533 4158; x_wconf 90' lang='lat' dir='ltr'>a</span> <span class='ocrx_word' id='word_1_628' title='bbox 3587 4094 3829 4160; x_wconf 88' lang='lat' dir='ltr'>nostris</span> <span class='ocrx_word' id='word_1_629' title='bbox 3886 4095 4146 4160; x_wconf 85' lang='lat' dir='ltr'>factum.</span> <span class='ocrx_word' id='word_1_630' title='bbox 4241 4096 4405 4181; x_wconf 66' lang='lat' dir='ltr'>Reyi</span> 
     </span>
     <span class='ocr_line' id='line_1_92' title="bbox 2455 4177 4407 4266; baseline 0 -19"><span class='ocrx_word' id='word_1_631' title='bbox 2455 4203 2596 4247; x_wconf 92' lang='lat' dir='ltr'>non</span> <span class='ocrx_word' id='word_1_632' title='bbox 2648 4182 2877 4248; x_wconf 89' lang='lat' dir='ltr'>fiditur</span> <span class='ocrx_word' id='word_1_633' title='bbox 2930 4183 3084 4266; x_wconf 88' lang='lat' dir='ltr'>quia</span> <span class='ocrx_word' id='word_1_634' title='bbox 3141 4203 3212 4247; x_wconf 90' lang='lat' dir='ltr'>se</span> <span class='ocrx_word' id='word_1_635' title='bbox 3268 4180 3592 4265; x_wconf 89' lang='lat' dir='ltr'>permittit</span> <span class='ocrx_word' id='word_1_636' title='bbox 3649 4177 3883 4245; x_wconf 78' lang='lat' dir='ltr'>FabrO.</span> <span class='ocrx_word' id='word_1_637' title='bbox 3992 4179 4407 4265; x_wconf 83' lang='lat' dir='ltr'>Colloquium</span> 
     </span>
     <span class='ocr_line' id='line_1_93' title="bbox 2459 4264 4406 4351; baseline 0 -18"><span class='ocrx_word' id='word_1_638' title='bbox 2459 4267 2604 4333; x_wconf 75' lang='lat' dir='ltr'>Rex</span> <span class='ocrx_word' id='word_1_639' title='bbox 2647 4269 2883 4334; x_wconf 85' lang='lat' dir='ltr'>statuit</span> <span class='ocrx_word' id='word_1_640' title='bbox 2923 4267 3310 4351; x_wconf 90' lang='lat' dir='ltr'>septimanis</span> <span class='ocrx_word' id='word_1_641' title='bbox 3358 4264 3585 4331; x_wconf 91' lang='lat' dir='ltr'>decom</span> <span class='ocrx_word' id='word_1_642' title='bbox 3625 4273 3774 4348; x_wconf 92' lang='lat' dir='ltr'>post</span> <span class='ocrx_word' id='word_1_643' title='bbox 3815 4264 4124 4330; x_wconf 88' lang='lat' dir='ltr'>ultimum</span> <span class='ocrx_word' id='word_1_644' title='bbox 4165 4267 4406 4333; x_wconf 88' lang='lat' dir='ltr'>horum</span> 
     </span>
     <span class='ocr_line' id='line_1_94' title="bbox 2457 4350 4411 4434; baseline 0 -15"><span class='ocrx_word' id='word_1_645' title='bbox 2457 4355 2871 4421; x_wconf 89' lang='lat' dir='ltr'>comitiorum</span> <span class='ocrx_word' id='word_1_646' title='bbox 2911 4352 3370 4419; x_wconf 89' lang='lat' dir='ltr'>Wormatiam.</span> <span class='ocrx_word' id='word_1_647' title='bbox 3474 4350 3608 4416; x_wconf 91' lang='lat' dir='ltr'>Hic</span> <span class='ocrx_word' id='word_1_648' title='bbox 3662 4350 3774 4416; x_wconf 92' lang='lat' dir='ltr'>ubi</span> <span class='ocrx_word' id='word_1_649' title='bbox 3832 4350 4041 4415; x_wconf 92' lang='lat' dir='ltr'>nostri</span> <span class='ocrx_word' id='word_1_650' title='bbox 4085 4354 4411 4434; x_wconf 89' lang='lat' dir='ltr'>petierant</span> 
     </span>
     <span class='ocr_line' id='line_1_95' title="bbox 2458 4435 4411 4524; baseline 0.001 -22"><span class='ocrx_word' id='word_1_651' title='bbox 2458 4438 2709 4523; x_wconf 89' lang='lat' dir='ltr'>aliquot</span> <span class='ocrx_word' id='word_1_652' title='bbox 2729 4435 3169 4506; x_wconf 87' lang='lat' dir='ltr'>hebdomadas</span> <span class='ocrx_word' id='word_1_653' title='bbox 3190 4436 3401 4516; x_wconf 88' lang='lat' dir='ltr'>adiici,</span> <span class='ocrx_word' id='word_1_654' title='bbox 3435 4437 3840 4501; x_wconf 82' lang='lat' dir='ltr'>invenerunt</span> <span class='ocrx_word' id='word_1_655' title='bbox 3863 4457 4004 4500; x_wconf 89' lang='lat' dir='ltr'>rem</span> <span class='ocrx_word' id='word_1_656' title='bbox 4038 4458 4180 4503; x_wconf 88' lang='lat' dir='ltr'>esse</span> <span class='ocrx_word' id='word_1_657' title='bbox 4215 4438 4411 4524; x_wconf 87' lang='lat' dir='ltr'>longe</span> 
     </span>
     <span class='ocr_line' id='line_1_96' title="bbox 2459 4522 4412 4608; baseline 0.001 -19"><span class='ocrx_word' id='word_1_658' title='bbox 2459 4525 2657 4590; x_wconf 88' lang='lat' dir='ltr'>aliam</span> <span class='ocrx_word' id='word_1_659' title='bbox 2701 4546 2899 4608; x_wconf 92' lang='lat' dir='ltr'>quam</span> <span class='ocrx_word' id='word_1_660' title='bbox 2939 4524 3141 4590; x_wconf 88' lang='lat' dir='ltr'>verba</span> <span class='ocrx_word' id='word_1_661' title='bbox 3181 4523 3447 4588; x_wconf 87' lang='lat' dir='ltr'>ferrent.</span> <span class='ocrx_word' id='word_1_662' title='bbox 3535 4522 3788 4587; x_wconf 86' lang='lat' dir='ltr'>Putant</span> <span class='ocrx_word' id='word_1_663' title='bbox 3838 4522 4059 4605; x_wconf 87' lang='lat' dir='ltr'>itaque</span> <span class='ocrx_word' id='word_1_664' title='bbox 4115 4544 4412 4591; x_wconf 86' lang='lat' dir='ltr'>camerae</span> 
     </span>
     <span class='ocr_line' id='line_1_97' title="bbox 2458 4607 4411 4693; baseline -0.001 -16"><span class='ocrx_word' id='word_1_665' title='bbox 2458 4611 2564 4677; x_wconf 91' lang='lat' dir='ltr'>ius</span> <span class='ocrx_word' id='word_1_666' title='bbox 2619 4611 2971 4693; x_wconf 86' lang='lat' dir='ltr'>pristinum</span> <span class='ocrx_word' id='word_1_667' title='bbox 3022 4608 3417 4692; x_wconf 88' lang='lat' dir='ltr'>permissum</span> <span class='ocrx_word' id='word_1_668' title='bbox 3470 4607 3554 4673; x_wconf 90' lang='lat' dir='ltr'>iri</span> <span class='ocrx_word' id='word_1_669' title='bbox 3620 4617 3848 4673; x_wconf 87' lang='lat' dir='ltr'>contra</span> <span class='ocrx_word' id='word_1_670' title='bbox 3912 4628 4050 4673; x_wconf 88' lang='lat' dir='ltr'>nos.</span> <span class='ocrx_word' id='word_1_671' title='bbox 4152 4608 4411 4677; x_wconf 89' lang='lat' dir='ltr'>Deinde</span> 
     </span>
     <span class='ocr_line' id='line_1_98' title="bbox 2460 4691 4412 4777; baseline 0.001 -16"><span class='ocrx_word' id='word_1_672' title='bbox 2460 4717 2725 4762; x_wconf 90' lang='lat' dir='ltr'>omnem</span> <span class='ocrx_word' id='word_1_673' title='bbox 2767 4716 2992 4761; x_wconf 90' lang='lat' dir='ltr'>curam</span> <span class='ocrx_word' id='word_1_674' title='bbox 3036 4695 3107 4759; x_wconf 91' lang='lat' dir='ltr'>in</span> <span class='ocrx_word' id='word_1_675' title='bbox 3149 4692 3273 4760; x_wconf 90' lang='lat' dir='ltr'>hoc</span> <span class='ocrx_word' id='word_1_676' title='bbox 3315 4692 3638 4770; x_wconf 87' lang='lat' dir='ltr'>futuram,</span> <span class='ocrx_word' id='word_1_677' title='bbox 3684 4701 3762 4758; x_wconf 92' lang='lat' dir='ltr'>ut</span> <span class='ocrx_word' id='word_1_678' title='bbox 3801 4691 4060 4759; x_wconf 89' lang='lat' dir='ltr'>foedere</span> <span class='ocrx_word' id='word_1_679' title='bbox 4102 4704 4412 4777; x_wconf 80' lang='lat' dir='ltr'>peraucto</span> 
     </span>
     <span class='ocr_line' id='line_1_99' title="bbox 2458 4777 4413 4864; baseline -0.001 -18"><span class='ocrx_word' id='word_1_680' title='bbox 2458 4783 2554 4846; x_wconf 88' lang='lat' dir='ltr'>in·</span> <span class='ocrx_word' id='word_1_681' title='bbox 2591 4801 2713 4847; x_wconf 91' lang='lat' dir='ltr'>nos</span> <span class='ocrx_word' id='word_1_682' title='bbox 2769 4782 3235 4864; x_wconf 86' lang='lat' dir='ltr'>opprimamur.</span> <span class='ocrx_word' id='word_1_683' title='bbox 3335 4777 3521 4843; x_wconf 87' lang='lat' dir='ltr'>Haeo</span> <span class='ocrx_word' id='word_1_684' title='bbox 3574 4798 3731 4843; x_wconf 87' lang='lat' dir='ltr'>vera</span> <span class='ocrx_word' id='word_1_685' title='bbox 3786 4780 4038 4854; x_wconf 87' lang='lat' dir='ltr'>omnia,</span> <span class='ocrx_word' id='word_1_686' title='bbox 4115 4801 4272 4844; x_wconf 90' lang='lat' dir='ltr'>nam</span> <span class='ocrx_word' id='word_1_687' title='bbox 4327 4802 4413 4845; x_wconf 86' lang='lat' dir='ltr'>ex</span> 
     </span>
     <span class='ocr_line' id='line_1_100' title="bbox 2462 4861 4415 4951; baseline -0.001 -18"><span class='ocrx_word' id='word_1_688' title='bbox 2462 4867 2787 4951; x_wconf 87' lang='lat' dir='ltr'>Hageuoa</span> <span class='ocrx_word' id='word_1_689' title='bbox 2827 4875 3002 4932; x_wconf 89' lang='lat' dir='ltr'>sunt.</span> <span class='ocrx_word' id='word_1_690' title='bbox 3089 4865 3441 4930; x_wconf 83' lang='lat' dir='ltr'>Putassem</span> <span class='ocrx_word' id='word_1_691' title='bbox 3482 4885 3568 4929; x_wconf 86' lang='lat' dir='ltr'>ex</span> <span class='ocrx_word' id='word_1_692' title='bbox 3611 4861 4002 4929; x_wconf 83' lang='lat' dir='ltr'>Constantia</span> <span class='ocrx_word' id='word_1_693' title='bbox 4042 4872 4110 4929; x_wconf 89' lang='lat' dir='ltr'>te</span> <span class='ocrx_word' id='word_1_694' title='bbox 4152 4866 4415 4932; x_wconf 83' lang='lat' dir='ltr'>novisse</span> 
     </span>
     <span class='ocr_line' id='line_1_101' title="bbox 2464 4948 4416 5036; baseline 0 -18"><span class='ocrx_word' id='word_1_695' title='bbox 2464 4953 2630 5018; x_wconf 82' lang='lat' dir='ltr'>haec</span> <span class='ocrx_word' id='word_1_696' title='bbox 2679 4955 2817 5018; x_wconf 87' lang='lat' dir='ltr'>iam</span> <span class='ocrx_word' id='word_1_697' title='bbox 2868 4951 3140 5036; x_wconf 88' lang='lat' dir='ltr'>pridem.</span> <span class='ocrx_word' id='word_1_698' title='bbox 3228 4948 3400 5015; x_wconf 81' lang='lat' dir='ltr'>Vale</span> <span class='ocrx_word' id='word_1_699' title='bbox 3459 4970 3609 5013; x_wconf 91' lang='lat' dir='ltr'>cum</span> <span class='ocrx_word' id='word_1_700' title='bbox 3661 4950 3798 5014; x_wconf 86' lang='lat' dir='ltr'>tuis</span> <span class='ocrx_word' id='word_1_701' title='bbox 3852 4951 3926 5014; x_wconf 90' lang='lat' dir='ltr'>iu</span> <span class='ocrx_word' id='word_1_702' title='bbox 3970 4948 4286 5031; x_wconf 85' lang='lat' dir='ltr'>Domino,</span> <span class='ocrx_word' id='word_1_703' title='bbox 4344 4963 4416 5018; x_wconf 88' lang='lat' dir='ltr'>et</span> 
     </span>
    </p>

    <p class='ocr_par' dir='ltr' id='par_1_14' title="bbox 2512 5033 4418 5208">
     <span class='ocr_line' id='line_1_102' title="bbox 2512 5033 4418 5105; baseline 0 0"><span class='ocrx_word' id='word_1_704' title='bbox 2512 5060 2661 5105; x_wconf 88' lang='lat' dir='ltr'>arce</span> <span class='ocrx_word' id='word_1_705' title='bbox 2729 5038 2882 5105; x_wconf 85' lang='lat' dir='ltr'>stilo</span> <span class='ocrx_word' id='word_1_706' title='bbox 2957 5036 3313 5102; x_wconf 89' lang='lat' dir='ltr'>celerrimo.</span> <span class='ocrx_word' id='word_1_707' title='bbox 3435 5033 3627 5101; x_wconf 88' lang='lat' dir='ltr'>Ursit</span> <span class='ocrx_word' id='word_1_708' title='bbox 3692 5036 3870 5100; x_wconf 89' lang='lat' dir='ltr'>enim</span> <span class='ocrx_word' id='word_1_709' title='bbox 3945 5055 4051 5100; x_wconf 89' lang='lat' dir='ltr'>me</span> <span class='ocrx_word' id='word_1_710' title='bbox 4126 5036 4418 5105; x_wconf 86' lang='lat' dir='ltr'>tabellio.</span> 
     </span>
     <span class='ocr_line' id='line_1_103' title="bbox 2530 5122 3670 5208; baseline -0.007 -16"><span class='ocrx_word' id='word_1_711' title='bbox 2530 5124 2787 5203; x_wconf 80' lang='lat' dir='ltr'>asileae,</span> <span class='ocrx_word' id='word_1_712' title='bbox 2833 5127 2888 5188; x_wconf 88' lang='lat'>3.</span> <span class='ocrx_word' id='word_1_713' title='bbox 2935 5122 3221 5208; x_wconf 84' lang='lat' dir='ltr'>Augusti</span> <span class='ocrx_word' id='word_1_714' title='bbox 3265 5141 3438 5187; x_wconf 88' lang='lat' dir='ltr'>anno</span> <span class='ocrx_word' id='word_1_715' title='bbox 3489 5123 3670 5185; x_wconf 81' lang='lat'>1540.</span> 
     </span>
    </p>
   </div>
   <div class='ocr_carea' id='block_1_14' title="bbox 3313 5255 4326 5463">
    <p class='ocr_par' dir='ltr' id='par_1_15' title="bbox 3313 5255 4326 5463">
     <span class='ocr_line' id='line_1_104' title="bbox 3313 5255 4326 5342; baseline 0.003 -18"><span class='ocrx_word' id='word_1_716' title='bbox 3313 5255 3429 5324; x_wconf 88' lang='lat' dir='ltr'>Os.</span> <span class='ocrx_word' id='word_1_717' title='bbox 3475 5256 3824 5342; x_wconf 80' lang='lat' dir='ltr'>Myconius</span> <span class='ocrx_word' id='word_1_718' title='bbox 3869 5255 3988 5320; x_wconf 90' lang='lat' dir='ltr'>tibi</span> <span class='ocrx_word' id='word_1_719' title='bbox 4033 5257 4326 5326; x_wconf 80' lang='lat' dir='ltr'>devotus.</span> 
     </span>
     <span class='ocr_line' id='line_1_105' title="bbox 3935 5407 4114 5463; baseline 0 0"><span class='ocrx_word' id='word_1_720' title='bbox 3935 5408 4002 5463; x_wconf 82' lang='lat'>5·</span> <span class='ocrx_word' id='word_1_721' title='bbox 4101 5407 4114 5420; x_wconf 82' lang='lat'><strong>&#39;</strong></span> 
     </span>
    </p>
   </div>
   <div class='ocr_carea' id='block_1_15' title="bbox 2454 3924 3041 4077">
    <p class='ocr_par' dir='ltr' id='par_1_16' title="bbox 2454 3924 3041 4077">
     <span class='ocr_line' id='line_1_106' title="bbox 2454 3924 3041 4025; baseline 0 -34"><span class='ocrx_word' id='word_1_722' title='bbox 2454 3925 2700 4025; x_wconf 78' lang='lat' dir='ltr'>referre</span> <span class='ocrx_word' id='word_1_723' title='bbox 2743 3924 2827 3991; x_wconf 90' lang='lat' dir='ltr'>ad</span> <span class='ocrx_word' id='word_1_724' title='bbox 2870 3946 3041 3992; x_wconf 77' lang='lat' dir='ltr'>suos·</span> 
     </span>
     <span class='ocr_line' id='line_1_107' title="bbox 2454 4022 2761 4077; baseline 0 0"><span class='ocrx_word' id='word_1_725' title='bbox 2454 4031 2551 4077; x_wconf 66' lang='lat' dir='ltr'>sss</span> <span class='ocrx_word' id='word_1_726' title='bbox 2604 4022 2671 4076; x_wconf 90' lang='lat' dir='ltr'>et</span> <span class='ocrx_word' id='word_1_727' title='bbox 2724 4034 2761 4077; x_wconf 93' lang='lat' dir='ltr'>e</span> 
     </span>
    </p>
   </div>
   <div class='ocr_carea' id='block_1_16' title="bbox 3237 5383 3644 5395">
    <p class='ocr_par' dir='ltr' id='par_1_17' title="bbox 3237 5383 3644 5395">
     <span class='ocr_line' id='line_1_108' title="bbox 3237 5383 3644 5395; baseline 0 772"><span class='ocrx_word' id='word_1_728' title='bbox 3237 5383 3644 5395; x_wconf 95' lang='lat' dir='ltr'> </span> 
     </span>
    </p>
   </div>
  </div>
 </body>
</html>
