5050 6167
561 439 568 446 ·
678 403 804 467 499

679 586 915 654 Neutri
962 587 1043 653 de
1100 595 1167 654 te
1223 588 1578 672 quidquam
1634 588 1890 657 sinistri
1947 593 2017 657 in
2074 602 2360 660 mentem
2422 595 2628 675 venit,

679 681 1014 758 utcunque
1055 694 1098 739 a
1155 674 1364 741 Vireto
1408 675 1642 743 offensi
1686 678 1834 743 sint.

2055 766 2129 830 T.
2176 764 2541 833 Sultzerus.

1576 1138 1729 1211 446.

1170 1275 1630 1344 CALVINUS
1676 1277 2127 1346 MYCONIO.

849 1446 1100 1513 Literae
1140 1449 1683 1514 commendatitiae.

677 1616 783 1683 (Ex
818 1619 1131 1687 apographo
1170 1619 1302 1674 Bibl.
1350 1620 1500 1674 civic.
1538 1620 1845 1675 Turiceusis
1889 1623 1948 1675 F.
1987 1620 2056 1675 59
2103 1623 2232 1676 olim
2267 1622 2351 1690 24,
2387 1624 2479 1678 fol.
2516 1622 2621 1677 382

833 1769 834 1772 Ἴ
1111 1688 1256 1756 quod
1292 1705 1427 1742 saec.
1465 1689 1652 1744 XVII.
1689 1690 1887 1744 factum
1925 1690 2182 1759 videtur.)

672 1890 801 1955 Dn.
829 1889 1136 1957 Oswaldo
1173 1881 1478 1978 Myconio
1512 1896 1910 1963 Basileensis
1954 1899 2262 1964 ecclesiae
2304 1898 2617 1965 fidissimo

671 1977 918 2060 pastori
961 1978 1146 2080 fratri
1185 1980 1347 2044 mihi
1383 1982 1448 2044 in
1472 1981 1739 2048 Christo
1783 1983 2139 2066 plurimum
2186 1985 2613 2052 observando.

839 2113 909 2180 S.
975 2115 1105 2181 Hic
1147 2117 1404 2184 iuvenis
1461 2120 1865 2204 propinquus
1921 2132 2020 2186 est
2064 2122 2350 2188 ministri
2395 2123 2614 2188 cuius-

669 2198 817 2265 dam
860 2220 1140 2283 quocum
1195 2204 1357 2267 mihi
1417 2226 1658 2289 magna
1713 2216 1813 2271 est
1867 2206 2293 2273 familiaritas.
2395 2209 2465 2273 Is
2509 2231 2616 2274 me

666 2285 1093 2352 vehementer
1146 2310 1261 2371 per
1315 2290 1667 2356 amicitiam
1729 2300 2019 2358 nostram
2078 2296 2338 2377 rogavit
2376 2304 2452 2359 ut
2495 2295 2616 2362 has

664 2372 784 2438 tibi
828 2373 1197 2449 scriberem,
1244 2376 1478 2457 quibus
1515 2377 1631 2442 tibi
1667 2377 2191 2445 commendarem
2236 2402 2426 2445 suum
2465 2402 2614 2463 pro-

663 2459 981 2541 pinquum
1024 2459 1091 2523 in
1136 2481 1334 2527 causa
1379 2462 1669 2528 honesta.
1779 2464 1962 2530 Fecit
2002 2465 2073 2529 in
2117 2465 2323 2538 literis
2367 2467 2613 2531 medio·

662 2565 803 2609 cres
847 2564 1265 2629 progressus,
1318 2559 1386 2611 ct
1441 2550 1594 2630 quia
1652 2548 1909 2614 videtur
1965 2571 2097 2615 nou
2158 2553 2416 2635 ineptus
2470 2575 2612 2618 esse

661 2628 742 2694 ad
787 2632 1101 2696 maiorem
1146 2633 1508 2715 profectum
1553 2636 1610 2699 si
1654 2645 1918 2720 pergat,
1977 2638 2158 2721 cupit
2214 2659 2366 2702 eum
2410 2640 2612 2703 frater

659 2714 769 2780 ille
814 2728 1037 2782 noster
1078 2718 1358 2784 ulterius
1398 2740 1803 2801 promovere.
1893 2721 2028 2786 Sed
2083 2723 2236 2805 quia
2294 2745 2413 2789 nec
2471 2725 2610 2807 ipse

659 2799 1007 2867 admodum
1053 2803 1235 2869 dives
1272 2817 1388 2880 est,
1434 2815 1500 2869 et
1537 2827 1702 2887 puer
1736 2808 1947 2891 magis
1983 2806 2197 2875 adhuc
2235 2821 2337 2875 est
2371 2811 2607 2889 tenuis,

658 2908 791 2951 non
835 2897 1048 2970 potest
1090 2889 1261 2972 quod
1304 2896 1488 2974 optat
1521 2891 1814 2957 obtinere
1859 2894 1985 2957 nisi
2021 2895 2285 2960 aliunde
2330 2896 2607 2961 adiutus.

657 2974 837 3058 Ergo
883 2976 940 3040 si
984 2977 1345 3058 patrocinio
1407 2987 1516 3042 tuo
1572 2976 1835 3043 adiutus
1880 2979 2207 3062 publicam
2253 2982 2399 3048 istic
2442 2983 2608 3047 elee-

655 3079 1002 3146 mosynam
1055 3062 1410 3144 impetrare
1468 3077 1715 3145 posset,
1772 3073 1929 3131 tunc
1973 3066 2056 3130 ad
2113 3066 2365 3150 reliqua
2423 3070 2606 3133 suffi-

655 3156 845 3212 ceret.
912 3146 1203 3212 Habebit
1243 3149 1421 3212 enim
1455 3148 1704 3232 aliquid
1747 3152 2062 3233 pecuniae
2097 3174 2302 3235 quum
2337 3154 2420 3219 ad
2456 3153 2609 3219 hos·

655 3231 892 3314 pitium
935 3231 1463 3313 conducendum,
1525 3244 1668 3299 tum
1723 3236 1807 3301 ad
1859 3236 2059 3304 libros
2118 3240 2604 3323 comparandos,

653 3316 942 3383 Proinde
985 3319 1203 3400 quoad
1255 3319 1395 3385 sine
1449 3329 1563 3386 tua
1620 3322 1922 3387 molestia
1966 3333 2032 3388 et
2077 3324 2607 3390 incommoditate

653 3401 905 3482 licebit,
963 3413 1114 3486 peto
1172 3404 1286 3469 abs
1345 3413 1410 3471 te
1464 3415 1540 3471 ut
1598 3428 1748 3472 eum
1805 3408 1877 3472 in
1921 3430 2134 3475 meam
2180 3413 2460 3494 gratiam
2505 3411 2606 3476 iu-

655 3507 809 3553 vare
855 3488 1034 3555 velis.
1125 3491 1296 3554 Nam
1342 3513 1542 3574 quum
1598 3492 1808 3558 bonae
1852 3496 1938 3559 sit
1980 3496 2252 3575 indolis,
2310 3519 2458 3580 spes
2508 3505 2608 3562 est

651 3594 805 3638 eum
862 3574 1210 3658 aliquando
1271 3577 1502 3642 utilem
1569 3579 1705 3644 fore
1762 3581 2069 3648 ecclesiae
2126 3582 2285 3659 Dei,
2359 3583 2472 3647 ubi
2534 3585 2601 3648 in

603 3707 612 3713 -
651 3659 874 3726 schola
928 3670 1152 3727 vestra
1204 3663 1401 3727 fucrit
1467 3665 1827 3730 institutus.
1917 3667 2100 3732 Bene
2171 3667 2349 3747 vale,
2402 3670 2606 3734 frater

651 3748 814 3812 mihi
869 3746 1228 3831 plurimum
1285 3750 1356 3813 in
1401 3749 1690 3816 Domino
1745 3750 2169 3819 observande.
2271 3755 2603 3821 Dominus

651 3843 716 3897 to
760 3842 826 3898 et
885 3842 1030 3899 tuos
1084 3854 1311 3899 omnes
1355 3847 1712 3903 conservet.
1806 3838 2119 3905 Genevae
2161 3838 2372 3922 pridie
2416 3839 2604 3906 eidus

651 3918 998 3983 Ianuarias
1051 3924 1229 3985 1:³43.

1661 4010 1946 4076 Ioannes
1987 4009 2303 4077 Calvinus
2347 4020 2515 4077 tuus.

1549 4367 1699 4438 447.

907 4431 1448 4572 VEALVINUS
1493 4505 2266 4575 MELANCHTHONI.

819 4674 1084 4740 Dedicat
1141 4679 1200 4741 ei
1257 4676 1487 4742 librum
1534 4679 1840 4745 adversus
1903 4678 2205 4764 Piyhium
2274 4679 2351 4745 de
2407 4680 2598 4749 libero

645 4762 906 4828 arbitrio
946 4764 1264 4844 scriptum.
2491 4837 2535 4844 ῃ
2544 4764 2569 4844 J

648 4933 957 4992 ‹Edidimus
992 4933 1130 4986 hano
1176 4949 1205 4986 6
1247 4935 1460 4987 istolam
1498 4935 1637 5005 opp.
1676 4937 1799 4991 Vol.
1838 4936 1936 4991 Vl.
1971 4954 2025 5006 p.
2061 4935 2191 5002 2⁶29,
2240 4936 2311 4994 cf.
2347 4936 2594 5008 Prolegg.

645 5021 696 5070 p.
733 5003 895 5068 xxiii,
943 5003 1038 5055 ubi
1074 5003 1143 5055 ad
1226 5003 1348 5055 dem
1387 5005 1682 5059 editionum
1721 5022 1962 5059 mensem
1998 5005 2049 5058 ei
2085 5005 2321 5058 natalem
2356 5007 2595 5062 Februa-

645 5073 779 5124 rium
815 5073 1220 5141 assignavimus.
1307 5073 1513 5126 Verum
1563 5091 1687 5128 mox
1738 5075 1912 5145 pridie
1958 5074 2067 5129 Cal.
2117 5074 2278 5129 Febr.
2314 5075 2594 5130 Sulzerum

643 5140 922 5195 audiemus
956 5141 1182 5194 Calvino
1229 5142 1434 5210 gratias
1482 5149 1729 5211 agentem
1777 5144 1845 5197 de
1898 5145 2216 5199 transmisso
2262 5144 2365 5197 sibi
2413 5162 2593 5200 exem·

643 5209 809 5276 plari,
856 5217 912 5263 et
948 5211 1121 5280 ipsum
1159 5219 1404 5263 autorem
1443 5211 1495 5263 d.
1539 5211 1612 5265 16.
1653 5214 1812 5266 Febr.
1849 5213 1921 5265 ad
1957 5213 2427 5267 Melanchthonem
2462 5215 2594 5268 scri·

643 5281 860 5331 bentem
898 5295 956 5332 se
991 5294 1173 5348 nuper
1208 5280 1256 5332 ei
1305 5280 1451 5331 illum
1502 5280 1700 5334 librum
1745 5282 1971 5337 dicasse.
2051 5282 2279 5352 Incipit:
2329 5282 2463 5338 Etsi
2493 5297 2596 5339 nec

1292 5347 1575 5416 singulare
1606 5349 1748 5404 alud
1779 5351 1944 5419 caet.)

2215 403 2742 473 EPISTOLAE
2787 406 3128 469 445—450

4553 406 4668 470 500

3626 588 3782 660 448.

3162 743 3561 813 GAS'I'IUS
3601 742 4236 812 BULLINGERO.

2903 916 3278 984 Bibliandri
3320 916 3705 983 Alooranum
3763 916 3893 982 iam
3949 915 4198 1000 vuzyari
4230 917 4528 998 permisit
4568 915 4675 982 Se-

2730 1009 2941 1083 natu-3,
2983 1004 3093 1070 sod
3136 1003 3402 1081 invita-3,
3459 1007 3516 1067 et
3551 1001 4078 1068 concionatoribus
4132 1022 4208 1067 ne
4249 1003 4326 1068 de
4369 1023 4435 1069 eo
4479 1001 4673 1084 loquo-

2729 1093 2948 1155 renlnr
2989 1109 3192 1155 severe
3241 1088 3582 1154 interdixit.

2727 1259 2835 1328 (Ex
2870 1259 3207 1330 autographo
3243 1259 3410 1313 Arch.
3447 1258 3621 1312 Turio.
3659 1259 3801 1313 Plut.
3841 1258 3940 1312 VI.
3979 1258 4103 1313 Vol.
4133 1256 4251 1326 156,
4289 1259 4418 1313 olim
4455 1260 4518 1313 B.
4555 1274 4676 1329 epp.

3166 1327 3229 1382 T.
3265 1326 3349 1394 34,
3386 1327 3477 1382 fol.
3513 1325 3634 1383 241.
3703 1327 3916 1382 Simler.
3953 1327 4078 1381 Vol.
4116 1327 4230 1393 56.)

2894 1518 2979 1583 D.
3047 1517 3414 1584 Heinricho
3486 1515 3871 1601 Bullingero
3944 1516 4305 1601 Tigurinae
4370 1514 4674 1583 ecclesiae

2722 1602 3230 1687 vigilantissimo
3273 1602 3516 1685 pastori

4056 1708 4137 1751 zu
4180 1687 4441 1753 Ziirich.

2723 1859 4665 1873 —————-—————-——--

2893 1907 3292 1975 Alcoranum
3320 1909 3366 1993 ¹)
3411 1919 3512 1973 est
3546 1909 3895 1974 liberatum
3941 1917 4089 1992 post
4129 1909 4373 1974 multas
4417 1910 4674 1976 consul·

2721 1996 3021 2073 tationes,
3064 2017 3185 2061 nec
3230 2007 3449 2060 tamen
3476 1993 3686 2061 Satan
3722 1995 4032 2078 quiescit·
4084 1994 4418 2070 Marcum
4453 1996 4673 2061 locum

2721 2080 2800 2146 de
2843 2081 3156 2145 thesauro
3202 2080 3580 2147 abscondito
3614 2081 3681 2145 in
3728 2101 3886 2164 agro
3903 2084 3958 2160 ³)
4007 2091 4110 2146 sat
4145 2081 4374 2147 dextre
4410 2083 4481 2145 in
4517 2102 4673 2147 con-

2720 2166 2908 2232 cione
2950 2167 3215 2250 publica
3254 2166 3562 2232 tractavit
3608 2166 3918 2231 Alcorani
3953 2166 4355 2232 mentionem
4400 2167 4669 2233 habens.

2719 2251 2896 2333 Quid
2954 2251 3245 2317 factum?
3348 2253 3480 2316 Per
3536 2252 3863 2317 consulem
3921 2263 4188 2318 vocatus
4251 2272 4466 2317 coram
4538 2263 4674 2318 toto

2718 2349 2952 2403 senatu
2997 2340 3315 2402 rationem
3373 2337 3529 2403 dare
3587 2349 3846 2403 coactus
3900 2338 4076 2404 illius
4135 2338 4292 2402 dicti
4352 2338 4431 2404 de
4476 2339 4674 2405 Alco·

2719 2444 2895 2489 rano,
2985 2424 3131 2488 Hoc
3176 2445 3335 2499 esse,
3395 2422 3721 2498 dixerunt,
3769 2435 4034 2488 senatus
4076 2424 4335 2489 decreta
4376 2436 4673 2490 contem-

2718 2532 2893 2587 nere,
2949 2509 3265 2593 populum
3325 2530 3761 2585 commovere,
3816 2509 4040 2575 doctos
4099 2511 4361 2575 scholae
4404 2531 4673 2576 exacer-

2717 2598 2898 2673 bare,
2969 2596 3121 2662 odia
3184 2596 3355 2659 inter
3412 2596 3645 2660 fratres
3690 2617 3933 2672 serere,
3999 2604 4103 2659 sat
4167 2595 4672 2660 altercationum

2715 2682 3034 2748 hactenus
3078 2681 3403 2746 habuisse.
3472 2681 3579 2744 En
3619 2682 4085 2746 conscientiam
4127 2680 4298 2745 male
4342 2681 4466 2746 sibi
4511 2702 4672 2748 con-

2715 2770 2932 2832 sciam.
3036 2766 3263 2832 Dices:
3332 2766 3644 2849 quidnam
3716 2766 3884 2831 dixit
3942 2765 4256 2832 Marcus?
4358 2766 4517 2831 Man
4578 2768 4674 2834 sol

2720 2856 2840 2918 θοι
2890 2853 3059 2918 loben
3112 2853 3233 2918 das
3291 2853 3402 2916 der
3447 2853 3728 2919 Alcoran
3780 2853 3910 2935 siqe
3967 2873 4051 2917 an
4105 2857 4210 2935 tay
4263 2853 4541 2917 kommen
4586 2874 4671 2918 zu

2713 2957 2943 3003 onsern
2986 2940 3193 3003 tetsten
3234 2939 3421 3003 zitten
3453 2938 3647 3002 darin
3704 2958 3852 3002 man
3895 2937 4030 3004 sich
4072 2939 4140 3001 in
4184 2958 4316 3004 was
4358 2939 4522 3003 irsal
4568 2941 4671 3005 die

2713 3025 2942 3090 tncken
2989 3025 3165 3108 siyen·
3212 3024 3503 3088 stockenn.
3604 3023 3750 3089 Hoc
3806 3021 4049 3088 excidit
4105 3022 4279 3106 quod
4324 3033 4458 3088 tam
4519 3047 4668 3108 pes·

2712 3111 2874 3175 simo
2917 3109 3063 3175 illos
3117 3119 3373 3175 nostros
3422 3108 3634 3174 habet.
3726 3110 3958 3175 Vocati
4017 3130 4242 3175 sumus
4296 3110 4503 3176 altera
4562 3110 4667 3175 die

2711 3216 2939 3261 omnes
2981 3203 3297 3278 quotquot
3348 3195 3712 3259 ministerio
3769 3193 3950 3260 verbi
3994 3204 4322 3277 praesunt.
4412 3195 4669 3264 Decre-

2711 3290 2853 3345 tum
2897 3282 3296 3364 praelectum
3332 3302 3416 3345 ne
3450 3281 3596 3363 quis
3622 3281 3929 3345 Alcorani
3965 3282 4365 3346 mentionem
4400 3282 4667 3365 publice

2711 3369 2780 3432 in
2824 3376 3035 3432 rostro
3081 3367 3333 3444 habeat,
3379 3372 3496 3429 aut
3536 3365 4013 3448 implacabilem
4049 3376 4352 3432 senatum
4397 3368 4668 3433 habitu-

2710 3474 2874 3518 rum.
2966 3452 3405 3518 Discessimus
3448 3472 3583 3516 non
3627 3453 3770 3517 sine
3828 3452 4282 3529 admiratione,
4341 3454 4464 3519 etsi
4512 3455 4664 3519 falsi

2708 3538 2942 3604 fratres
2985 3538 3193 3604 nostri
3237 3537 3484 3602 alacres
3528 3536 3840 3616 abierint,
3900 3549 4123 3621 utpote
4180 3549 4438 3605 autores
4481 3540 4668 3605 illius

2710 3622 2969 3690 decreti.
3037 3624 3223 3688 Haec
3261 3622 3437 3687 volui
3474 3624 3697 3705 paucis
3731 3623 3850 3688 tibi
3887 3626 4380 3690 communicare.
4446 3626 4667 3690 Rum-

2708 3718 2953 3792 pantur
2996 3716 3063 3774 et
3106 3709 3387 3793 ringant,
3431 3708 3564 3772 imo
3609 3708 3852 3773 latrent
3892 3730 4074 3774 more
4118 3732 4372 3776 canum.
4461 3713 4666 3778 Alco-

2709 3816 2945 3859 ranum
2991 3792 3187 3859 habet
3236 3794 3554 3875 Oporinus
3594 3794 3928 3879 integrum
3972 3805 4039 3860 et
4073 3796 4386 3861 illaesum.
4472 3796 4664 3872 Vale,

2707 3889 2776 3947 et
2804 3880 3189 3947 Theodorum
3231 3900 3375 3945 meo
3418 3882 3683 3946 nomine
3728 3881 4058 3947 salutabis.
4128 3885 4228 3947 25.
4266 3882 4667 3965 Ianuarii.⁴)

3631 4019 3813 4083 Tuus
3859 4018 4132 4084 Gastius
4175 4039 4259 4083 ex
4304 4019 4548 4085 animo,

2738 4270 2867 4331 448.
2903 4272 2960 4336 1)
3000 4271 3088 4325 De
3131 4272 3342 4340 neyotio
3387 4271 3486 4325 hoc
3532 4273 3801 4328 Alcorani
3849 4274 4018 4327 latine
4065 4289 4101 4327 a
4149 4273 4476 4327 Bibliandro
4524 4274 4667 4329 editi

2710 4341 2956 4409 Oporino
2988 4341 3350 4408 ministrante,
3383 4341 3508 4394 vide
3542 4342 3707 4397 huius
3749 4359 3828 4411 ep.
3881 4341 3959 4396 ad
3997 4342 4281 4396 Calvinum
4331 4342 4404 4396 N.
4450 4341 4575 4410 435,
4615 4348 4667 4398 et

2704 4425 2839 4480 quos
2873 4410 2952 4465 ibi
2985 4412 3351 4479 alleqavimus.

2706 4546 2774 4602 N
2817 4477 2961 4602 4012)
2997 4479 3229 4598 Bergine
3262 4478 3596 4549 (Bertechy),
3660 4480 3716 4533 V.
3756 4478 3830 4532 D.
3887 4478 3969 4532 M.
4019 4477 4385 4548 Easdemne,
4432 4479 4501 4533 de
4551 4493 4664 4550 quo

2768 4587 2781 4601 .
2922 4589 2937 4613 ,
2974 4553 3085 4604 not.
3155 4584 3167 4599 .

2906 4616 2966 4677 3)
3004 4617 3192 4671 Mami.
3228 4614 3310 4684 13,
3345 4613 3430 4669 44.

2904 4684 2964 4751 4)
3005 4685 3078 4739 In
3112 4701 3262 4739 anno
3296 4683 3602 4749 definiendo
3638 4684 3846 4738 erravit
3881 4683 4145 4739 Simlerus
4177 4687 4278 4756 qui
4307 4685 4454 4741 hanc
4490 4687 4573 4740 ad
4606 4701 4663 4742 a.

2709 4751 2840 4807 1545
2889 4753 3071 4819 refert.
3160 4751 3381 4808 Constat
3430 4751 3685 4807 Senatum
3735 4753 4099 4808 Basileon-sem
4117 4796 4131 4820 ,
4250 4755 4275 4806 i
4317 4754 4662 4810 Almranma

2699 4823 2791 4876 edi
2824 4829 3078 4890 vetuerat,
3107 4829 3298 4891 postea
3332 4838 3399 4876 ea.-
3431 4821 3642 4877 decreto
3676 4820 3730 4875 d.
3776 4820 3860 4874 11.
3899 4822 4026 4877 Ian.
4078 4823 4103 4875 1
4256 4820 4499 4890 Oporino
4533 4839 4661 4892 per·

2699 4892 2911 4945 misisse
2960 4897 3021 4945 ut
3072 4907 3191 4945 eum
3249 4892 3509 4960 vuzqaret.
3604 4888 3762 4957 Quod
3819 4891 4046 4948 Gauius
4096 4899 4157 4946 ut
4207 4907 4383 4960 nuper
4442 4892 4660 4960 factum

2703 4961 3022 5030 Ballinqero
3055 4960 3299 5015 nunciat.
