<?xml version="1.0" encoding="UTF-8"?>
<!DOCTYPE html PUBLIC "-//W3C//DTD XHTML 1.0 Transitional//EN"
    "http://www.w3.org/TR/xhtml1/DTD/xhtml1-transitional.dtd">
<html xmlns="http://www.w3.org/1999/xhtml" xml:lang="en" lang="en">
 <head>
  <title>
</title>
<meta http-equiv="Content-Type" content="text/html;charset=utf-8" />
  <meta name='ocr-system' content='tesseract 3.04.00' />
  <meta name='ocr-capabilities' content='ocr_page ocr_carea ocr_par ocr_line ocrx_word'/>
</head>
<body>
  <div class='ocr_page' id='page_1' title='image "./ioanniscalvinio13unkngoog_0087.png"; bbox 0 0 5050 6167; ppageno 0'>
   <div class='ocr_carea' id='block_1_1' title="bbox 50 63 66 2032">
    <p class='ocr_par' dir='ltr' id='par_1_1' title="bbox 50 63 66 2032">
     <span class='ocr_line' id='line_1_1' title="bbox 50 63 66 2032; baseline 0 0"><span class='ocrx_word' id='word_1_1' title='bbox 50 63 66 2032; x_wconf 95' lang='lat' dir='ltr'><strong> </strong></span> 
     </span>
    </p>
   </div>
   <div class='ocr_carea' id='block_1_2' title="bbox 53 4541 62 5386">
    <p class='ocr_par' dir='ltr' id='par_1_2' title="bbox 53 4541 62 5386">
     <span class='ocr_line' id='line_1_2' title="bbox 53 4541 62 5386; baseline 0 0"><span class='ocrx_word' id='word_1_2' title='bbox 53 4541 62 5386; x_wconf 95' lang='lat' dir='ltr'><strong> </strong></span> 
     </span>
    </p>
   </div>
   <div class='ocr_carea' id='block_1_3' title="bbox 389 437 504 501">
    <p class='ocr_par' dir='ltr' id='par_1_3' title="bbox 389 437 504 501">
     <span class='ocr_line' id='line_1_3' title="bbox 389 437 504 501; baseline 0.017 -2"><span class='ocrx_word' id='word_1_3' title='bbox 389 437 504 501; x_wconf 78' lang='lat'><strong>149</strong></span> 
     </span>
    </p>
   </div>
   <div class='ocr_carea' id='block_1_4' title="bbox 372 618 2340 2493">
    <p class='ocr_par' dir='ltr' id='par_1_4' title="bbox 372 618 2340 2423">
     <span class='ocr_line' id='line_1_4' title="bbox 379 618 2335 705; baseline 0.001 -19"><span class='ocrx_word' id='word_1_4' title='bbox 379 621 625 699; x_wconf 79' lang='lat' dir='ltr'><strong>virum,</strong></span> <span class='ocrx_word' id='word_1_5' title='bbox 689 618 944 687; x_wconf 71' lang='lat' dir='ltr'><strong>Ohrinfi</strong></span> <span class='ocrx_word' id='word_1_6' title='bbox 1006 620 1386 687; x_wconf 81' lang='lat' dir='ltr'><strong>ministrum</strong></span> <span class='ocrx_word' id='word_1_7' title='bbox 1450 619 1780 690; x_wconf 78' lang='lat' dir='ltr'><strong>volumus.</strong></span> <span class='ocrx_word' id='word_1_8' title='bbox 1868 619 2065 702; x_wconf 71' lang='lat' dir='ltr'><strong>Quod</strong></span> <span class='ocrx_word' id='word_1_9' title='bbox 2127 641 2335 705; x_wconf 88' lang='lat' dir='ltr'><strong>quum</strong></span> 
     </span>
     <span class='ocr_line' id='line_1_5' title="bbox 378 705 2336 790; baseline 0.001 -18"><span class='ocrx_word' id='word_1_10' title='bbox 378 706 851 774; x_wconf 64' lang='lat' dir='ltr'><strong>intellexissem</strong></span> <span class='ocrx_word' id='word_1_11' title='bbox 875 728 1008 772; x_wconf 90' lang='lat' dir='ltr'><strong>non</strong></span> <span class='ocrx_word' id='word_1_12' title='bbox 1042 708 1228 789; x_wconf 89' lang='lat' dir='ltr'><strong>potui</strong></span> <span class='ocrx_word' id='word_1_13' title='bbox 1261 728 1395 773; x_wconf 90' lang='lat' dir='ltr'><strong>non</strong></span> <span class='ocrx_word' id='word_1_14' title='bbox 1430 705 1705 773; x_wconf 79' lang='lat' dir='ltr'><strong>laudare</strong></span> <span class='ocrx_word' id='word_1_15' title='bbox 1741 707 1979 784; x_wconf 82' lang='lat' dir='ltr'><strong>Deum,</strong></span> <span class='ocrx_word' id='word_1_16' title='bbox 2016 706 2336 790; x_wconf 82' lang='lat' dir='ltr'><strong>aliterque</strong></span> 
     </span>
     <span class='ocr_line' id='line_1_6' title="bbox 376 790 2333 876; baseline -0.001 -18"><span class='ocrx_word' id='word_1_17' title='bbox 376 792 666 858; x_wconf 82' lang='lat' dir='ltr'><strong>iudicare</strong></span> <span class='ocrx_word' id='word_1_18' title='bbox 707 813 910 876; x_wconf 83' lang='lat' dir='ltr'><strong>quam</strong></span> <span class='ocrx_word' id='word_1_19' title='bbox 952 792 1126 876; x_wconf 90' lang='lat' dir='ltr'><strong>quod</strong></span> <span class='ocrx_word' id='word_1_20' title='bbox 1185 815 1226 859; x_wconf 83' lang='lat' dir='ltr'><strong>a</strong></span> <span class='ocrx_word' id='word_1_21' title='bbox 1279 792 1568 859; x_wconf 90' lang='lat' dir='ltr'><strong>Domino</strong></span> <span class='ocrx_word' id='word_1_22' title='bbox 1626 800 1800 859; x_wconf 66' lang='lat' dir='ltr'><strong>efflet</strong></span> <span class='ocrx_word' id='word_1_23' title='bbox 1852 792 2097 857; x_wconf 85' lang='lat' dir='ltr'><strong>factum</strong></span> <span class='ocrx_word' id='word_1_24' title='bbox 2154 790 2333 857; x_wconf 84' lang='lat' dir='ltr'><strong>istud</strong></span> 
     </span>
     <span class='ocr_line' id='line_1_7' title="bbox 378 876 2334 964; baseline 0.001 -20"><span class='ocrx_word' id='word_1_25' title='bbox 378 886 641 945; x_wconf 85' lang='lat' dir='ltr'><strong>etesset</strong></span> <span class='ocrx_word' id='word_1_26' title='bbox 657 878 956 944; x_wconf 87' lang='lat' dir='ltr'><strong>mirabile</strong></span> <span class='ocrx_word' id='word_1_27' title='bbox 976 881 1048 943; x_wconf 87' lang='lat' dir='ltr'><strong>in</strong></span> <span class='ocrx_word' id='word_1_28' title='bbox 1070 879 1275 945; x_wconf 87' lang='lat' dir='ltr'><strong>oculis</strong></span> <span class='ocrx_word' id='word_1_29' title='bbox 1309 881 1571 955; x_wconf 88' lang='lat' dir='ltr'><strong>nostris,</strong></span> <span class='ocrx_word' id='word_1_30' title='bbox 1610 876 1912 964; x_wconf 85' lang='lat' dir='ltr'><strong>quodque</strong></span> <span class='ocrx_word' id='word_1_31' title='bbox 1945 876 2230 961; x_wconf 76' lang='lat' dir='ltr'><strong>lapidem</strong></span> <span class='ocrx_word' id='word_1_32' title='bbox 2254 879 2334 955; x_wconf 85' lang='lat'><strong>¹²)</strong></span> 
     </span>
     <span class='ocr_line' id='line_1_8' title="bbox 376 963 2332 1114; baseline -0.001 -83"><span class='ocrx_word' id='word_1_33' title='bbox 376 987 568 1114; x_wconf 38' lang='lat' dir='ltr'><strong>zm</strong></span> <span class='ocrx_word' id='word_1_34' title='bbox 610 966 1044 1048; x_wconf 73' lang='lat' dir='ltr'><strong>reprobarunt</strong></span> <span class='ocrx_word' id='word_1_35' title='bbox 1076 964 1495 1031; x_wconf 85' lang='lat' dir='ltr'><strong>aedificantes</strong></span> <span class='ocrx_word' id='word_1_36' title='bbox 1527 967 1597 1029; x_wconf 92' lang='lat' dir='ltr'><strong>in</strong></span> <span class='ocrx_word' id='word_1_37' title='bbox 1632 974 1831 1048; x_wconf 83' lang='lat' dir='ltr'><strong>caput</strong></span> <span class='ocrx_word' id='word_1_38' title='bbox 1866 963 2057 1029; x_wconf 87' lang='lat' dir='ltr'><strong>fleret</strong></span> <span class='ocrx_word' id='word_1_39' title='bbox 2088 964 2332 1049; x_wconf 80' lang='lat' dir='ltr'><strong>ang-uli.</strong></span> 
     </span>
     <span class='ocr_line' id='line_1_9' title="bbox 442 1049 2335 1135; baseline -0.001 -18"><span class='ocrx_word' id='word_1_40' title='bbox 442 1052 552 1118; x_wconf 89' lang='lat' dir='ltr'><strong>eni</strong></span> <span class='ocrx_word' id='word_1_41' title='bbox 594 1072 771 1135; x_wconf 77' lang='lat' dir='ltr'><strong>ergo,</strong></span> <span class='ocrx_word' id='word_1_42' title='bbox 813 1049 1195 1116; x_wconf 72' lang='lat' dir='ltr'><strong>venerande</strong></span> <span class='ocrx_word' id='word_1_43' title='bbox 1235 1052 1330 1115; x_wconf 89' lang='lat' dir='ltr'><strong>mi</strong></span> <span class='ocrx_word' id='word_1_44' title='bbox 1386 1059 1576 1135; x_wconf 87' lang='lat' dir='ltr'><strong>pater</strong></span> <span class='ocrx_word' id='word_1_45' title='bbox 1628 1052 1699 1116; x_wconf 91' lang='lat' dir='ltr'><strong>in</strong></span> <span class='ocrx_word' id='word_1_46' title='bbox 1755 1049 2048 1115; x_wconf 80' lang='lat' dir='ltr'><strong>Christo:</strong></span> <span class='ocrx_word' id='word_1_47' title='bbox 2109 1059 2335 1115; x_wconf 85' lang='lat' dir='ltr'><strong>noster</strong></span> 
     </span>
     <span class='ocr_line' id='line_1_10' title="bbox 377 1134 2333 1221; baseline -0.002 -17"><span class='ocrx_word' id='word_1_48' title='bbox 377 1158 447 1204; x_wconf 77' lang='lat' dir='ltr'><strong>es</strong></span> <span class='ocrx_word' id='word_1_49' title='bbox 488 1137 797 1221; x_wconf 83' lang='lat' dir='ltr'><strong>profecto.</strong></span> <span class='ocrx_word' id='word_1_50' title='bbox 896 1138 991 1202; x_wconf 74' lang='lat' dir='ltr'><strong>&#39;Pe</strong></span> <span class='ocrx_word' id='word_1_51' title='bbox 1030 1138 1211 1201; x_wconf 87' lang='lat' dir='ltr'><strong>enim</strong></span> <span class='ocrx_word' id='word_1_52' title='bbox 1252 1136 1446 1202; x_wconf 81' lang='lat' dir='ltr'><strong>nobis</strong></span> <span class='ocrx_word' id='word_1_53' title='bbox 1486 1136 1775 1215; x_wconf 81' lang='lat' dir='ltr'><strong>donavit,</strong></span> <span class='ocrx_word' id='word_1_54' title='bbox 1818 1143 1898 1201; x_wconf 94' lang='lat' dir='ltr'><strong>ut</strong></span> <span class='ocrx_word' id='word_1_55' title='bbox 1936 1135 2146 1211; x_wconf 83' lang='lat' dir='ltr'><strong>audis,</strong></span> <span class='ocrx_word' id='word_1_56' title='bbox 2193 1134 2333 1201; x_wconf 83' lang='lat' dir='ltr'><strong>Do·</strong></span> 
     </span>
     <span class='ocr_line' id='line_1_11' title="bbox 375 1221 2335 1306; baseline -0.001 -17"><span class='ocrx_word' id='word_1_57' title='bbox 375 1224 600 1289; x_wconf 82' lang='lat' dir='ltr'><strong>minus</strong></span> <span class='ocrx_word' id='word_1_58' title='bbox 620 1221 827 1288; x_wconf 88' lang='lat' dir='ltr'><strong>Deus.</strong></span> <span class='ocrx_word' id='word_1_59' title='bbox 894 1221 1251 1305; x_wconf 79' lang='lat' dir='ltr'><strong>Suspirant</strong></span> <span class='ocrx_word' id='word_1_60' title='bbox 1271 1223 1470 1287; x_wconf 83' lang='lat' dir='ltr'><strong>etiam</strong></span> <span class='ocrx_word' id='word_1_61' title='bbox 1492 1232 1646 1306; x_wconf 89' lang='lat' dir='ltr'><strong>post</strong></span> <span class='ocrx_word' id='word_1_62' title='bbox 1662 1230 1730 1287; x_wconf 87' lang='lat' dir='ltr'><strong>te</strong></span> <span class='ocrx_word' id='word_1_63' title='bbox 1752 1243 1995 1288; x_wconf 87' lang='lat' dir='ltr'><strong>omnes.</strong></span> <span class='ocrx_word' id='word_1_64' title='bbox 2060 1221 2335 1288; x_wconf 85' lang='lat' dir='ltr'><strong>Videbis</strong></span> 
     </span>
     <span class='ocr_line' id='line_1_12' title="bbox 374 1308 2333 1410; baseline -0.001 -36"><span class='ocrx_word' id='word_1_65' title='bbox 374 1331 572 1410; x_wconf 81' lang='lat' dir='ltr'><strong>quam</strong></span> <span class='ocrx_word' id='word_1_66' title='bbox 607 1315 839 1409; x_wconf 77' lang='lat' dir='ltr'><strong>gratus</strong></span> <span class='ocrx_word' id='word_1_67' title='bbox 873 1309 1072 1374; x_wconf 87' lang='lat' dir='ltr'><strong>fuerit</strong></span> <span class='ocrx_word' id='word_1_68' title='bbox 1105 1308 1433 1375; x_wconf 82' lang='lat' dir='ltr'><strong>adventus</strong></span> <span class='ocrx_word' id='word_1_69' title='bbox 1469 1317 1640 1409; x_wconf 47' lang='lat' dir='ltr'><strong>tuus·</strong></span> <span class='ocrx_word' id='word_1_70' title='bbox 1664 1308 1988 1386; x_wconf 90' lang='lat' dir='ltr'><strong>omnibus,</strong></span> <span class='ocrx_word' id='word_1_71' title='bbox 2025 1329 2224 1391; x_wconf 88' lang='lat' dir='ltr'><strong>quam</strong></span> <span class='ocrx_word' id='word_1_72' title='bbox 2244 1308 2333 1393; x_wconf 82' lang='lat'><strong>¹⁸)</strong></span> 
     </span>
     <span class='ocr_line' id='line_1_13' title="bbox 375 1392 2333 1581; baseline -0.001 -36"><span class='ocrx_word' id='word_1_73' title='bbox 375 1396 2047 1581; x_wconf 56' lang='lat' dir='ltr'><strong>hm..:†;·z‘1.¹z³;z.⁰:emffi?m÷e⁶223²</strong></span> <span class='ocrx_word' id='word_1_74' title='bbox 2069 1392 2333 1564; x_wconf 54' lang='lat' dir='ltr'><strong>{zizi</strong></span> 
     </span>
     <span class='ocr_line' id='line_1_14' title="bbox 376 1564 2329 1652; baseline -0.001 -20"><span class='ocrx_word' id='word_1_75' title='bbox 376 1575 637 1652; x_wconf 82' lang='lat' dir='ltr'><strong>(parcat</strong></span> <span class='ocrx_word' id='word_1_76' title='bbox 654 1566 789 1633; x_wconf 78' lang='lat' dir='ltr'><strong>illis</strong></span> <span class='ocrx_word' id='word_1_77' title='bbox 806 1566 1135 1632; x_wconf 82' lang='lat' dir='ltr'><strong>Dominus</strong></span> <span class='ocrx_word' id='word_1_78' title='bbox 1153 1568 1221 1646; x_wconf 84' lang='lat'><strong>1),</strong></span> <span class='ocrx_word' id='word_1_79' title='bbox 1258 1566 1374 1632; x_wconf 86' lang='lat' dir='ltr'><strong>sed</strong></span> <span class='ocrx_word' id='word_1_80' title='bbox 1394 1587 1595 1649; x_wconf 73' lang='lat' dir='ltr'><strong>psum,</strong></span> <span class='ocrx_word' id='word_1_81' title='bbox 1620 1566 1950 1632; x_wconf 90' lang='lat' dir='ltr'><strong>sincerum</strong></span> <span class='ocrx_word' id='word_1_82' title='bbox 1974 1585 2051 1630; x_wconf 87' lang='lat' dir='ltr'><strong>ac</strong></span> <span class='ocrx_word' id='word_1_83' title='bbox 2071 1564 2329 1631; x_wconf 82' lang='lat' dir='ltr'><strong>fidelem</strong></span> 
     </span>
     <span class='ocr_line' id='line_1_15' title="bbox 372 1651 2337 1736; baseline -0.002 -16"><span class='ocrx_word' id='word_1_84' title='bbox 372 1655 650 1720; x_wconf 65' lang='lat' dir='ltr'><strong>stata-em</strong></span> <span class='ocrx_word' id='word_1_85' title='bbox 708 1673 783 1719; x_wconf 86' lang='lat' dir='ltr'><strong>ac</strong></span> <span class='ocrx_word' id='word_1_86' title='bbox 836 1653 1123 1719; x_wconf 80' lang='lat' dir='ltr'><strong>amicum</strong></span> <span class='ocrx_word' id='word_1_87' title='bbox 1176 1662 1397 1731; x_wconf 89' lang='lat' dir='ltr'><strong>tuum,</strong></span> <span class='ocrx_word' id='word_1_88' title='bbox 1455 1652 1609 1736; x_wconf 85' lang='lat' dir='ltr'><strong>quid</strong></span> <span class='ocrx_word' id='word_1_89' title='bbox 1664 1651 1848 1717; x_wconf 83' lang='lat' dir='ltr'><strong>dico?</strong></span> <span class='ocrx_word' id='word_1_90' title='bbox 1904 1651 1978 1715; x_wconf 89' lang='lat' dir='ltr'><strong>in</strong></span> <span class='ocrx_word' id='word_1_91' title='bbox 2031 1651 2337 1718; x_wconf 89' lang='lat' dir='ltr'><strong>omnibus</strong></span> 
     </span>
     <span class='ocr_line' id='line_1_16' title="bbox 374 1736 2337 1822; baseline -0.002 -16"><span class='ocrx_word' id='word_1_92' title='bbox 374 1741 548 1806; x_wconf 78' lang='lat' dir='ltr'><strong>votis</strong></span> <span class='ocrx_word' id='word_1_93' title='bbox 604 1739 737 1803; x_wconf 85' lang='lat' dir='ltr'><strong>tuis</strong></span> <span class='ocrx_word' id='word_1_94' title='bbox 791 1738 1453 1822; x_wconf 79' lang='lat' dir='ltr'><strong>obsequentissimum</strong></span> <span class='ocrx_word' id='word_1_95' title='bbox 1514 1760 1590 1806; x_wconf 80' lang='lat' dir='ltr'><strong>ac</strong></span> <span class='ocrx_word' id='word_1_96' title='bbox 1647 1736 2144 1803; x_wconf 77' lang='lat' dir='ltr'><strong>deditissimum.</strong></span> <span class='ocrx_word' id='word_1_97' title='bbox 2232 1736 2337 1802; x_wconf 83' lang='lat' dir='ltr'><strong>Ne</strong></span> 
     </span>
     <span class='ocr_line' id='line_1_17' title="bbox 375 1822 2335 1911; baseline -0.002 -22"><span class='ocrx_word' id='word_1_98' title='bbox 375 1846 539 1911; x_wconf 73' lang='lat' dir='ltr'><strong>ergo</strong></span> <span class='ocrx_word' id='word_1_99' title='bbox 580 1822 861 1890; x_wconf 83' lang='lat' dir='ltr'><strong>tarderis</strong></span> <span class='ocrx_word' id='word_1_100' title='bbox 908 1825 1152 1902; x_wconf 84' lang='lat' dir='ltr'><strong>venire,</strong></span> <span class='ocrx_word' id='word_1_101' title='bbox 1213 1833 1288 1888; x_wconf 89' lang='lat' dir='ltr'><strong>ut</strong></span> <span class='ocrx_word' id='word_1_102' title='bbox 1342 1822 1569 1890; x_wconf 80' lang='lat' dir='ltr'><strong>videas</strong></span> <span class='ocrx_word' id='word_1_103' title='bbox 1612 1823 1976 1900; x_wconf 67' lang='lat' dir='ltr'><strong>Gnaeum,</strong></span> <span class='ocrx_word' id='word_1_104' title='bbox 2035 1822 2159 1889; x_wconf 83' lang='lat' dir='ltr'><strong>boc</strong></span> <span class='ocrx_word' id='word_1_105' title='bbox 2215 1830 2335 1902; x_wconf 86' lang='lat' dir='ltr'><strong>est,</strong></span> 
     </span>
     <span class='ocr_line' id='line_1_18' title="bbox 505 1909 2338 1993; baseline -0.002 -17"><span class='ocrx_word' id='word_1_106' title='bbox 505 1919 648 1976; x_wconf 90' lang='lat' dir='ltr'><strong>tem</strong></span> <span class='ocrx_word' id='word_1_107' title='bbox 689 1930 933 1976; x_wconf 80' lang='lat' dir='ltr'><strong>novam</strong></span> <span class='ocrx_word' id='word_1_108' title='bbox 976 1918 1361 1976; x_wconf 81' lang='lat' dir='ltr'><strong>renovatam</strong></span> <span class='ocrx_word' id='word_1_109' title='bbox 1414 1930 1574 1974; x_wconf 83' lang='lat' dir='ltr'><strong>sane</strong></span> <span class='ocrx_word' id='word_1_110' title='bbox 1627 1930 1826 1992; x_wconf 86' lang='lat' dir='ltr'><strong>opera</strong></span> <span class='ocrx_word' id='word_1_111' title='bbox 1878 1909 2040 1986; x_wconf 86' lang='lat' dir='ltr'><strong>(Dei</strong></span> <span class='ocrx_word' id='word_1_112' title='bbox 2091 1909 2338 1993; x_wconf 78' lang='lat' dir='ltr'><strong>gratia)</strong></span> 
     </span>
     <span class='ocr_line' id='line_1_19' title="bbox 446 1993 2338 2072; baseline -0.002 -10"><span class='ocrx_word' id='word_1_113' title='bbox 446 2046 463 2062; x_wconf 95' lang='lat'><strong>.</strong></span> <span class='ocrx_word' id='word_1_114' title='bbox 510 1997 700 2062; x_wconf 82' lang='lat' dir='ltr'><strong>Petri</strong></span> <span class='ocrx_word' id='word_1_115' title='bbox 748 1996 967 2061; x_wconf 71' lang='lat' dir='ltr'><strong>Vimi.</strong></span> <span class='ocrx_word' id='word_1_116' title='bbox 998 1998 1081 2072; x_wconf 64' lang='grc' dir='ltr'><strong>Ν5)</strong></span> <span class='ocrx_word' id='word_1_117' title='bbox 1170 1996 1373 2061; x_wconf 80' lang='lat' dir='ltr'><strong>Faxit</strong></span> <span class='ocrx_word' id='word_1_118' title='bbox 1414 1996 1744 2062; x_wconf 77' lang='lat' dir='ltr'><strong>Dominus</strong></span> <span class='ocrx_word' id='word_1_119' title='bbox 1784 1996 1975 2061; x_wconf 89' lang='lat' dir='ltr'><strong>Iesus</strong></span> <span class='ocrx_word' id='word_1_120' title='bbox 2016 2002 2101 2059; x_wconf 84' lang='lat' dir='ltr'><strong>ut</strong></span> <span class='ocrx_word' id='word_1_121' title='bbox 2141 1993 2338 2060; x_wconf 83' lang='lat' dir='ltr'><strong>velox</strong></span> 
     </span>
     <span class='ocr_line' id='line_1_20' title="bbox 374 2079 2339 2165; baseline -0.002 -17"><span class='ocrx_word' id='word_1_122' title='bbox 374 2082 703 2150; x_wconf 81' lang='lat' dir='ltr'><strong>adventus</strong></span> <span class='ocrx_word' id='word_1_123' title='bbox 736 2089 891 2148; x_wconf 84' lang='lat' dir='ltr'><strong>tuus</strong></span> <span class='ocrx_word' id='word_1_124' title='bbox 924 2082 1016 2147; x_wconf 90' lang='lat' dir='ltr'><strong>sit</strong></span> <span class='ocrx_word' id='word_1_125' title='bbox 1048 2079 1135 2148; x_wconf 88' lang='lat' dir='ltr'><strong>ad</strong></span> <span class='ocrx_word' id='word_1_126' title='bbox 1152 2102 1289 2147; x_wconf 87' lang='lat' dir='ltr'><strong>nos.</strong></span> <span class='ocrx_word' id='word_1_127' title='bbox 1348 2081 1537 2159; x_wconf 88' lang='lat' dir='ltr'><strong>Vale,</strong></span> <span class='ocrx_word' id='word_1_128' title='bbox 1574 2081 2011 2164; x_wconf 79' lang='lat' dir='ltr'><strong>ecclesiaeque</strong></span> <span class='ocrx_word' id='word_1_129' title='bbox 2044 2080 2339 2165; x_wconf 82' lang='lat' dir='ltr'><strong>digneris</strong></span> 
     </span>
     <span class='ocr_line' id='line_1_21' title="bbox 374 2167 2340 2250; baseline -0.003 -13"><span class='ocrx_word' id='word_1_130' title='bbox 374 2189 765 2237; x_wconf 78' lang='lat' dir='ltr'><strong>succurrere</strong></span> <span class='ocrx_word' id='word_1_131' title='bbox 810 2178 1092 2234; x_wconf 83' lang='lat' dir='ltr'><strong>nostrae.</strong></span> <span class='ocrx_word' id='word_1_132' title='bbox 1179 2167 1447 2250; x_wconf 81' lang='lat' dir='ltr'><strong>Alioqui</strong></span> <span class='ocrx_word' id='word_1_133' title='bbox 1492 2168 1783 2250; x_wconf 74' lang='lat' dir='ltr'><strong>requiret</strong></span> <span class='ocrx_word' id='word_1_134' title='bbox 1834 2167 1915 2233; x_wconf 88' lang='lat' dir='ltr'><strong>de</strong></span> <span class='ocrx_word' id='word_1_135' title='bbox 1965 2188 2169 2232; x_wconf 78' lang='lat' dir='ltr'><strong>manu</strong></span> <span class='ocrx_word' id='word_1_136' title='bbox 2222 2173 2340 2232; x_wconf 85' lang='lat' dir='ltr'><strong>tua</strong></span> 
     </span>
     <span class='ocr_line' id='line_1_22' title="bbox 374 2252 2338 2339; baseline -0.004 -17"><span class='ocrx_word' id='word_1_137' title='bbox 374 2255 771 2339; x_wconf 79' lang='lat' dir='ltr'><strong>sanguinem</strong></span> <span class='ocrx_word' id='word_1_138' title='bbox 812 2260 1116 2320; x_wconf 85' lang='lat' dir='ltr'><strong>nostrum</strong></span> <span class='ocrx_word' id='word_1_139' title='bbox 1154 2252 1482 2319; x_wconf 87' lang='lat' dir='ltr'><strong>Dominus</strong></span> <span class='ocrx_word' id='word_1_140' title='bbox 1526 2254 1739 2319; x_wconf 86' lang='lat' dir='ltr'><strong>Deus:</strong></span> <span class='ocrx_word' id='word_1_141' title='bbox 1800 2252 1983 2318; x_wconf 84' lang='lat' dir='ltr'><strong>dedit</strong></span> <span class='ocrx_word' id='word_1_142' title='bbox 2039 2253 2219 2318; x_wconf 90' lang='lat' dir='ltr'><strong>enim</strong></span> <span class='ocrx_word' id='word_1_143' title='bbox 2271 2259 2338 2315; x_wconf 90' lang='lat' dir='ltr'><strong>te</strong></span> 
     </span>
     <span class='ocr_line' id='line_1_23' title="bbox 642 2338 2338 2423; baseline -0.002 -17"><span class='ocrx_word' id='word_1_144' title='bbox 642 2351 852 2406; x_wconf 87' lang='lat' dir='ltr'><strong>torem</strong></span> <span class='ocrx_word' id='word_1_145' title='bbox 875 2339 1095 2405; x_wconf 86' lang='lat' dir='ltr'><strong>domui</strong></span> <span class='ocrx_word' id='word_1_146' title='bbox 1114 2339 1328 2406; x_wconf 79' lang='lat' dir='ltr'><strong>Israel</strong></span> <span class='ocrx_word' id='word_1_147' title='bbox 1361 2357 1531 2423; x_wconf 66' lang='lat' dir='ltr'><strong>quae</strong></span> <span class='ocrx_word' id='word_1_148' title='bbox 1552 2339 1726 2423; x_wconf 86' lang='lat' dir='ltr'><strong>apud</strong></span> <span class='ocrx_word' id='word_1_149' title='bbox 1748 2359 1884 2404; x_wconf 93' lang='lat' dir='ltr'><strong>non</strong></span> <span class='ocrx_word' id='word_1_150' title='bbox 1906 2349 2025 2403; x_wconf 77' lang='lat' dir='ltr'><strong>est.</strong></span> <span class='ocrx_word' id='word_1_151' title='bbox 2081 2338 2338 2403; x_wconf 90' lang='lat' dir='ltr'><strong>Iterum</strong></span> 
     </span>
    </p>

    <p class='ocr_par' dir='ltr' id='par_1_5' title="bbox 374 2426 1525 2493">
     <span class='ocr_line' id='line_1_24' title="bbox 374 2426 1525 2493; baseline -0.004 0"><span class='ocrx_word' id='word_1_152' title='bbox 374 2427 546 2493; x_wconf 75' lang='lat' dir='ltr'><strong>vale.</strong></span> <span class='ocrx_word' id='word_1_153' title='bbox 635 2431 695 2490; x_wconf 87' lang='lat'><strong>6.</strong></span> <span class='ocrx_word' id='word_1_154' title='bbox 740 2426 1089 2492; x_wconf 74' lang='lat' dir='ltr'><strong>Februarii</strong></span> <span class='ocrx_word' id='word_1_155' title='bbox 1133 2427 1291 2491; x_wconf 88' lang='lat' dir='ltr'><strong>anni</strong></span> <span class='ocrx_word' id='word_1_156' title='bbox 1342 2430 1525 2489; x_wconf 83' lang='lat'><strong>1541.</strong></span> 
     </span>
    </p>
   </div>
   <div class='ocr_carea' id='block_1_5' title="bbox 370 2627 2340 2972">
    <p class='ocr_par' dir='ltr' id='par_1_6' title="bbox 370 2627 2340 2972">
     <span class='ocr_line' id='line_1_25' title="bbox 552 2627 2340 2715; baseline -0.003 -17"><span class='ocrx_word' id='word_1_157' title='bbox 552 2629 889 2698; x_wconf 83' lang='lat' dir='ltr'><strong>Salutabis</strong></span> <span class='ocrx_word' id='word_1_158' title='bbox 942 2632 1208 2696; x_wconf 87' lang='lat' dir='ltr'><strong>nomine</strong></span> <span class='ocrx_word' id='word_1_159' title='bbox 1251 2651 1416 2708; x_wconf 88' lang='lat' dir='ltr'><strong>mec,</strong></span> <span class='ocrx_word' id='word_1_160' title='bbox 1473 2632 1527 2697; x_wconf 91' lang='lat' dir='ltr'><strong>si</strong></span> <span class='ocrx_word' id='word_1_161' title='bbox 1582 2630 1853 2715; x_wconf 85' lang='lat' dir='ltr'><strong>placeat,</strong></span> <span class='ocrx_word' id='word_1_162' title='bbox 1898 2627 2340 2695; x_wconf 82' lang='lat' dir='ltr'><strong>observandos</strong></span> 
     </span>
     <span class='ocr_line' id='line_1_26' title="bbox 370 2713 2335 2802; baseline -0.003 -17"><span class='ocrx_word' id='word_1_163' title='bbox 370 2716 522 2785; x_wconf 89' lang='lat' dir='ltr'><strong>illos</strong></span> <span class='ocrx_word' id='word_1_164' title='bbox 565 2725 787 2802; x_wconf 89' lang='lat' dir='ltr'><strong>patres</strong></span> <span class='ocrx_word' id='word_1_165' title='bbox 828 2738 1009 2783; x_wconf 90' lang='lat' dir='ltr'><strong>meos</strong></span> <span class='ocrx_word' id='word_1_166' title='bbox 1068 2738 1143 2783; x_wconf 88' lang='lat' dir='ltr'><strong>ac</strong></span> <span class='ocrx_word' id='word_1_167' title='bbox 1199 2715 1541 2796; x_wconf 87' lang='lat' dir='ltr'><strong>Dominos,</strong></span> <span class='ocrx_word' id='word_1_168' title='bbox 1597 2717 1682 2783; x_wconf 90' lang='lat' dir='ltr'><strong>D.</strong></span> <span class='ocrx_word' id='word_1_169' title='bbox 1744 2713 2064 2781; x_wconf 80' lang='lat' dir='ltr'><strong>Bucerum</strong></span> <span class='ocrx_word' id='word_1_170' title='bbox 2121 2737 2196 2782; x_wconf 89' lang='lat' dir='ltr'><strong>ac</strong></span> <span class='ocrx_word' id='word_1_171' title='bbox 2251 2715 2335 2780; x_wconf 92' lang='lat' dir='ltr'><strong>D.</strong></span> 
     </span>
     <span class='ocr_line' id='line_1_27' title="bbox 377 2801 2338 2889; baseline -0.002 -17"><span class='ocrx_word' id='word_1_172' title='bbox 377 2804 760 2889; x_wconf 74' lang='lat' dir='ltr'><strong>Capitonem,</strong></span> <span class='ocrx_word' id='word_1_173' title='bbox 799 2810 1215 2886; x_wconf 88' lang='lat' dir='ltr'><strong>caeterosque</strong></span> <span class='ocrx_word' id='word_1_174' title='bbox 1251 2802 1560 2869; x_wconf 87' lang='lat' dir='ltr'><strong>ecclesiae</strong></span> <span class='ocrx_word' id='word_1_175' title='bbox 1598 2802 1772 2867; x_wconf 87' lang='lat' dir='ltr'><strong>illius</strong></span> <span class='ocrx_word' id='word_1_176' title='bbox 1796 2801 2148 2868; x_wconf 90' lang='lat' dir='ltr'><strong>ministros.</strong></span> <span class='ocrx_word' id='word_1_177' title='bbox 2199 2801 2338 2868; x_wconf 90' lang='lat' dir='ltr'><strong>Nec</strong></span> 
     </span>
     <span class='ocr_line' id='line_1_28' title="bbox 374 2887 1499 2972; baseline -0.003 -16"><span class='ocrx_word' id='word_1_178' title='bbox 374 2911 511 2956; x_wconf 91' lang='lat' dir='ltr'><strong>non</strong></span> <span class='ocrx_word' id='word_1_179' title='bbox 556 2897 624 2956; x_wconf 90' lang='lat' dir='ltr'><strong>et</strong></span> <span class='ocrx_word' id='word_1_180' title='bbox 665 2891 955 2956; x_wconf 82' lang='lat' dir='ltr'><strong>Thomas</strong></span> <span class='ocrx_word' id='word_1_181' title='bbox 1000 2887 1392 2955; x_wconf 73' lang='lat' dir='ltr'><strong>Baudechon.</strong></span> <span class='ocrx_word' id='word_1_182' title='bbox 1418 2889 1499 2972; x_wconf 84' lang='lat'><strong>¹⁶)</strong></span> 
     </span>
    </p>
   </div>
   <div class='ocr_carea' id='block_1_6' title="bbox 1200 3022 2337 3195">
    <p class='ocr_par' dir='ltr' id='par_1_7' title="bbox 1200 3022 2337 3195">
     <span class='ocr_line' id='line_1_29' title="bbox 1214 3022 2337 3092; baseline -0.002 0"><span class='ocrx_word' id='word_1_183' title='bbox 1214 3027 1398 3092; x_wconf 80' lang='lat' dir='ltr'><strong>&#39;Puus</strong></span> <span class='ocrx_word' id='word_1_184' title='bbox 1440 3031 1542 3091; x_wconf 92' lang='lat' dir='ltr'><strong>est</strong></span> <span class='ocrx_word' id='word_1_185' title='bbox 1582 3024 1862 3090; x_wconf 84' lang='lat' dir='ltr'><strong>Iacobus</strong></span> <span class='ocrx_word' id='word_1_186' title='bbox 1904 3022 2337 3090; x_wconf 74' lang='lat' dir='ltr'><strong>Bernhardus</strong></span> 
     </span>
     <span class='ocr_line' id='line_1_30' title="bbox 1200 3109 2336 3195; baseline 0 -19"><span class='ocrx_word' id='word_1_187' title='bbox 1200 3112 1499 3176; x_wconf 74' lang='lat' dir='ltr'><strong>minister</strong></span> <span class='ocrx_word' id='word_1_188' title='bbox 1540 3110 1958 3195; x_wconf 77' lang='lat' dir='ltr'><strong>evangelicus</strong></span> <span class='ocrx_word' id='word_1_189' title='bbox 2002 3109 2336 3176; x_wconf 67' lang='lat' dir='ltr'><strong>Gemens.</strong></span> 
     </span>
    </p>
   </div>
   <div class='ocr_carea' id='block_1_7' title="bbox 1157 3425 1567 3437">
    <p class='ocr_par' dir='ltr' id='par_1_8' title="bbox 1157 3425 1567 3437">
     <span class='ocr_line' id='line_1_31' title="bbox 1157 3425 1567 3437; baseline -0.007 -1"><span class='ocrx_word' id='word_1_190' title='bbox 1157 3425 1567 3437; x_wconf 48' lang='grc' dir='ltr'><strong>ψ-</strong></span> 
     </span>
    </p>
   </div>
   <div class='ocr_carea' id='block_1_8' title="bbox 919 3677 1809 3884">
    <p class='ocr_par' dir='ltr' id='par_1_9' title="bbox 919 3677 1809 3884">
     <span class='ocr_line' id='line_1_32' title="bbox 1287 3677 1440 3747; baseline 0.013 -2"><span class='ocrx_word' id='word_1_191' title='bbox 1287 3677 1440 3747; x_wconf 79' lang='lat'><strong>275.</strong></span> 
     </span>
     <span class='ocr_line' id='line_1_33' title="bbox 919 3811 1809 3884; baseline -0.006 0"><span class='ocrx_word' id='word_1_192' title='bbox 919 3811 1327 3884; x_wconf 69' lang='lat' dir='ltr'>VIRETUS</span> <span class='ocrx_word' id='word_1_193' title='bbox 1372 3814 1809 3883; x_wconf 83' lang='lat' dir='ltr'><strong>GALVINO.</strong></span> 
     </span>
    </p>
   </div>
   <div class='ocr_carea' id='block_1_9' title="bbox 386 3987 2347 4415">
    <p class='ocr_par' dir='ltr' id='par_1_10' title="bbox 386 3987 2347 4415">
     <span class='ocr_line' id='line_1_34' title="bbox 564 3987 2345 4070; baseline -0.002 -16"><span class='ocrx_word' id='word_1_194' title='bbox 564 3987 714 4054; x_wconf 83' lang='lat' dir='ltr'><strong>Iam</strong></span> <span class='ocrx_word' id='word_1_195' title='bbox 770 3988 1055 4054; x_wconf 75' lang='lat' dir='ltr'><strong>Genevae</strong></span> <span class='ocrx_word' id='word_1_196' title='bbox 1115 3989 1537 4054; x_wconf 70' lang='lat' dir='ltr'><strong>ministerium</strong></span> <span class='ocrx_word' id='word_1_197' title='bbox 1596 3987 1928 4070; x_wconf 70' lang='lat' dir='ltr'><strong>capessivit</strong></span> <span class='ocrx_word' id='word_1_198' title='bbox 1942 4038 1958 4068; x_wconf 91' lang='lat'><strong>,</strong></span> <span class='ocrx_word' id='word_1_199' title='bbox 2020 4005 2345 4068; x_wconf 70' lang='lat' dir='ltr'><strong>operam</strong></span> 
     </span>
     <span class='ocr_line' id='line_1_35' title="bbox 386 4071 2346 4160; baseline -0.002 -21"><span class='ocrx_word' id='word_1_200' title='bbox 386 4074 639 4158; x_wconf 67' lang='lat' dir='ltr'><strong>quidem</strong></span> <span class='ocrx_word' id='word_1_201' title='bbox 670 4074 781 4141; x_wconf 73' lang='lat' dir='ltr'><strong>sed</strong></span> <span class='ocrx_word' id='word_1_202' title='bbox 816 4094 894 4139; x_wconf 76' lang='lat' dir='ltr'><strong>ex</strong></span> <span class='ocrx_word' id='word_1_203' title='bbox 926 4094 1219 4160; x_wconf 36' lang='lat' dir='ltr'><strong>successu,</strong></span> <span class='ocrx_word' id='word_1_204' title='bbox 1238 4071 1695 4159; x_wconf 59' lang='lat' dir='ltr'><strong>,arctissimum</strong></span> <span class='ocrx_word' id='word_1_205' title='bbox 1773 4071 2105 4140; x_wconf 72' lang='lat' dir='ltr'><strong>Calvinum</strong></span> <span class='ocrx_word' id='word_1_206' title='bbox 2137 4090 2346 4138; x_wconf 72' lang='lat' dir='ltr'><strong>omne-s·</strong></span> 
     </span>
     <span class='ocr_line' id='line_1_36' title="bbox 387 4155 2347 4244; baseline -0.003 -18"><span class='ocrx_word' id='word_1_207' title='bbox 387 4164 694 4242; x_wconf 68' lang='lat' dir='ltr'><strong>mptant,</strong></span> <span class='ocrx_word' id='word_1_208' title='bbox 754 4165 1126 4242; x_wconf 72' lang='lat' dir='ltr'><strong>exspectant,</strong></span> <span class='ocrx_word' id='word_1_209' title='bbox 1184 4160 1544 4244; x_wconf 69' lang='lat' dir='ltr'><strong>effhzyitant.</strong></span> <span class='ocrx_word' id='word_1_210' title='bbox 1639 4159 1791 4241; x_wconf 68' lang='lat' dir='ltr'><strong>Ipse</strong></span> <span class='ocrx_word' id='word_1_211' title='bbox 1834 4155 2347 4224; x_wconf 71' lang='lat' dir='ltr'><strong>Lausannensem</strong></span> 
     </span>
     <span class='ocr_line' id='line_1_37' title="bbox 388 4243 2347 4325; baseline -0.002 -14"><span class='ocrx_word' id='word_1_212' title='bbox 388 4246 2084 4325; x_wconf 56' lang='lat' dir='ltr'><strong>mammaeaseoemoesdoemrepotaet.</strong></span> <span class='ocrx_word' id='word_1_213' title='bbox 2178 4243 2347 4308; x_wconf 74' lang='lat' dir='ltr'><strong>Novi</strong></span> 
     </span>
     <span class='ocr_line' id='line_1_38' title="bbox 393 4330 2170 4415; baseline -0.003 -17"><span class='ocrx_word' id='word_1_214' title='bbox 393 4332 725 4398; x_wconf 61' lang='lat' dir='ltr'><strong>Senatores</strong></span> <span class='ocrx_word' id='word_1_215' title='bbox 768 4336 823 4396; x_wconf 80' lang='lat' dir='ltr'><strong>et</strong></span> <span class='ocrx_word' id='word_1_216' title='bbox 870 4330 1130 4415; x_wconf 74' lang='lat' dir='ltr'><strong>Syndici</strong></span> <span class='ocrx_word' id='word_1_217' title='bbox 1173 4332 1369 4397; x_wconf 75' lang='lat' dir='ltr'><strong>bonae</strong></span> <span class='ocrx_word' id='word_1_218' title='bbox 1410 4351 1639 4398; x_wconf 80' lang='lat' dir='ltr'><strong>causae</strong></span> <span class='ocrx_word' id='word_1_219' title='bbox 1668 4331 2170 4411; x_wconf 75' lang='lat' dir='ltr'><strong>patrocinantur.</strong></span> 
     </span>
    </p>
   </div>
   <div class='ocr_carea' id='block_1_10' title="bbox 392 4497 2349 4917">
    <p class='ocr_par' dir='ltr' id='par_1_11' title="bbox 392 4497 2349 4700">
     <span class='ocr_line' id='line_1_39' title="bbox 392 4497 2346 4626; baseline -0.002 -68"><span class='ocrx_word' id='word_1_220' title='bbox 392 4501 507 4571; x_wconf 79' lang='lat' dir='ltr'><strong>(Ex</strong></span> <span class='ocrx_word' id='word_1_221' title='bbox 544 4505 771 4626; x_wconf 54' lang='lat' dir='ltr'><strong>antefa</strong></span> <span class='ocrx_word' id='word_1_222' title='bbox 809 4501 882 4558; x_wconf 87' lang='lat' dir='ltr'><strong>ho</strong></span> <span class='ocrx_word' id='word_1_223' title='bbox 929 4499 1072 4557; x_wconf 85' lang='lat' dir='ltr'><strong>Bibl.</strong></span> <span class='ocrx_word' id='word_1_224' title='bbox 1121 4501 1325 4558; x_wconf 67' lang='lat' dir='ltr'><strong>Gener.</strong></span> <span class='ocrx_word' id='word_1_225' title='bbox 1371 4501 1499 4557; x_wconf 86' lang='lat' dir='ltr'><strong>Cod.</strong></span> <span class='ocrx_word' id='word_1_226' title='bbox 1548 4499 1719 4569; x_wconf 69' lang='lat'><strong>1112,</strong></span> <span class='ocrx_word' id='word_1_227' title='bbox 1762 4500 1853 4556; x_wconf 84' lang='lat' dir='ltr'><strong>fol.</strong></span> <span class='ocrx_word' id='word_1_228' title='bbox 1889 4497 1976 4553; x_wconf 84' lang='lat'><strong>54.</strong></span> <span class='ocrx_word' id='word_1_229' title='bbox 2044 4499 2111 4556; x_wconf 85' lang='lat' dir='ltr'><strong>In</strong></span> <span class='ocrx_word' id='word_1_230' title='bbox 2154 4500 2346 4554; x_wconf 86' lang='lat' dir='ltr'><strong>eodem</strong></span> 
     </span>
     <span class='ocr_line' id='line_1_40' title="bbox 392 4567 2349 4642; baseline -0.004 -14"><span class='ocrx_word' id='word_1_231' title='bbox 392 4574 578 4628; x_wconf 83' lang='lat' dir='ltr'><strong>codice</strong></span> <span class='ocrx_word' id='word_1_232' title='bbox 614 4571 669 4626; x_wconf 79' lang='lat' dir='ltr'><strong>fo</strong></span> <span class='ocrx_word' id='word_1_233' title='bbox 742 4571 773 4625; x_wconf 92' lang='lat'>1</span> <span class='ocrx_word' id='word_1_234' title='bbox 845 4613 859 4639; x_wconf 92' lang='lat'><strong>,</strong></span> <span class='ocrx_word' id='word_1_235' title='bbox 910 4579 1092 4626; x_wconf 81' lang='lat' dir='ltr'><strong>exstat</strong></span> <span class='ocrx_word' id='word_1_236' title='bbox 1135 4571 1413 4642; x_wconf 82' lang='lat' dir='ltr'><strong>exemplar</strong></span> <span class='ocrx_word' id='word_1_237' title='bbox 1459 4570 1605 4624; x_wconf 85' lang='lat' dir='ltr'><strong>aliud</strong></span> <span class='ocrx_word' id='word_1_238' title='bbox 1651 4587 1760 4624; x_wconf 91' lang='lat' dir='ltr'><strong>nou</strong></span> <span class='ocrx_word' id='word_1_239' title='bbox 1798 4567 1979 4624; x_wconf 83' lang='lat' dir='ltr'><strong>Vireti</strong></span> <span class='ocrx_word' id='word_1_240' title='bbox 2015 4569 2114 4623; x_wconf 84' lang='lat' dir='ltr'><strong>sed</strong></span> <span class='ocrx_word' id='word_1_241' title='bbox 2148 4585 2349 4638; x_wconf 74' lang='lat' dir='ltr'><strong>coaeva</strong></span> 
     </span>
     <span class='ocr_line' id='line_1_41' title="bbox 393 4638 2345 4700; baseline -0.005 0"><span class='ocrx_word' id='word_1_242' title='bbox 393 4658 556 4700; x_wconf 73' lang='lat' dir='ltr'><strong>manu</strong></span> <span class='ocrx_word' id='word_1_243' title='bbox 588 4641 822 4696; x_wconf 75' lang='lat' dir='ltr'><strong>fortasse</strong></span> <span class='ocrx_word' id='word_1_244' title='bbox 845 4642 1187 4698; x_wconf 71' lang='lat' dir='ltr'><strong>amanuensis</strong></span> <span class='ocrx_word' id='word_1_245' title='bbox 1205 4643 1306 4696; x_wconf 82' lang='lat' dir='ltr'><strong>sub</strong></span> <span class='ocrx_word' id='word_1_246' title='bbox 1326 4641 1510 4695; x_wconf 83' lang='lat' dir='ltr'><strong>Vireti</strong></span> <span class='ocrx_word' id='word_1_247' title='bbox 1530 4639 1738 4694; x_wconf 83' lang='lat' dir='ltr'><strong>dictatu</strong></span> <span class='ocrx_word' id='word_1_248' title='bbox 1757 4638 2049 4693; x_wconf 74' lang='lat' dir='ltr'><strong>scribentis</strong></span> <span class='ocrx_word' id='word_1_249' title='bbox 2065 4643 2345 4692; x_wconf 82' lang='lat' dir='ltr'><strong>exaratum</strong></span> 
     </span>
    </p>

    <p class='ocr_par' dir='ltr' id='par_1_12' title="bbox 394 4703 2347 4917">
     <span class='ocr_line' id='line_1_42' title="bbox 528 4703 2347 4778; baseline -0.002 -13"><span class='ocrx_word' id='word_1_250' title='bbox 528 4710 711 4765; x_wconf 81' lang='lat' dir='ltr'><strong>omnia</strong></span> <span class='ocrx_word' id='word_1_251' title='bbox 744 4710 917 4778; x_wconf 84' lang='lat' dir='ltr'><strong>priori</strong></span> <span class='ocrx_word' id='word_1_252' title='bbox 954 4715 1282 4766; x_wconf 84' lang='lat' dir='ltr'><strong>consentane</strong></span> <span class='ocrx_word' id='word_1_253' title='bbox 1428 4709 1524 4764; x_wconf 84' lang='lat' dir='ltr'><strong>sed</strong></span> <span class='ocrx_word' id='word_1_254' title='bbox 1543 4726 1653 4762; x_wconf 86' lang='lat' dir='ltr'><strong>nou</strong></span> <span class='ocrx_word' id='word_1_255' title='bbox 1666 4707 1954 4776; x_wconf 76' lang='lat' dir='ltr'><strong>integrum.</strong></span> <span class='ocrx_word' id='word_1_256' title='bbox 2010 4703 2149 4761; x_wconf 78' lang='lat' dir='ltr'><strong>Tota</strong></span> <span class='ocrx_word' id='word_1_257' title='bbox 2164 4712 2347 4762; x_wconf 75' lang='lat' dir='ltr'><strong>autem</strong></span> 
     </span>
     <span class='ocr_line' id='line_1_43' title="bbox 394 4771 2343 4849; baseline -0.002 -18"><span class='ocrx_word' id='word_1_258' title='bbox 394 4785 592 4833; x_wconf 79' lang='lat' dir='ltr'><strong>iterum</strong></span> <span class='ocrx_word' id='word_1_259' title='bbox 627 4779 864 4832; x_wconf 85' lang='lat' dir='ltr'><strong>recurrit</strong></span> <span class='ocrx_word' id='word_1_260' title='bbox 897 4780 955 4833; x_wconf 87' lang='lat' dir='ltr'><strong>in</strong></span> <span class='ocrx_word' id='word_1_261' title='bbox 990 4781 1211 4849; x_wconf 77' lang='lat' dir='ltr'><strong>Apogra</strong></span> <span class='ocrx_word' id='word_1_262' title='bbox 1246 4779 1321 4833; x_wconf 83' lang='lat' dir='ltr'><strong>bo</strong></span> <span class='ocrx_word' id='word_1_263' title='bbox 1403 4777 1489 4836; x_wconf 82' lang='lat' dir='ltr'><strong>od.</strong></span> <span class='ocrx_word' id='word_1_264' title='bbox 1527 4771 1647 4846; x_wconf 81' lang='lat'><strong>116,</strong></span> <span class='ocrx_word' id='word_1_265' title='bbox 1681 4775 1772 4846; x_wconf 81' lang='lat' dir='ltr'><strong>fol.</strong></span> <span class='ocrx_word' id='word_1_266' title='bbox 1809 4774 1892 4842; x_wconf 80' lang='lat'><strong>72,</strong></span> <span class='ocrx_word' id='word_1_267' title='bbox 1939 4782 1997 4829; x_wconf 86' lang='lat' dir='ltr'><strong>et</strong></span> <span class='ocrx_word' id='word_1_268' title='bbox 2030 4777 2088 4830; x_wconf 89' lang='lat' dir='ltr'><strong>in</strong></span> <span class='ocrx_word' id='word_1_269' title='bbox 2126 4775 2343 4832; x_wconf 81' lang='lat' dir='ltr'><strong>Archiv.</strong></span> 
     </span>
     <span class='ocr_line' id='line_1_44' title="bbox 394 4842 2347 4917; baseline -0.003 -15"><span class='ocrx_word' id='word_1_270' title='bbox 394 4848 656 4902; x_wconf 86' lang='lat' dir='ltr'><strong>Bernens.</strong></span> <span class='ocrx_word' id='word_1_271' title='bbox 711 4847 853 4917; x_wconf 85' lang='lat' dir='ltr'><strong>Epp.</strong></span> <span class='ocrx_word' id='word_1_272' title='bbox 908 4843 1008 4901; x_wconf 85' lang='lat' dir='ltr'><strong>VI.</strong></span> <span class='ocrx_word' id='word_1_273' title='bbox 1062 4864 1113 4917; x_wconf 87' lang='lat' dir='ltr'><strong>p.</strong></span> <span class='ocrx_word' id='word_1_274' title='bbox 1164 4843 1198 4901; x_wconf 81' lang='lat'>5</span> <span class='ocrx_word' id='word_1_275' title='bbox 1236 4887 1247 4910; x_wconf 93' lang='lat'><strong>,</strong></span> <span class='ocrx_word' id='word_1_276' title='bbox 1304 4847 1537 4917; x_wconf 84' lang='lat' dir='ltr'><strong>denique</strong></span> <span class='ocrx_word' id='word_1_277' title='bbox 1590 4863 1675 4915; x_wconf 86' lang='lat' dir='ltr'><strong>ap.</strong></span> <span class='ocrx_word' id='word_1_278' title='bbox 1731 4845 2020 4899; x_wconf 82' lang='lat' dir='ltr'><strong>Simlerum</strong></span> <span class='ocrx_word' id='word_1_279' title='bbox 2078 4843 2202 4898; x_wconf 86' lang='lat' dir='ltr'><strong>Vol.</strong></span> <span class='ocrx_word' id='word_1_280' title='bbox 2260 4842 2347 4897; x_wconf 79' lang='lat'><strong>49.</strong></span> 
     </span>
    </p>
   </div>
   <div class='ocr_carea' id='block_1_11' title="bbox 396 4954 807 4965">
    <p class='ocr_par' dir='ltr' id='par_1_13' title="bbox 396 4954 807 4965">
     <span class='ocr_line' id='line_1_45' title="bbox 396 4954 807 4965; baseline 0 1202"><span class='ocrx_word' id='word_1_281' title='bbox 396 4954 807 4965; x_wconf 95' lang='lat' dir='ltr'><strong> </strong></span> 
     </span>
    </p>
   </div>
   <div class='ocr_carea' id='block_1_12' title="bbox 401 5003 2348 5433">
    <p class='ocr_par' dir='ltr' id='par_1_14' title="bbox 604 5003 1155 5087">
     <span class='ocr_line' id='line_1_46' title="bbox 604 5003 1155 5087; baseline -0.005 -12"><span class='ocrx_word' id='word_1_282' title='bbox 604 5020 702 5087; x_wconf 82' lang='lat'><strong>12)</strong></span> <span class='ocrx_word' id='word_1_283' title='bbox 736 5018 835 5074; x_wconf 67' lang='lat' dir='ltr'><strong>sie.</strong></span> <span class='ocrx_word' id='word_1_284' title='bbox 1147 5003 1155 5012; x_wconf 86' lang='lat'>&#39;</span> 
     </span>
    </p>

    <p class='ocr_par' dir='ltr' id='par_1_15' title="bbox 598 5086 2346 5238">
     <span class='ocr_line' id='line_1_47' title="bbox 598 5086 2346 5227; baseline -0.004 -15"><span class='ocrx_word' id='word_1_285' title='bbox 598 5090 699 5227; x_wconf 51' lang='lat'><strong>{343</strong></span> <span class='ocrx_word' id='word_1_286' title='bbox 732 5086 1065 5212; x_wconf 49' lang='lat' dir='ltr'><strong>gffioEffma.</strong></span> <span class='ocrx_word' id='word_1_287' title='bbox 1095 5154 1243 5210; x_wconf 74' lang='lat' dir='ltr'><strong>Ead.</strong></span> <span class='ocrx_word' id='word_1_288' title='bbox 1292 5154 1521 5210; x_wconf 64' lang='lat' dir='ltr'><strong>caderis</strong></span> <span class='ocrx_word' id='word_1_289' title='bbox 1567 5152 2010 5222; x_wconf 66' lang='lat' dir='ltr'><strong>morpmctiom</strong></span> <span class='ocrx_word' id='word_1_290' title='bbox 2053 5150 2346 5222; x_wconf 64' lang='lat' dir='ltr'><strong>corruptis.</strong></span> 
     </span>
    </p>

    <p class='ocr_par' dir='ltr' id='par_1_16' title="bbox 401 5222 2348 5375">
     <span class='ocr_line' id='line_1_48' title="bbox 604 5222 2348 5297; baseline -0.004 -16"><span class='ocrx_word' id='word_1_291' title='bbox 604 5228 699 5293; x_wconf 82' lang='lat'><strong>15)</strong></span> <span class='ocrx_word' id='word_1_292' title='bbox 735 5243 905 5297; x_wconf 86' lang='lat' dir='ltr'><strong>opera</strong></span> <span class='ocrx_word' id='word_1_293' title='bbox 938 5227 1055 5291; x_wconf 74' lang='lat' dir='ltr'><strong>Dei,</strong></span> <span class='ocrx_word' id='word_1_294' title='bbox 1093 5230 1270 5295; x_wconf 76' lang='lat' dir='ltr'><strong>gratia</strong></span> <span class='ocrx_word' id='word_1_295' title='bbox 1304 5225 1368 5278; x_wconf 90' lang='lat' dir='ltr'><strong>D.</strong></span> <span class='ocrx_word' id='word_1_296' title='bbox 1394 5225 1457 5278; x_wconf 88' lang='lat' dir='ltr'><strong>P.</strong></span> <span class='ocrx_word' id='word_1_297' title='bbox 1481 5223 1550 5277; x_wconf 86' lang='lat' dir='ltr'><strong>V.</strong></span> <span class='ocrx_word' id='word_1_298' title='bbox 1589 5222 1792 5278; x_wconf 67' lang='lat' dir='ltr'><strong>Genea.</strong></span> <span class='ocrx_word' id='word_1_299' title='bbox 1827 5229 2004 5292; x_wconf 72' lang='lat' dir='ltr'><strong>gratia</strong></span> <span class='ocrx_word' id='word_1_300' title='bbox 2026 5222 2146 5288; x_wconf 76' lang='lat' dir='ltr'><strong>Dei,</strong></span> <span class='ocrx_word' id='word_1_301' title='bbox 2180 5237 2348 5291; x_wconf 84' lang='lat' dir='ltr'><strong>opera</strong></span> 
     </span>
     <span class='ocr_line' id='line_1_49' title="bbox 401 5292 1878 5375; baseline -0.003 -25"><span class='ocrx_word' id='word_1_302' title='bbox 401 5295 466 5351; x_wconf 88' lang='lat' dir='ltr'><strong>D.</strong></span> <span class='ocrx_word' id='word_1_303' title='bbox 502 5297 562 5352; x_wconf 91' lang='lat' dir='ltr'><strong>P.</strong></span> <span class='ocrx_word' id='word_1_304' title='bbox 598 5297 669 5350; x_wconf 81' lang='lat' dir='ltr'><strong>V.</strong></span> <span class='ocrx_word' id='word_1_305' title='bbox 708 5295 884 5351; x_wconf 68' lang='lat' dir='ltr'><strong>Amet.</strong></span> <span class='ocrx_word' id='word_1_306' title='bbox 920 5311 1103 5365; x_wconf 87' lang='lat' dir='ltr'><strong>opera,</strong></span> <span class='ocrx_word' id='word_1_307' title='bbox 1139 5295 1319 5375; x_wconf 63' lang='lat' dir='ltr'><strong>gratia</strong></span> <span class='ocrx_word' id='word_1_308' title='bbox 1352 5293 1468 5372; x_wconf 24' lang='lat' dir='ltr'><strong>Dei*</strong></span> <span class='ocrx_word' id='word_1_309' title='bbox 1489 5292 1555 5345; x_wconf 90' lang='lat' dir='ltr'><strong>D.</strong></span> <span class='ocrx_word' id='word_1_310' title='bbox 1593 5293 1662 5346; x_wconf 81' lang='lat' dir='ltr'><strong>V.</strong></span> <span class='ocrx_word' id='word_1_311' title='bbox 1700 5292 1878 5347; x_wconf 68' lang='lat' dir='ltr'><strong>Lm.</strong></span> 
     </span>
    </p>

    <p class='ocr_par' dir='ltr' id='par_1_17' title="bbox 606 5359 1890 5433">
     <span class='ocr_line' id='line_1_50' title="bbox 606 5359 1890 5433; baseline -0.003 -14"><span class='ocrx_word' id='word_1_312' title='bbox 606 5364 699 5432; x_wconf 84' lang='grc'><strong>16)</strong></span> <span class='ocrx_word' id='word_1_313' title='bbox 736 5364 897 5419; x_wconf 75' lang='lat' dir='ltr'><strong>Haec</strong></span> <span class='ocrx_word' id='word_1_314' title='bbox 923 5367 1209 5433; x_wconf 63' lang='lat' dir='ltr'><strong>pamm</strong></span> <span class='ocrx_word' id='word_1_315' title='bbox 1240 5376 1323 5418; x_wconf 68' lang='lat' dir='ltr'><strong>mc</strong></span> <span class='ocrx_word' id='word_1_316' title='bbox 1355 5365 1570 5431; x_wconf 61' lang='lat' dir='ltr'><strong>munta</strong></span> <span class='ocrx_word' id='word_1_317' title='bbox 1600 5375 1704 5417; x_wconf 64' lang='lat' dir='ltr'><strong>om.</strong></span> <span class='ocrx_word' id='word_1_318' title='bbox 1740 5359 1890 5416; x_wconf 71' lang='lat' dir='ltr'><strong>EM.</strong></span> 
     </span>
    </p>
   </div>
   <div class='ocr_carea' id='block_1_13' title="bbox 2046 430 2722 500">
    <p class='ocr_par' dir='ltr' id='par_1_18' title="bbox 2046 430 2722 500">
     <span class='ocr_line' id='line_1_51' title="bbox 2046 430 2722 500; baseline -0.001 -1"><span class='ocrx_word' id='word_1_319' title='bbox 2046 435 2209 499; x_wconf 75' lang='lat'>1541</span> <span class='ocrx_word' id='word_1_320' title='bbox 2255 430 2722 500; x_wconf 60' lang='lat' dir='ltr'><strong>mltum.</strong></span> 
     </span>
    </p>
   </div>
   <div class='ocr_carea' id='block_1_14' title="bbox 2384 627 2408 5400">
    <p class='ocr_par' dir='ltr' id='par_1_19' title="bbox 2384 627 2408 5400">
     <span class='ocr_line' id='line_1_52' title="bbox 2384 627 2408 5400; baseline 0 0"><span class='ocrx_word' id='word_1_321' title='bbox 2384 627 2408 5400; x_wconf 95' lang='lat' dir='ltr'><strong> </strong></span> 
     </span>
    </p>
   </div>
   <div class='ocr_carea' id='block_1_15' title="bbox 2436 439 4400 763">
    <p class='ocr_par' dir='ltr' id='par_1_20' title="bbox 2436 439 4400 763">
     <span class='ocr_line' id='line_1_53' title="bbox 4273 439 4400 507; baseline 0.039 -4"><span class='ocrx_word' id='word_1_322' title='bbox 4273 439 4400 507; x_wconf 76' lang='lat'><strong>150</strong></span> 
     </span>
     <span class='ocr_line' id='line_1_54' title="bbox 2436 621 4398 698; baseline 0.002 -18"><span class='ocrx_word' id='word_1_323' title='bbox 2436 623 2605 680; x_wconf 65' lang='lat' dir='ltr'><strong>Edit·</strong></span> <span class='ocrx_word' id='word_1_324' title='bbox 2649 622 2827 678; x_wconf 69' lang='lat' dir='ltr'><strong>est’iu</strong></span> <span class='ocrx_word' id='word_1_325' title='bbox 2862 622 2992 678; x_wconf 81' lang='lat' dir='ltr'><strong>Eun</strong></span> <span class='ocrx_word' id='word_1_326' title='bbox 3335 621 3596 680; x_wconf 80' lang='lat' dir='ltr'><strong>Oonfliete</strong></span> <span class='ocrx_word' id='word_1_327' title='bbox 3641 625 3739 678; x_wconf 82' lang='lat' dir='ltr'><strong>des</strong></span> <span class='ocrx_word' id='word_1_328' title='bbox 3774 625 4004 696; x_wconf 68' lang='lat' dir='ltr'><strong>Zv&#39;ngl.</strong></span> <span class='ocrx_word' id='word_1_329' title='bbox 4039 631 4141 680; x_wconf 81' lang='lat' dir='ltr'><strong>etc.</strong></span> <span class='ocrx_word' id='word_1_330' title='bbox 4176 643 4231 695; x_wconf 89' lang='lat' dir='ltr'><strong>p.</strong></span> <span class='ocrx_word' id='word_1_331' title='bbox 4267 626 4398 698; x_wconf 77' lang='lat'><strong>380,</strong></span> 
     </span>
     <span class='ocr_line' id='line_1_55' title="bbox 3043 694 3790 763; baseline 0.003 -18"><span class='ocrx_word' id='word_1_332' title='bbox 3043 707 3111 746; x_wconf 84' lang='lat' dir='ltr'><strong>ex</strong></span> <span class='ocrx_word' id='word_1_333' title='bbox 3197 694 3414 748; x_wconf 85' lang='lat' dir='ltr'><strong>ernensi</strong></span> <span class='ocrx_word' id='word_1_334' title='bbox 3449 694 3790 763; x_wconf 81' lang='lat' dir='ltr'><strong>exemplari.)</strong></span> 
     </span>
    </p>
   </div>
   <div class='ocr_carea' id='block_1_16' title="bbox 2435 879 4396 1119">
    <p class='ocr_par' dir='ltr' id='par_1_21' title="bbox 2435 879 4396 1119">
     <span class='ocr_line' id='line_1_56' title="bbox 2610 879 4396 965; baseline 0.002 -20"><span class='ocrx_word' id='word_1_335' title='bbox 2610 881 2878 946; x_wconf 82' lang='lat' dir='ltr'><strong>Eximia</strong></span> <span class='ocrx_word' id='word_1_336' title='bbox 2915 879 3285 946; x_wconf 79' lang='lat' dir='ltr'><strong>eruditione</strong></span> <span class='ocrx_word' id='word_1_337' title='bbox 3325 882 3514 947; x_wconf 81' lang='lat' dir='ltr'><strong>iuxta</strong></span> <span class='ocrx_word' id='word_1_338' title='bbox 3569 902 3644 947; x_wconf 87' lang='lat' dir='ltr'><strong>ao</strong></span> <span class='ocrx_word' id='word_1_339' title='bbox 3684 883 3930 965; x_wconf 87' lang='lat' dir='ltr'><strong>pietate</strong></span> <span class='ocrx_word' id='word_1_340' title='bbox 3973 883 4396 950; x_wconf 88' lang='lat' dir='ltr'><strong>ornatissimo</strong></span> 
     </span>
     <span class='ocr_line' id='line_1_57' title="bbox 2435 966 4396 1053; baseline 0.003 -22"><span class='ocrx_word' id='word_1_341' title='bbox 2435 966 2676 1032; x_wconf 81' lang='lat' dir='ltr'><strong>Ioanni</strong></span> <span class='ocrx_word' id='word_1_342' title='bbox 2709 966 2990 1033; x_wconf 79' lang='lat' dir='ltr'><strong>Calvino</strong></span> <span class='ocrx_word' id='word_1_343' title='bbox 3035 966 3227 1033; x_wconf 83' lang='lat' dir='ltr'><strong>fratri</strong></span> <span class='ocrx_word' id='word_1_344' title='bbox 3262 975 3330 1032; x_wconf 90' lang='lat' dir='ltr'><strong>et</strong></span> <span class='ocrx_word' id='word_1_345' title='bbox 3371 968 3581 1034; x_wconf 90' lang='lat' dir='ltr'><strong>amico</strong></span> <span class='ocrx_word' id='word_1_346' title='bbox 3616 968 3952 1035; x_wconf 89' lang='lat' dir='ltr'><strong>carissimo</strong></span> <span class='ocrx_word' id='word_1_347' title='bbox 3987 969 4396 1053; x_wconf 84' lang='lat' dir='ltr'><strong>Argentinae</strong></span> 
     </span>
     <span class='ocr_line' id='line_1_58' title="bbox 2437 1053 3026 1119; baseline 0 -1"><span class='ocrx_word' id='word_1_348' title='bbox 2437 1060 2555 1118; x_wconf 87' lang='lat' dir='ltr'><strong>aut</strong></span> <span class='ocrx_word' id='word_1_349' title='bbox 2596 1053 3026 1119; x_wconf 87' lang='lat' dir='ltr'><strong>Wormatiae.</strong></span> 
     </span>
    </p>
   </div>
   <div class='ocr_carea' id='block_1_17' title="bbox 2435 1187 4468 5044">
    <p class='ocr_par' dir='ltr' id='par_1_22' title="bbox 2435 1187 4468 5044">
     <span class='ocr_line' id='line_1_59' title="bbox 2611 1187 4398 1276; baseline 0.001 -20"><span class='ocrx_word' id='word_1_350' title='bbox 2611 1187 2682 1256; x_wconf 86' lang='lat' dir='ltr'><strong>S.</strong></span> <span class='ocrx_word' id='word_1_351' title='bbox 2730 1187 2924 1272; x_wconf 79' lang='lat' dir='ltr'><strong>Quod</strong></span> <span class='ocrx_word' id='word_1_352' title='bbox 2967 1190 3179 1257; x_wconf 87' lang='lat' dir='ltr'><strong>rarius</strong></span> <span class='ocrx_word' id='word_1_353' title='bbox 3223 1211 3299 1256; x_wconf 89' lang='lat' dir='ltr'><strong>ac</strong></span> <span class='ocrx_word' id='word_1_354' title='bbox 3340 1192 3601 1274; x_wconf 88' lang='lat' dir='ltr'><strong>parcius</strong></span> <span class='ocrx_word' id='word_1_355' title='bbox 3644 1187 3728 1255; x_wconf 84' lang='lat' dir='ltr'><strong>ad</strong></span> <span class='ocrx_word' id='word_1_356' title='bbox 3783 1196 3849 1254; x_wconf 87' lang='lat' dir='ltr'><strong>te</strong></span> <span class='ocrx_word' id='word_1_357' title='bbox 3904 1189 4277 1275; x_wconf 72' lang='lat' dir='ltr'><strong>scripserim</strong></span> <span class='ocrx_word' id='word_1_358' title='bbox 4329 1199 4398 1276; x_wconf 64' lang='lat' dir='ltr'><strong>et</strong></span> 
     </span>
     <span class='ocr_line' id='line_1_60' title="bbox 2437 1274 4395 1360; baseline 0.001 -19"><span class='ocrx_word' id='word_1_359' title='bbox 2437 1276 2721 1360; x_wconf 90' lang='lat' dir='ltr'><strong>reliquos</strong></span> <span class='ocrx_word' id='word_1_360' title='bbox 2779 1275 3014 1342; x_wconf 85' lang='lat' dir='ltr'><strong>fratres</strong></span> <span class='ocrx_word' id='word_1_361' title='bbox 3065 1275 3684 1360; x_wconf 83' lang='lat' dir='ltr'><strong>Argentoratenses,</strong></span> <span class='ocrx_word' id='word_1_362' title='bbox 3743 1274 3810 1340; x_wconf 90' lang='lat' dir='ltr'><strong>id</strong></span> <span class='ocrx_word' id='word_1_363' title='bbox 3868 1297 3956 1342; x_wconf 89' lang='lat' dir='ltr'><strong>ne</strong></span> <span class='ocrx_word' id='word_1_364' title='bbox 4011 1276 4175 1341; x_wconf 88' lang='lat' dir='ltr'><strong>mihi</strong></span> <span class='ocrx_word' id='word_1_365' title='bbox 4232 1275 4395 1342; x_wconf 84' lang='lat' dir='ltr'><strong>vitio</strong></span> 
     </span>
     <span class='ocr_line' id='line_1_61' title="bbox 2435 1361 4396 1446; baseline -0.001 -16"><span class='ocrx_word' id='word_1_366' title='bbox 2435 1372 2658 1430; x_wconf 84' lang='lat' dir='ltr'><strong>vertas</strong></span> <span class='ocrx_word' id='word_1_367' title='bbox 2701 1361 2967 1428; x_wconf 88' lang='lat' dir='ltr'><strong>obsecro</strong></span> <span class='ocrx_word' id='word_1_368' title='bbox 3012 1363 3198 1446; x_wconf 87' lang='lat' dir='ltr'><strong>quasi</strong></span> <span class='ocrx_word' id='word_1_369' title='bbox 3242 1384 3371 1427; x_wconf 91' lang='lat' dir='ltr'><strong>non</strong></span> <span class='ocrx_word' id='word_1_370' title='bbox 3427 1362 3669 1428; x_wconf 90' lang='lat' dir='ltr'><strong>iustam</strong></span> <span class='ocrx_word' id='word_1_371' title='bbox 3727 1361 4068 1427; x_wconf 83' lang='lat' dir='ltr'><strong>habuerim</strong></span> <span class='ocrx_word' id='word_1_372' title='bbox 4132 1369 4396 1429; x_wconf 87' lang='lat' dir='ltr'><strong>nostrae</strong></span> 
     </span>
     <span class='ocr_line' id='line_1_62' title="bbox 2438 1444 4396 1526; baseline -0.001 -11"><span class='ocrx_word' id='word_1_373' title='bbox 2438 1448 2766 1515; x_wconf 75' lang='lat' dir='ltr'><strong>amicitiae</strong></span> <span class='ocrx_word' id='word_1_374' title='bbox 2808 1448 3150 1526; x_wconf 90' lang='lat' dir='ltr'><strong>rationem,</strong></span> <span class='ocrx_word' id='word_1_375' title='bbox 3209 1457 3326 1513; x_wconf 92' lang='lat' dir='ltr'><strong>aut</strong></span> <span class='ocrx_word' id='word_1_376' title='bbox 3380 1469 3606 1513; x_wconf 86' lang='lat' dir='ltr'><strong>curam</strong></span> <span class='ocrx_word' id='word_1_377' title='bbox 3664 1445 3972 1513; x_wconf 87' lang='lat' dir='ltr'><strong>ecclesiae</strong></span> <span class='ocrx_word' id='word_1_378' title='bbox 4030 1444 4396 1514; x_wconf 88' lang='lat' dir='ltr'><strong>abiecerim.</strong></span> 
     </span>
     <span class='ocr_line' id='line_1_63' title="bbox 2437 1532 4397 1616; baseline 0 -16"><span class='ocrx_word' id='word_1_379' title='bbox 2437 1534 2592 1600; x_wconf 91' lang='lat' dir='ltr'><strong>Non</strong></span> <span class='ocrx_word' id='word_1_380' title='bbox 2634 1532 2953 1601; x_wconf 88' lang='lat' dir='ltr'><strong>causabor</strong></span> <span class='ocrx_word' id='word_1_381' title='bbox 2988 1533 3252 1616; x_wconf 83' lang='lat' dir='ltr'><strong>negotia</strong></span> <span class='ocrx_word' id='word_1_382' title='bbox 3286 1544 3353 1598; x_wconf 89' lang='lat' dir='ltr'><strong>et</strong></span> <span class='ocrx_word' id='word_1_383' title='bbox 3386 1534 3860 1615; x_wconf 74' lang='lat' dir='ltr'><strong>occupationes,</strong></span> <span class='ocrx_word' id='word_1_384' title='bbox 3908 1534 4209 1615; x_wconf 85' lang='lat' dir='ltr'><strong>quamvis</strong></span> <span class='ocrx_word' id='word_1_385' title='bbox 4252 1534 4397 1600; x_wconf 90' lang='lat' dir='ltr'><strong>iure</strong></span> 
     </span>
     <span class='ocr_line' id='line_1_64' title="bbox 2439 1617 4397 1704; baseline -0.001 -18"><span class='ocrx_word' id='word_1_386' title='bbox 2439 1641 2693 1704; x_wconf 89' lang='lat' dir='ltr'><strong>queam,</strong></span> <span class='ocrx_word' id='word_1_387' title='bbox 2753 1618 2871 1684; x_wconf 89' lang='lat' dir='ltr'><strong>sed</strong></span> <span class='ocrx_word' id='word_1_388' title='bbox 2916 1617 3404 1684; x_wconf 83' lang='lat' dir='ltr'><strong>tabellariorum</strong></span> <span class='ocrx_word' id='word_1_389' title='bbox 3459 1618 3674 1702; x_wconf 89' lang='lat' dir='ltr'><strong>potius</strong></span> <span class='ocrx_word' id='word_1_390' title='bbox 3729 1617 4042 1702; x_wconf 89' lang='lat' dir='ltr'><strong>inopiam,</strong></span> <span class='ocrx_word' id='word_1_391' title='bbox 4106 1626 4172 1683; x_wconf 89' lang='lat' dir='ltr'><strong>et</strong></span> <span class='ocrx_word' id='word_1_392' title='bbox 4223 1617 4397 1702; x_wconf 91' lang='lat' dir='ltr'><strong>quod</strong></span> 
     </span>
     <span class='ocr_line' id='line_1_65' title="bbox 2436 1702 4397 1788; baseline 0.001 -17"><span class='ocrx_word' id='word_1_393' title='bbox 2436 1706 2665 1771; x_wconf 90' lang='lat' dir='ltr'><strong>malim</strong></span> <span class='ocrx_word' id='word_1_394' title='bbox 2735 1704 2997 1770; x_wconf 89' lang='lat' dir='ltr'><strong>differre</strong></span> <span class='ocrx_word' id='word_1_395' title='bbox 3067 1704 3420 1788; x_wconf 90' lang='lat' dir='ltr'><strong>tantisper,</strong></span> <span class='ocrx_word' id='word_1_396' title='bbox 3504 1703 3659 1770; x_wconf 91' lang='lat' dir='ltr'><strong>dum</strong></span> <span class='ocrx_word' id='word_1_397' title='bbox 3736 1703 3979 1770; x_wconf 89' lang='lat' dir='ltr'><strong>certius</strong></span> <span class='ocrx_word' id='word_1_398' title='bbox 4059 1702 4397 1787; x_wconf 90' lang='lat' dir='ltr'><strong>quidpiam</strong></span> 
     </span>
     <span class='ocr_line' id='line_1_66' title="bbox 2440 1788 4400 1874; baseline -0.002 -16"><span class='ocrx_word' id='word_1_399' title='bbox 2440 1797 2815 1858; x_wconf 87' lang='lat' dir='ltr'><strong>occurreret</strong></span> <span class='ocrx_word' id='word_1_400' title='bbox 2850 1790 3122 1874; x_wconf 83' lang='lat' dir='ltr'><strong>dignum</strong></span> <span class='ocrx_word' id='word_1_401' title='bbox 3156 1790 3330 1873; x_wconf 90' lang='lat' dir='ltr'><strong>quod</strong></span> <span class='ocrx_word' id='word_1_402' title='bbox 3368 1788 3780 1857; x_wconf 76' lang='lat' dir='ltr'><strong>scriberetur.</strong></span> <span class='ocrx_word' id='word_1_403' title='bbox 3844 1789 4019 1855; x_wconf 89' lang='lat' dir='ltr'><strong>Nam</strong></span> <span class='ocrx_word' id='word_1_404' title='bbox 4056 1788 4400 1856; x_wconf 87' lang='lat' dir='ltr'><strong>audiebam</strong></span> 
     </span>
     <span class='ocr_line' id='line_1_67' title="bbox 2441 1874 4402 1961; baseline -0.001 -19"><span class='ocrx_word' id='word_1_405' title='bbox 2441 1885 2508 1942; x_wconf 90' lang='lat' dir='ltr'><strong>te</strong></span> <span class='ocrx_word' id='word_1_406' title='bbox 2553 1876 2968 1961; x_wconf 80' lang='lat' dir='ltr'><strong>gravioribus</strong></span> <span class='ocrx_word' id='word_1_407' title='bbox 3013 1887 3397 1960; x_wconf 90' lang='lat' dir='ltr'><strong>occupatum</strong></span> <span class='ocrx_word' id='word_1_408' title='bbox 3440 1883 3508 1941; x_wconf 89' lang='lat' dir='ltr'><strong>et</strong></span> <span class='ocrx_word' id='word_1_409' title='bbox 3562 1874 3816 1941; x_wconf 88' lang='lat' dir='ltr'><strong>nullam</strong></span> <span class='ocrx_word' id='word_1_410' title='bbox 3859 1897 4001 1940; x_wconf 87' lang='lat' dir='ltr'><strong>esse</strong></span> <span class='ocrx_word' id='word_1_411' title='bbox 4058 1895 4240 1958; x_wconf 88' lang='lat' dir='ltr'><strong>spem</strong></span> <span class='ocrx_word' id='word_1_412' title='bbox 4295 1875 4402 1940; x_wconf 91' lang='lat' dir='ltr'><strong>tui</strong></span> 
     </span>
     <span class='ocr_line' id='line_1_68' title="bbox 2443 1959 4402 2047; baseline -0.001 -19"><span class='ocrx_word' id='word_1_413' title='bbox 2443 1961 2528 2028; x_wconf 89' lang='lat' dir='ltr'><strong>ad</strong></span> <span class='ocrx_word' id='word_1_414' title='bbox 2570 1985 2690 2028; x_wconf 91' lang='lat' dir='ltr'><strong>nos</strong></span> <span class='ocrx_word' id='word_1_415' title='bbox 2732 1962 3074 2042; x_wconf 82' lang='lat' dir='ltr'><strong>adventus,</strong></span> <span class='ocrx_word' id='word_1_416' title='bbox 3132 1963 3514 2047; x_wconf 87' lang='lat' dir='ltr'><strong>priusquam</strong></span> <span class='ocrx_word' id='word_1_417' title='bbox 3571 1961 3835 2027; x_wconf 87' lang='lat' dir='ltr'><strong>comitia</strong></span> <span class='ocrx_word' id='word_1_418' title='bbox 3892 1959 4402 2027; x_wconf 87' lang='lat' dir='ltr'><strong>Wolmatiensia</strong></span> 
     </span>
     <span class='ocr_line' id='line_1_69' title="bbox 2443 2045 4401 2132; baseline -0.001 -19"><span class='ocrx_word' id='word_1_419' title='bbox 2443 2047 2951 2128; x_wconf 84' lang='lat' dir='ltr'><strong>dimitterentur,</strong></span> <span class='ocrx_word' id='word_1_420' title='bbox 2973 2048 3446 2132; x_wconf 85' lang='lat' dir='ltr'><strong>cupiebamque</strong></span> <span class='ocrx_word' id='word_1_421' title='bbox 3467 2046 3634 2111; x_wconf 87' lang='lat' dir='ltr'><strong>mihi</strong></span> <span class='ocrx_word' id='word_1_422' title='bbox 3660 2045 3969 2113; x_wconf 87' lang='lat' dir='ltr'><strong>ecclesiae</strong></span> <span class='ocrx_word' id='word_1_423' title='bbox 3984 2045 4401 2112; x_wconf 81' lang='lat' dir='ltr'><strong>Genevensis</strong></span> 
     </span>
     <span class='ocr_line' id='line_1_70' title="bbox 2444 2131 4400 2217; baseline -0.002 -17"><span class='ocrx_word' id='word_1_424' title='bbox 2444 2141 2694 2200; x_wconf 88' lang='lat' dir='ltr'><strong>statum</strong></span> <span class='ocrx_word' id='word_1_425' title='bbox 2730 2154 2872 2200; x_wconf 87' lang='lat' dir='ltr'><strong>esse</strong></span> <span class='ocrx_word' id='word_1_426' title='bbox 2908 2133 3431 2217; x_wconf 83' lang='lat' dir='ltr'><strong>exploratiorem,</strong></span> <span class='ocrx_word' id='word_1_427' title='bbox 3468 2141 3545 2197; x_wconf 89' lang='lat' dir='ltr'><strong>ut</strong></span> <span class='ocrx_word' id='word_1_428' title='bbox 3578 2131 3662 2197; x_wconf 85' lang='lat' dir='ltr'><strong>ad</strong></span> <span class='ocrx_word' id='word_1_429' title='bbox 3687 2141 3754 2197; x_wconf 90' lang='lat' dir='ltr'><strong>te</strong></span> <span class='ocrx_word' id='word_1_430' title='bbox 3774 2134 3993 2198; x_wconf 89' lang='lat' dir='ltr'><strong>omnia</strong></span> <span class='ocrx_word' id='word_1_431' title='bbox 4014 2132 4400 2217; x_wconf 88' lang='lat' dir='ltr'><strong>diligentius</strong></span> 
     </span>
     <span class='ocr_line' id='line_1_71' title="bbox 2442 2218 4402 2303; baseline -0.001 -19"><span class='ocrx_word' id='word_1_432' title='bbox 2442 2220 2815 2303; x_wconf 89' lang='lat' dir='ltr'><strong>certiusque</strong></span> <span class='ocrx_word' id='word_1_433' title='bbox 2858 2218 3351 2302; x_wconf 86' lang='lat' dir='ltr'><strong>perscriberem,</strong></span> <span class='ocrx_word' id='word_1_434' title='bbox 3409 2240 3538 2302; x_wconf 92' lang='lat' dir='ltr'><strong>quo</strong></span> <span class='ocrx_word' id='word_1_435' title='bbox 3596 2225 3673 2282; x_wconf 91' lang='lat' dir='ltr'><strong>tu</strong></span> <span class='ocrx_word' id='word_1_436' title='bbox 3728 2218 4020 2302; x_wconf 89' lang='lat' dir='ltr'><strong>paratior</strong></span> <span class='ocrx_word' id='word_1_437' title='bbox 4075 2240 4271 2297; x_wconf 79' lang='lat' dir='ltr'><strong>essee,</strong></span> <span class='ocrx_word' id='word_1_438' title='bbox 4334 2227 4402 2284; x_wconf 88' lang='lat' dir='ltr'><strong>et</strong></span> 
     </span>
     <span class='ocr_line' id='line_1_72' title="bbox 2444 2303 4401 2387; baseline 0.001 -17"><span class='ocrx_word' id='word_1_439' title='bbox 2444 2304 2525 2370; x_wconf 88' lang='lat' dir='ltr'><strong>de</strong></span> <span class='ocrx_word' id='word_1_440' title='bbox 2571 2305 2710 2371; x_wconf 91' lang='lat' dir='ltr'><strong>eius</strong></span> <span class='ocrx_word' id='word_1_441' title='bbox 2752 2303 3228 2372; x_wconf 87' lang='lat' dir='ltr'><strong>instauratione</strong></span> <span class='ocrx_word' id='word_1_442' title='bbox 3271 2305 3514 2371; x_wconf 88' lang='lat' dir='ltr'><strong>certius</strong></span> <span class='ocrx_word' id='word_1_443' title='bbox 3578 2303 3826 2387; x_wconf 90' lang='lat' dir='ltr'><strong>aliquid</strong></span> <span class='ocrx_word' id='word_1_444' title='bbox 3881 2325 4032 2369; x_wconf 86' lang='lat' dir='ltr'><strong>cum</strong></span> <span class='ocrx_word' id='word_1_445' title='bbox 4087 2304 4401 2371; x_wconf 84' lang='lat' dir='ltr'><strong>fratribus</strong></span> 
     </span>
     <span class='ocr_line' id='line_1_73' title="bbox 2444 2389 4400 2474; baseline 0 -18"><span class='ocrx_word' id='word_1_446' title='bbox 2444 2390 2891 2469; x_wconf 88' lang='lat' dir='ltr'><strong>constitueres,</strong></span> <span class='ocrx_word' id='word_1_447' title='bbox 2950 2392 3334 2474; x_wconf 88' lang='lat' dir='ltr'><strong>priusquam</strong></span> <span class='ocrx_word' id='word_1_448' title='bbox 3378 2391 3458 2456; x_wconf 90' lang='lat' dir='ltr'><strong>ab</strong></span> <span class='ocrx_word' id='word_1_449' title='bbox 3501 2389 3633 2456; x_wconf 89' lang='lat' dir='ltr'><strong>illis</strong></span> <span class='ocrx_word' id='word_1_450' title='bbox 3678 2389 4119 2456; x_wconf 80' lang='lat' dir='ltr'><strong>dimitteretis.</strong></span> <span class='ocrx_word' id='word_1_451' title='bbox 4205 2389 4400 2456; x_wconf 88' lang='lat' dir='ltr'><strong>Nunc</strong></span> 
     </span>
     <span class='ocr_line' id='line_1_74' title="bbox 2443 2474 4401 2560; baseline 0.001 -19"><span class='ocrx_word' id='word_1_452' title='bbox 2443 2498 2622 2554; x_wconf 80' lang='lat' dir='ltr'><strong>vere,</strong></span> <span class='ocrx_word' id='word_1_453' title='bbox 2675 2483 3022 2560; x_wconf 87' lang='lat' dir='ltr'><strong>postquam</strong></span> <span class='ocrx_word' id='word_1_454' title='bbox 3074 2477 3167 2541; x_wconf 91' lang='lat' dir='ltr'><strong>ita</strong></span> <span class='ocrx_word' id='word_1_455' title='bbox 3208 2478 3429 2542; x_wconf 83' lang='lat' dir='ltr'><strong>visum</strong></span> <span class='ocrx_word' id='word_1_456' title='bbox 3488 2483 3590 2540; x_wconf 89' lang='lat' dir='ltr'><strong>est</strong></span> <span class='ocrx_word' id='word_1_457' title='bbox 3645 2474 3967 2553; x_wconf 89' lang='lat' dir='ltr'><strong>Domin0,</strong></span> <span class='ocrx_word' id='word_1_458' title='bbox 4028 2482 4104 2540; x_wconf 89' lang='lat' dir='ltr'><strong>ut</strong></span> <span class='ocrx_word' id='word_1_459' title='bbox 4162 2475 4401 2542; x_wconf 79' lang='lat' dir='ltr'><strong>vestris</strong></span> 
     </span>
     <span class='ocr_line' id='line_1_75' title="bbox 2443 2559 4402 2647; baseline 0 -20"><span class='ocrx_word' id='word_1_460' title='bbox 2443 2562 2883 2645; x_wconf 86' lang='lat' dir='ltr'><strong>acquiescenti</strong></span> <span class='ocrx_word' id='word_1_461' title='bbox 2908 2559 2957 2647; x_wconf 93' lang='lat'><strong>¹)</strong></span> <span class='ocrx_word' id='word_1_462' title='bbox 3003 2561 3269 2628; x_wconf 89' lang='lat' dir='ltr'><strong>monitis</strong></span> <span class='ocrx_word' id='word_1_463' title='bbox 3306 2563 3641 2646; x_wconf 89' lang='lat' dir='ltr'><strong>hucusque</strong></span> <span class='ocrx_word' id='word_1_464' title='bbox 3675 2560 3942 2626; x_wconf 88' lang='lat' dir='ltr'><strong>tandem</strong></span> <span class='ocrx_word' id='word_1_465' title='bbox 3981 2562 4204 2626; x_wconf 87' lang='lat' dir='ltr'><strong>venire</strong></span> <span class='ocrx_word' id='word_1_466' title='bbox 4237 2561 4402 2627; x_wconf 88' lang='lat' dir='ltr'><strong>licu-</strong></span> 
     </span>
     <span class='ocr_line' id='line_1_76' title="bbox 2444 2646 4404 2732; baseline -0.001 -18"><span class='ocrx_word' id='word_1_467' title='bbox 2444 2649 2589 2726; x_wconf 89' lang='lat' dir='ltr'><strong>erit,</strong></span> <span class='ocrx_word' id='word_1_468' title='bbox 2634 2647 2806 2713; x_wconf 90' lang='lat' dir='ltr'><strong>bona</strong></span> <span class='ocrx_word' id='word_1_469' title='bbox 2825 2648 3196 2732; x_wconf 88' lang='lat' dir='ltr'><strong>principum</strong></span> <span class='ocrx_word' id='word_1_470' title='bbox 3217 2648 3659 2713; x_wconf 89' lang='lat' dir='ltr'><strong>Bernensium</strong></span> <span class='ocrx_word' id='word_1_471' title='bbox 3680 2647 3896 2725; x_wconf 79' lang='lat' dir='ltr'><strong>venia,</strong></span> <span class='ocrx_word' id='word_1_472' title='bbox 3923 2656 4119 2729; x_wconf 88' lang='lat' dir='ltr'><strong>atque</strong></span> <span class='ocrx_word' id='word_1_473' title='bbox 4139 2646 4404 2731; x_wconf 86' lang='lat' dir='ltr'><strong>singula</strong></span> 
     </span>
     <span class='ocr_line' id='line_1_77' title="bbox 2442 2731 4404 2818; baseline -0.002 -18"><span class='ocrx_word' id='word_1_474' title='bbox 2442 2734 2714 2818; x_wconf 86' lang='lat' dir='ltr'><strong>propius</strong></span> <span class='ocrx_word' id='word_1_475' title='bbox 2755 2733 3001 2799; x_wconf 88' lang='lat' dir='ltr'><strong>intueri</strong></span> <span class='ocrx_word' id='word_1_476' title='bbox 3044 2740 3113 2798; x_wconf 91' lang='lat' dir='ltr'><strong>et</strong></span> <span class='ocrx_word' id='word_1_477' title='bbox 3150 2733 3511 2818; x_wconf 80' lang='lat' dir='ltr'><strong>explorare,</strong></span> <span class='ocrx_word' id='word_1_478' title='bbox 3567 2731 3738 2798; x_wconf 88' lang='lat' dir='ltr'><strong>nihil</strong></span> <span class='ocrx_word' id='word_1_479' title='bbox 3791 2734 3924 2797; x_wconf 89' lang='lat' dir='ltr'><strong>iam</strong></span> <span class='ocrx_word' id='word_1_480' title='bbox 3968 2732 4150 2815; x_wconf 89' lang='lat' dir='ltr'><strong>prius</strong></span> <span class='ocrx_word' id='word_1_481' title='bbox 4196 2732 4404 2797; x_wconf 88' lang='lat' dir='ltr'><strong>habeo</strong></span> 
     </span>
     <span class='ocr_line' id='line_1_78' title="bbox 2444 2816 4405 2903; baseline 0 -19"><span class='ocrx_word' id='word_1_482' title='bbox 2444 2841 2642 2903; x_wconf 88' lang='lat' dir='ltr'><strong>quam</strong></span> <span class='ocrx_word' id='word_1_483' title='bbox 2685 2827 2762 2884; x_wconf 91' lang='lat' dir='ltr'><strong>ut</strong></span> <span class='ocrx_word' id='word_1_484' title='bbox 2816 2829 2881 2884; x_wconf 90' lang='lat' dir='ltr'><strong>te</strong></span> <span class='ocrx_word' id='word_1_485' title='bbox 2925 2819 3229 2885; x_wconf 89' lang='lat' dir='ltr'><strong>manibus</strong></span> <span class='ocrx_word' id='word_1_486' title='bbox 3275 2817 3673 2903; x_wconf 88' lang='lat' dir='ltr'><strong>pedibusque</strong></span> <span class='ocrx_word' id='word_1_487' title='bbox 3722 2816 4059 2902; x_wconf 90' lang='lat' dir='ltr'><strong>impellam</strong></span> <span class='ocrx_word' id='word_1_488' title='bbox 4100 2825 4178 2882; x_wconf 92' lang='lat' dir='ltr'><strong>ut</strong></span> <span class='ocrx_word' id='word_1_489' title='bbox 4220 2826 4292 2882; x_wconf 90' lang='lat' dir='ltr'><strong>tu</strong></span> <span class='ocrx_word' id='word_1_490' title='bbox 4337 2827 4405 2884; x_wconf 88' lang='lat' dir='ltr'><strong>te</strong></span> 
     </span>
     <span class='ocr_line' id='line_1_79' title="bbox 2443 2903 4400 2988; baseline -0.001 -18"><span class='ocrx_word' id='word_1_491' title='bbox 2443 2905 2576 2971; x_wconf 91' lang='lat' dir='ltr'><strong>huc</strong></span> <span class='ocrx_word' id='word_1_492' title='bbox 2653 2912 2912 2971; x_wconf 88' lang='lat' dir='ltr'><strong>mature</strong></span> <span class='ocrx_word' id='word_1_493' title='bbox 2991 2919 3058 2970; x_wconf 86' lang='lat' dir='ltr'><strong>et</strong></span> <span class='ocrx_word' id='word_1_494' title='bbox 3132 2924 3329 2988; x_wconf 88' lang='lat' dir='ltr'><strong>quam</strong></span> <span class='ocrx_word' id='word_1_495' title='bbox 3390 2904 3637 2987; x_wconf 88' lang='lat' dir='ltr'><strong>poteris</strong></span> <span class='ocrx_word' id='word_1_496' title='bbox 3702 2925 3777 2970; x_wconf 91' lang='lat' dir='ltr'><strong>oc</strong></span> <span class='ocrx_word' id='word_1_497' title='bbox 3825 2903 4023 2970; x_wconf 90' lang='lat' dir='ltr'><strong>ssime</strong></span> <span class='ocrx_word' id='word_1_498' title='bbox 4087 2903 4400 2969; x_wconf 82' lang='lat' dir='ltr'><strong>conferas.</strong></span> 
     </span>
     <span class='ocr_line' id='line_1_80' title="bbox 2446 2988 4405 3075; baseline -0.002 -18"><span class='ocrx_word' id='word_1_499' title='bbox 2446 2990 2659 3075; x_wconf 80' lang='lat' dir='ltr'><strong>Spero</strong></span> <span class='ocrx_word' id='word_1_500' title='bbox 2702 2991 2879 3056; x_wconf 89' lang='lat' dir='ltr'><strong>enim</strong></span> <span class='ocrx_word' id='word_1_501' title='bbox 2924 3012 3008 3056; x_wconf 75' lang='lat' dir='ltr'><strong>ex</strong></span> <span class='ocrx_word' id='word_1_502' title='bbox 3051 2998 3164 3055; x_wconf 90' lang='lat' dir='ltr'><strong>tuo</strong></span> <span class='ocrx_word' id='word_1_503' title='bbox 3210 2990 3502 3057; x_wconf 84' lang='lat' dir='ltr'><strong>adventu</strong></span> <span class='ocrx_word' id='word_1_504' title='bbox 3538 3012 3672 3055; x_wconf 91' lang='lat' dir='ltr'><strong>non</strong></span> <span class='ocrx_word' id='word_1_505' title='bbox 3707 3011 3780 3055; x_wconf 91' lang='lat' dir='ltr'><strong>so</strong></span> <span class='ocrx_word' id='word_1_506' title='bbox 3808 3011 3923 3054; x_wconf 91' lang='lat' dir='ltr'><strong>um</strong></span> <span class='ocrx_word' id='word_1_507' title='bbox 3958 2988 4042 3054; x_wconf 89' lang='lat' dir='ltr'><strong>ad</strong></span> <span class='ocrx_word' id='word_1_508' title='bbox 4078 2990 4253 3057; x_wconf 83' lang='lat' dir='ltr'><strong>cives</strong></span> <span class='ocrx_word' id='word_1_509' title='bbox 4289 2988 4405 3055; x_wconf 88' lang='lat' dir='ltr'><strong>sed</strong></span> 
     </span>
     <span class='ocr_line' id='line_1_81' title="bbox 2442 3073 4408 3161; baseline -0.001 -18"><span class='ocrx_word' id='word_1_510' title='bbox 2442 3078 2588 3161; x_wconf 90' lang='lat' dir='ltr'><strong>pios</strong></span> <span class='ocrx_word' id='word_1_511' title='bbox 2632 3099 2888 3157; x_wconf 90' lang='lat' dir='ltr'><strong>omnes,</strong></span> <span class='ocrx_word' id='word_1_512' title='bbox 2976 3098 3096 3143; x_wconf 91' lang='lat' dir='ltr'><strong>uos</strong></span> <span class='ocrx_word' id='word_1_513' title='bbox 3141 3076 3303 3141; x_wconf 89' lang='lat' dir='ltr'><strong>haec</strong></span> <span class='ocrx_word' id='word_1_514' title='bbox 3346 3075 3548 3141; x_wconf 86' lang='lat' dir='ltr'><strong>habet</strong></span> <span class='ocrx_word' id='word_1_515' title='bbox 3585 3075 3828 3142; x_wconf 79' lang='lat' dir='ltr'><strong>vicinia</strong></span> <span class='ocrx_word' id='word_1_516' title='bbox 3868 3073 3936 3140; x_wconf 82' lang='lat' dir='ltr'><strong>et</strong></span> <span class='ocrx_word' id='word_1_517' title='bbox 3978 3074 4201 3141; x_wconf 82' lang='lat' dir='ltr'><strong>Gallia</strong></span> <span class='ocrx_word' id='word_1_518' title='bbox 4244 3082 4408 3154; x_wconf 88' lang='lat' dir='ltr'><strong>tota,</strong></span> 
     </span>
     <span class='ocr_line' id='line_1_82' title="bbox 2444 3159 4409 3248; baseline -0.001 -19"><span class='ocrx_word' id='word_1_519' title='bbox 2444 3163 2807 3248; x_wconf 89' lang='lat' dir='ltr'><strong>plurimum</strong></span> <span class='ocrx_word' id='word_1_520' title='bbox 2870 3184 2953 3229; x_wconf 79' lang='lat' dir='ltr'><strong>vo</strong></span> <span class='ocrx_word' id='word_1_521' title='bbox 2981 3162 3228 3245; x_wconf 85' lang='lat' dir='ltr'><strong>uptatis</strong></span> <span class='ocrx_word' id='word_1_522' title='bbox 3294 3169 3361 3227; x_wconf 91' lang='lat' dir='ltr'><strong>et</strong></span> <span class='ocrx_word' id='word_1_523' title='bbox 3424 3161 3725 3227; x_wconf 89' lang='lat' dir='ltr'><strong>utilitatis</strong></span> <span class='ocrx_word' id='word_1_524' title='bbox 3783 3160 4166 3228; x_wconf 87' lang='lat' dir='ltr'><strong>rediturum.</strong></span> <span class='ocrx_word' id='word_1_525' title='bbox 4267 3159 4409 3228; x_wconf 78' lang='lat' dir='ltr'><strong>Vix</strong></span> 
     </span>
     <span class='ocr_line' id='line_1_83' title="bbox 2444 3245 4411 3332; baseline -0.001 -18"><span class='ocrx_word' id='word_1_526' title='bbox 2444 3249 2566 3315; x_wconf 90' lang='lat' dir='ltr'><strong>tibi</strong></span> <span class='ocrx_word' id='word_1_527' title='bbox 2610 3249 3011 3332; x_wconf 87' lang='lat' dir='ltr'><strong>persuaseris</strong></span> <span class='ocrx_word' id='word_1_528' title='bbox 3054 3269 3181 3332; x_wconf 92' lang='lat' dir='ltr'><strong>quo</strong></span> <span class='ocrx_word' id='word_1_529' title='bbox 3224 3246 3550 3332; x_wconf 88' lang='lat' dir='ltr'><strong>applausu</strong></span> <span class='ocrx_word' id='word_1_530' title='bbox 3594 3245 4006 3331; x_wconf 80' lang='lat' dir='ltr'><strong>excipiantur</strong></span> <span class='ocrx_word' id='word_1_531' title='bbox 4041 3247 4411 3327; x_wconf 89' lang='lat' dir='ltr'><strong>conciones,</strong></span> 
     </span>
     <span class='ocr_line' id='line_1_84' title="bbox 2445 3332 4407 3420; baseline -0.001 -20"><span class='ocrx_word' id='word_1_532' title='bbox 2445 3343 2737 3418; x_wconf 88' lang='lat' dir='ltr'><strong>quantus</strong></span> <span class='ocrx_word' id='word_1_533' title='bbox 2781 3335 2870 3400; x_wconf 89' lang='lat' dir='ltr'><strong>sit</strong></span> <span class='ocrx_word' id='word_1_534' title='bbox 2908 3332 2993 3398; x_wconf 88' lang='lat' dir='ltr'><strong>ad</strong></span> <span class='ocrx_word' id='word_1_535' title='bbox 3047 3355 3156 3400; x_wconf 86' lang='lat' dir='ltr'><strong>eas</strong></span> <span class='ocrx_word' id='word_1_536' title='bbox 3199 3332 3542 3398; x_wconf 89' lang='lat' dir='ltr'><strong>hominum</strong></span> <span class='ocrx_word' id='word_1_537' title='bbox 3599 3354 3972 3413; x_wconf 87' lang='lat' dir='ltr'><strong>concursus,</strong></span> <span class='ocrx_word' id='word_1_538' title='bbox 4033 3353 4202 3417; x_wconf 90' lang='lat' dir='ltr'><strong>quae</strong></span> <span class='ocrx_word' id='word_1_539' title='bbox 4254 3352 4407 3420; x_wconf 91' lang='lat' dir='ltr'><strong>per-</strong></span> 
     </span>
     <span class='ocr_line' id='line_1_85' title="bbox 2446 3418 4408 3503; baseline -0.003 -16"><span class='ocrx_word' id='word_1_540' title='bbox 2446 3420 2836 3499; x_wconf 85' lang='lat' dir='ltr'><strong>severantia,</strong></span> <span class='ocrx_word' id='word_1_541' title='bbox 2882 3440 3049 3503; x_wconf 89' lang='lat' dir='ltr'><strong>quae</strong></span> <span class='ocrx_word' id='word_1_542' title='bbox 3093 3418 3536 3502; x_wconf 86' lang='lat' dir='ltr'><strong>tranquillitas</strong></span> <span class='ocrx_word' id='word_1_543' title='bbox 3569 3418 3984 3502; x_wconf 89' lang='lat' dir='ltr'><strong>reipublicae,</strong></span> <span class='ocrx_word' id='word_1_544' title='bbox 4034 3438 4235 3502; x_wconf 86' lang='lat' dir='ltr'><strong>quam</strong></span> <span class='ocrx_word' id='word_1_545' title='bbox 4270 3425 4408 3482; x_wconf 86' lang='lat' dir='ltr'><strong>tota</strong></span> 
     </span>
     <span class='ocr_line' id='line_1_86' title="bbox 2446 3502 4468 3588; baseline -0.003 -17"><span class='ocrx_word' id='word_1_546' title='bbox 2446 3506 2538 3571; x_wconf 87' lang='lat' dir='ltr'><strong>sit</strong></span> <span class='ocrx_word' id='word_1_547' title='bbox 2606 3506 2956 3572; x_wconf 88' lang='lat' dir='ltr'><strong>immutata</strong></span> <span class='ocrx_word' id='word_1_548' title='bbox 3033 3512 3100 3571; x_wconf 89' lang='lat' dir='ltr'><strong>et</strong></span> <span class='ocrx_word' id='word_1_549' title='bbox 3176 3505 3374 3570; x_wconf 87' lang='lat' dir='ltr'><strong>aliam</strong></span> <span class='ocrx_word' id='word_1_550' title='bbox 3453 3506 3713 3588; x_wconf 87' lang='lat' dir='ltr'><strong>penitus</strong></span> <span class='ocrx_word' id='word_1_551' title='bbox 3789 3505 4021 3570; x_wconf 87' lang='lat' dir='ltr'><strong>faciem</strong></span> <span class='ocrx_word' id='word_1_552' title='bbox 4095 3502 4408 3569; x_wconf 88' lang='lat' dir='ltr'><strong>induerit.</strong></span> <span class='ocrx_word' id='word_1_553' title='bbox 4445 3556 4468 3564; x_wconf 71' lang='lat'><strong>-</strong></span> 
     </span>
     <span class='ocr_line' id='line_1_87' title="bbox 2446 3588 4408 3657; baseline -0.002 0"><span class='ocrx_word' id='word_1_554' title='bbox 2446 3592 2675 3657; x_wconf 83' lang='lat' dir='ltr'><strong>Fracti</strong></span> <span class='ocrx_word' id='word_1_555' title='bbox 2718 3601 2875 3657; x_wconf 88' lang='lat' dir='ltr'><strong>sunt</strong></span> <span class='ocrx_word' id='word_1_556' title='bbox 2916 3613 3143 3657; x_wconf 87' lang='lat' dir='ltr'><strong>omnes</strong></span> <span class='ocrx_word' id='word_1_557' title='bbox 3188 3601 3322 3656; x_wconf 88' lang='lat' dir='ltr'><strong>tam</strong></span> <span class='ocrx_word' id='word_1_558' title='bbox 3367 3590 3613 3657; x_wconf 89' lang='lat' dir='ltr'><strong>crebris</strong></span> <span class='ocrx_word' id='word_1_559' title='bbox 3669 3589 4059 3656; x_wconf 86' lang='lat' dir='ltr'><strong>factionibus</strong></span> <span class='ocrx_word' id='word_1_560' title='bbox 4118 3596 4187 3653; x_wconf 95' lang='lat' dir='ltr'><strong>et</strong></span> <span class='ocrx_word' id='word_1_561' title='bbox 4241 3588 4408 3654; x_wconf 87' lang='lat' dir='ltr'><strong>sedi-</strong></span> 
     </span>
     <span class='ocr_line' id='line_1_88' title="bbox 2446 3675 4405 3761; baseline -0.001 -19"><span class='ocrx_word' id='word_1_562' title='bbox 2446 3678 2755 3756; x_wconf 89' lang='lat' dir='ltr'><strong>tionibus,</strong></span> <span class='ocrx_word' id='word_1_563' title='bbox 2799 3677 3091 3761; x_wconf 89' lang='lat' dir='ltr'><strong>miroque</strong></span> <span class='ocrx_word' id='word_1_564' title='bbox 3145 3676 3525 3742; x_wconf 89' lang='lat' dir='ltr'><strong>afficiuntur</strong></span> <span class='ocrx_word' id='word_1_565' title='bbox 3566 3675 3798 3755; x_wconf 88' lang='lat' dir='ltr'><strong>taedio,</strong></span> <span class='ocrx_word' id='word_1_566' title='bbox 3845 3675 4005 3740; x_wconf 88' lang='lat' dir='ltr'><strong>adeo</strong></span> <span class='ocrx_word' id='word_1_567' title='bbox 4049 3685 4124 3738; x_wconf 89' lang='lat' dir='ltr'><strong>ut</strong></span> <span class='ocrx_word' id='word_1_568' title='bbox 4167 3675 4405 3744; x_wconf 79' lang='lat' dir='ltr'><strong>exhor·</strong></span> 
     </span>
     <span class='ocr_line' id='line_1_89' title="bbox 2448 3762 4410 3845; baseline 0 -18"><span class='ocrx_word' id='word_1_569' title='bbox 2448 3773 2713 3832; x_wconf 88' lang='lat' dir='ltr'><strong>rescant</strong></span> <span class='ocrx_word' id='word_1_570' title='bbox 2771 3762 2855 3829; x_wconf 87' lang='lat' dir='ltr'><strong>ad</strong></span> <span class='ocrx_word' id='word_1_571' title='bbox 2910 3784 3137 3828; x_wconf 88' lang='lat' dir='ltr'><strong>earum</strong></span> <span class='ocrx_word' id='word_1_572' title='bbox 3193 3762 3615 3838; x_wconf 88' lang='lat' dir='ltr'><strong>mentionem,</strong></span> <span class='ocrx_word' id='word_1_573' title='bbox 3670 3769 4118 3845; x_wconf 68' lang='lat' dir='ltr'><strong>cogantur-que</strong></span> <span class='ocrx_word' id='word_1_574' title='bbox 4175 3782 4410 3827; x_wconf 86' lang='lat' dir='ltr'><strong>omnes</strong></span> 
     </span>
     <span class='ocr_line' id='line_1_90' title="bbox 2447 3846 4406 3931; baseline 0.001 -18"><span class='ocrx_word' id='word_1_575' title='bbox 2447 3870 2722 3915; x_wconf 89' lang='lat' dir='ltr'><strong>manum</strong></span> <span class='ocrx_word' id='word_1_576' title='bbox 2758 3848 3030 3914; x_wconf 90' lang='lat' dir='ltr'><strong>Domini</strong></span> <span class='ocrx_word' id='word_1_577' title='bbox 3064 3868 3420 3931; x_wconf 84' lang='lat' dir='ltr'><strong>agnoscere</strong></span> <span class='ocrx_word' id='word_1_578' title='bbox 3457 3855 3523 3912; x_wconf 89' lang='lat' dir='ltr'><strong>et</strong></span> <span class='ocrx_word' id='word_1_579' title='bbox 3557 3846 3766 3924; x_wconf 88' lang='lat' dir='ltr'><strong>fateri,</strong></span> <span class='ocrx_word' id='word_1_580' title='bbox 3802 3866 3877 3912; x_wconf 91' lang='lat' dir='ltr'><strong>ac</strong></span> <span class='ocrx_word' id='word_1_581' title='bbox 3912 3867 4110 3929; x_wconf 89' lang='lat' dir='ltr'><strong>quam</strong></span> <span class='ocrx_word' id='word_1_582' title='bbox 4134 3866 4406 3914; x_wconf 83' lang='lat' dir='ltr'><strong>severus</strong></span> 
     </span>
     <span class='ocr_line' id='line_1_91' title="bbox 2450 3932 4409 4022; baseline -0.002 -23"><span class='ocrx_word' id='word_1_583' title='bbox 2450 3933 2697 4001; x_wconf 83' lang='lat' dir='ltr'><strong>vindex</strong></span> <span class='ocrx_word' id='word_1_584' title='bbox 2737 3935 2823 3999; x_wconf 90' lang='lat' dir='ltr'><strong>sit</strong></span> <span class='ocrx_word' id='word_1_585' title='bbox 2865 3934 3190 4022; x_wconf 83' lang='lat' dir='ltr'><strong>evangelii</strong></span> <span class='ocrx_word' id='word_1_586' title='bbox 3233 3943 3430 4017; x_wconf 89' lang='lat' dir='ltr'><strong>atque</strong></span> <span class='ocrx_word' id='word_1_587' title='bbox 3473 3934 3612 3998; x_wconf 90' lang='lat' dir='ltr'><strong>eius</strong></span> <span class='ocrx_word' id='word_1_588' title='bbox 3654 3932 4005 3998; x_wconf 88' lang='lat' dir='ltr'><strong>ministerii</strong></span> <span class='ocrx_word' id='word_1_589' title='bbox 4045 3933 4409 4015; x_wconf 85' lang='lat' dir='ltr'><strong>contempti</strong></span> 
     </span>
     <span class='ocr_line' id='line_1_92' title="bbox 2449 4017 4405 4101; baseline -0.001 -15"><span class='ocrx_word' id='word_1_590' title='bbox 2449 4040 2524 4086; x_wconf 91' lang='lat' dir='ltr'><strong>ac</strong></span> <span class='ocrx_word' id='word_1_591' title='bbox 2568 4021 2808 4086; x_wconf 89' lang='lat' dir='ltr'><strong>reiecti.</strong></span> <span class='ocrx_word' id='word_1_592' title='bbox 2899 4019 3132 4086; x_wconf 88' lang='lat' dir='ltr'><strong>Nullas</strong></span> <span class='ocrx_word' id='word_1_593' title='bbox 3175 4019 3405 4085; x_wconf 88' lang='lat' dir='ltr'><strong>audias</strong></span> <span class='ocrx_word' id='word_1_594' title='bbox 3448 4017 3694 4094; x_wconf 78' lang='lat' dir='ltr'><strong>turbae,</strong></span> <span class='ocrx_word' id='word_1_595' title='bbox 3740 4039 3932 4083; x_wconf 88' lang='lat' dir='ltr'><strong>nemo</strong></span> <span class='ocrx_word' id='word_1_596' title='bbox 3977 4018 4090 4101; x_wconf 89' lang='lat' dir='ltr'><strong>qui</strong></span> <span class='ocrx_word' id='word_1_597' title='bbox 4130 4017 4405 4084; x_wconf 86' lang='lat' dir='ltr'><strong>insoles·</strong></span> 
     </span>
     <span class='ocr_line' id='line_1_93' title="bbox 2449 4101 4405 4191; baseline -0.001 -20"><span class='ocrx_word' id='word_1_598' title='bbox 2449 4128 2596 4172; x_wconf 88' lang='lat' dir='ltr'><strong>cere</strong></span> <span class='ocrx_word' id='word_1_599' title='bbox 2633 4106 2823 4185; x_wconf 90' lang='lat' dir='ltr'><strong>ausit,</strong></span> <span class='ocrx_word' id='word_1_600' title='bbox 2859 4127 3087 4171; x_wconf 90' lang='lat' dir='ltr'><strong>omnes</strong></span> <span class='ocrx_word' id='word_1_601' title='bbox 3123 4114 3449 4191; x_wconf 85' lang='lat' dir='ltr'><strong>coguntur</strong></span> <span class='ocrx_word' id='word_1_602' title='bbox 3481 4104 3553 4169; x_wconf 91' lang='lat' dir='ltr'><strong>in</strong></span> <span class='ocrx_word' id='word_1_603' title='bbox 3589 4101 3903 4169; x_wconf 88' lang='lat' dir='ltr'><strong>ordinem.</strong></span> <span class='ocrx_word' id='word_1_604' title='bbox 3973 4103 4405 4186; x_wconf 80' lang='lat' dir='ltr'><strong>Magistratus</strong></span> 
     </span>
     <span class='ocr_line' id='line_1_94' title="bbox 2448 4188 4410 4271; baseline -0.003 -14"><span class='ocrx_word' id='word_1_605' title='bbox 2448 4191 2729 4258; x_wconf 86' lang='lat' dir='ltr'><strong>verbum</strong></span> <span class='ocrx_word' id='word_1_606' title='bbox 2806 4200 3168 4271; x_wconf 86' lang='lat' dir='ltr'><strong>reveretur,</strong></span> <span class='ocrx_word' id='word_1_607' title='bbox 3241 4191 3679 4257; x_wconf 83' lang='lat' dir='ltr'><strong>ministerium</strong></span> <span class='ocrx_word' id='word_1_608' title='bbox 3744 4190 3814 4254; x_wconf 89' lang='lat' dir='ltr'><strong>in</strong></span> <span class='ocrx_word' id='word_1_609' title='bbox 3883 4210 4143 4255; x_wconf 89' lang='lat' dir='ltr'><strong>summo</strong></span> <span class='ocrx_word' id='word_1_610' title='bbox 4207 4188 4410 4253; x_wconf 89' lang='lat' dir='ltr'><strong>habet</strong></span> 
     </span>
     <span class='ocr_line' id='line_1_95' title="bbox 2449 4273 4405 4362; baseline -0.001 -20"><span class='ocrx_word' id='word_1_611' title='bbox 2449 4280 2690 4362; x_wconf 89' lang='lat' dir='ltr'><strong>pretio,</strong></span> <span class='ocrx_word' id='word_1_612' title='bbox 2735 4277 2904 4342; x_wconf 87' lang='lat' dir='ltr'><strong>nibil</strong></span> <span class='ocrx_word' id='word_1_613' title='bbox 2950 4286 3197 4342; x_wconf 90' lang='lat' dir='ltr'><strong>temere</strong></span> <span class='ocrx_word' id='word_1_614' title='bbox 3242 4275 3622 4361; x_wconf 85' lang='lat' dir='ltr'><strong>adgreditur</strong></span> <span class='ocrx_word' id='word_1_615' title='bbox 3665 4278 3734 4340; x_wconf 92' lang='lat' dir='ltr'><strong>in</strong></span> <span class='ocrx_word' id='word_1_616' title='bbox 3777 4295 3972 4341; x_wconf 87' lang='lat' dir='ltr'><strong>causa</strong></span> <span class='ocrx_word' id='word_1_617' title='bbox 4011 4273 4286 4339; x_wconf 90' lang='lat' dir='ltr'><strong>Domini</strong></span> <span class='ocrx_word' id='word_1_618' title='bbox 4329 4296 4405 4340; x_wconf 89' lang='lat' dir='ltr'><strong>eo</strong></span> 
     </span>
     <span class='ocr_line' id='line_1_96' title="bbox 2448 4359 4402 4446; baseline -0.001 -19"><span class='ocrx_word' id='word_1_619' title='bbox 2448 4362 2841 4441; x_wconf 88' lang='lat' dir='ltr'><strong>inconsulto,</strong></span> <span class='ocrx_word' id='word_1_620' title='bbox 2887 4370 3076 4446; x_wconf 89' lang='lat' dir='ltr'><strong>paret</strong></span> <span class='ocrx_word' id='word_1_621' title='bbox 3116 4373 3183 4427; x_wconf 90' lang='lat' dir='ltr'><strong>et</strong></span> <span class='ocrx_word' id='word_1_622' title='bbox 3223 4362 3503 4429; x_wconf 89' lang='lat' dir='ltr'><strong>libenter</strong></span> <span class='ocrx_word' id='word_1_623' title='bbox 3544 4384 3734 4427; x_wconf 86' lang='lat' dir='ltr'><strong>aures</strong></span> <span class='ocrx_word' id='word_1_624' title='bbox 3777 4361 4044 4444; x_wconf 86' lang='lat' dir='ltr'><strong>praebet</strong></span> <span class='ocrx_word' id='word_1_625' title='bbox 4077 4359 4402 4425; x_wconf 88' lang='lat' dir='ltr'><strong>monitori.</strong></span> 
     </span>
     <span class='ocr_line' id='line_1_97' title="bbox 2451 4447 4402 4529; baseline -0.003 -15"><span class='ocrx_word' id='word_1_626' title='bbox 2451 4448 2671 4515; x_wconf 89' lang='lat' dir='ltr'><strong>Offert</strong></span> <span class='ocrx_word' id='word_1_627' title='bbox 2725 4449 2913 4514; x_wconf 89' lang='lat' dir='ltr'><strong>nobis</strong></span> <span class='ocrx_word' id='word_1_628' title='bbox 2984 4447 3311 4514; x_wconf 90' lang='lat' dir='ltr'><strong>Dominus</strong></span> <span class='ocrx_word' id='word_1_629' title='bbox 3366 4448 3768 4514; x_wconf 88' lang='lat' dir='ltr'><strong>occasionem</strong></span> <span class='ocrx_word' id='word_1_630' title='bbox 3826 4452 4402 4529; x_wconf 90' lang='lat' dir='ltr'><strong>peropportunam,</strong></span> 
     </span>
     <span class='ocr_line' id='line_1_98' title="bbox 2451 4529 4404 4618; baseline -0.003 -17"><span class='ocrx_word' id='word_1_631' title='bbox 2451 4556 2649 4618; x_wconf 88' lang='lat' dir='ltr'><strong>quam</strong></span> <span class='ocrx_word' id='word_1_632' title='bbox 2716 4535 2770 4600; x_wconf 89' lang='lat' dir='ltr'><strong>si</strong></span> <span class='ocrx_word' id='word_1_633' title='bbox 2834 4534 3238 4618; x_wconf 78' lang='lat' dir='ltr'><strong>neglexeris,</strong></span> <span class='ocrx_word' id='word_1_634' title='bbox 3308 4532 3595 4613; x_wconf 72' lang='lat' dir='ltr'><strong>Calvina,</strong></span> <span class='ocrx_word' id='word_1_635' title='bbox 3661 4530 3839 4597; x_wconf 83' lang='lat' dir='ltr'><strong>haud</strong></span> <span class='ocrx_word' id='word_1_636' title='bbox 3902 4529 4094 4597; x_wconf 86' lang='lat' dir='ltr'><strong>dubie</strong></span> <span class='ocrx_word' id='word_1_637' title='bbox 4158 4551 4404 4616; x_wconf 88' lang='lat' dir='ltr'><strong>poenas</strong></span> 
     </span>
     <span class='ocr_line' id='line_1_99' title="bbox 2450 4615 4402 4704; baseline -0.003 -18"><span class='ocrx_word' id='word_1_638' title='bbox 2450 4621 2790 4704; x_wconf 84' lang='lat' dir='ltr'><strong>neglectae</strong></span> <span class='ocrx_word' id='word_1_639' title='bbox 2833 4619 3141 4687; x_wconf 87' lang='lat' dir='ltr'><strong>ecclesiae</strong></span> <span class='ocrx_word' id='word_1_640' title='bbox 3185 4639 3317 4683; x_wconf 90' lang='lat' dir='ltr'><strong>non</strong></span> <span class='ocrx_word' id='word_1_641' title='bbox 3362 4619 3477 4684; x_wconf 86' lang='lat' dir='ltr'><strong>abs</strong></span> <span class='ocrx_word' id='word_1_642' title='bbox 3520 4629 3585 4683; x_wconf 85' lang='lat' dir='ltr'><strong>te</strong></span> <span class='ocrx_word' id='word_1_643' title='bbox 3629 4618 3860 4696; x_wconf 88' lang='lat' dir='ltr'><strong>solum,</strong></span> <span class='ocrx_word' id='word_1_644' title='bbox 3906 4615 4021 4682; x_wconf 89' lang='lat' dir='ltr'><strong>sed</strong></span> <span class='ocrx_word' id='word_1_645' title='bbox 4055 4616 4140 4681; x_wconf 91' lang='lat' dir='ltr'><strong>iis</strong></span> <span class='ocrx_word' id='word_1_646' title='bbox 4181 4616 4294 4700; x_wconf 91' lang='lat' dir='ltr'><strong>qui</strong></span> <span class='ocrx_word' id='word_1_647' title='bbox 4337 4625 4402 4682; x_wconf 90' lang='lat' dir='ltr'><strong>te</strong></span> 
     </span>
     <span class='ocr_line' id='line_1_100' title="bbox 2450 4702 4406 4788; baseline -0.003 -18"><span class='ocrx_word' id='word_1_648' title='bbox 2450 4706 2976 4784; x_wconf 89' lang='lat' dir='ltr'><strong>remorabuntur,</strong></span> <span class='ocrx_word' id='word_1_649' title='bbox 3036 4715 3331 4788; x_wconf 88' lang='lat' dir='ltr'><strong>reposcet</strong></span> <span class='ocrx_word' id='word_1_650' title='bbox 3387 4702 3732 4769; x_wconf 86' lang='lat' dir='ltr'><strong>Dominus.</strong></span> <span class='ocrx_word' id='word_1_651' title='bbox 3833 4703 4048 4784; x_wconf 75' lang='lat' dir='ltr'><strong>Quam</strong></span> <span class='ocrx_word' id='word_1_652' title='bbox 4104 4703 4160 4767; x_wconf 91' lang='lat' dir='ltr'><strong>si</strong></span> <span class='ocrx_word' id='word_1_653' title='bbox 4215 4702 4406 4766; x_wconf 92' lang='lat' dir='ltr'><strong>nobis</strong></span> 
     </span>
     <span class='ocr_line' id='line_1_101' title="bbox 2451 4787 4402 4867; baseline -0.004 -11"><span class='ocrx_word' id='word_1_654' title='bbox 2451 4791 2622 4856; x_wconf 89' lang='lat' dir='ltr'><strong>elabi</strong></span> <span class='ocrx_word' id='word_1_655' title='bbox 2665 4794 2960 4857; x_wconf 88' lang='lat' dir='ltr'><strong>sinamus</strong></span> <span class='ocrx_word' id='word_1_656' title='bbox 3004 4811 3041 4856; x_wconf 91' lang='lat' dir='ltr'><strong>e</strong></span> <span class='ocrx_word' id='word_1_657' title='bbox 3081 4787 3404 4867; x_wconf 89' lang='lat' dir='ltr'><strong>manibus,</strong></span> <span class='ocrx_word' id='word_1_658' title='bbox 3461 4790 3658 4853; x_wconf 89' lang='lat' dir='ltr'><strong>timeo</strong></span> <span class='ocrx_word' id='word_1_659' title='bbox 3701 4788 3897 4854; x_wconf 79' lang='lat' dir='ltr'><strong>valde</strong></span> <span class='ocrx_word' id='word_1_660' title='bbox 3939 4810 4024 4854; x_wconf 90' lang='lat' dir='ltr'><strong>ne</strong></span> <span class='ocrx_word' id='word_1_661' title='bbox 4081 4809 4199 4854; x_wconf 90' lang='lat' dir='ltr'><strong>nos</strong></span> <span class='ocrx_word' id='word_1_662' title='bbox 4255 4806 4402 4852; x_wconf 91' lang='lat' dir='ltr'><strong>sero</strong></span> 
     </span>
     <span class='ocr_line' id='line_1_102' title="bbox 2452 4872 4404 4960; baseline -0.004 -18"><span class='ocrx_word' id='word_1_663' title='bbox 2452 4878 2729 4942; x_wconf 90' lang='lat' dir='ltr'><strong>nimium</strong></span> <span class='ocrx_word' id='word_1_664' title='bbox 2750 4879 2809 4953; x_wconf 78' lang='lat'><strong>²)</strong></span> <span class='ocrx_word' id='word_1_665' title='bbox 2855 4877 3200 4960; x_wconf 89' lang='lat' dir='ltr'><strong>poeniteat.</strong></span> <span class='ocrx_word' id='word_1_666' title='bbox 3287 4874 3667 4958; x_wconf 87' lang='lat' dir='ltr'><strong>Ipsissimus</strong></span> <span class='ocrx_word' id='word_1_667' title='bbox 3724 4883 3824 4940; x_wconf 86' lang='lat' dir='ltr'><strong>est</strong></span> <span class='ocrx_word' id='word_1_668' title='bbox 3879 4873 4189 4956; x_wconf 88' lang='lat' dir='ltr'><strong>temporis</strong></span> <span class='ocrx_word' id='word_1_669' title='bbox 4245 4872 4404 4936; x_wconf 86' lang='lat' dir='ltr'><strong>arti-</strong></span> 
     </span>
     <span class='ocr_line' id='line_1_103' title="bbox 2452 4955 4404 5044; baseline -0.004 -16"><span class='ocrx_word' id='word_1_670' title='bbox 2452 4962 2637 5028; x_wconf 90' lang='lat' dir='ltr'><strong>culus</strong></span> <span class='ocrx_word' id='word_1_671' title='bbox 2696 4983 2824 5044; x_wconf 91' lang='lat' dir='ltr'><strong>quo</strong></span> <span class='ocrx_word' id='word_1_672' title='bbox 2880 4961 3035 5026; x_wconf 91' lang='lat' dir='ltr'><strong>huic</strong></span> <span class='ocrx_word' id='word_1_673' title='bbox 3088 4961 3397 5027; x_wconf 89' lang='lat' dir='ltr'><strong>ecclesiae</strong></span> <span class='ocrx_word' id='word_1_674' title='bbox 3449 4959 3852 5044; x_wconf 85' lang='lat' dir='ltr'><strong>reparandae</strong></span> <span class='ocrx_word' id='word_1_675' title='bbox 3909 4955 4404 5043; x_wconf 81' lang='lat' dir='ltr'><strong>advigilandum</strong></span> 
     </span>
    </p>
   </div>
   <div class='ocr_carea' id='block_1_18' title="bbox 2457 5086 2862 5095">
    <p class='ocr_par' dir='ltr' id='par_1_23' title="bbox 2457 5086 2862 5095">
     <span class='ocr_line' id='line_1_104' title="bbox 2457 5086 2862 5095; baseline 0 1072"><span class='ocrx_word' id='word_1_676' title='bbox 2457 5086 2862 5095; x_wconf 95' lang='lat' dir='ltr'><strong> </strong></span> 
     </span>
    </p>
   </div>
   <div class='ocr_carea' id='block_1_19' title="bbox 2451 5142 4410 5288">
    <p class='ocr_par' dir='ltr' id='par_1_24' title="bbox 2451 5142 4410 5288">
     <span class='ocr_line' id='line_1_105' title="bbox 2485 5142 4407 5232; baseline -0.004 -30"><span class='ocrx_word' id='word_1_677' title='bbox 2485 5149 2619 5232; x_wconf 54' lang='grc' dir='ltr'><strong>ω.</strong></span> <span class='ocrx_word' id='word_1_678' title='bbox 2659 5148 2718 5215; x_wconf 84' lang='grc'><strong>1)</strong></span> <span class='ocrx_word' id='word_1_679' title='bbox 2755 5147 2967 5231; x_wconf 59' lang='grc' dir='ltr'><strong>Ηῃρρῑι</strong></span> <span class='ocrx_word' id='word_1_680' title='bbox 2995 5148 3142 5203; x_wconf 74' lang='lat' dir='ltr'><strong>mibi.</strong></span> <span class='ocrx_word' id='word_1_681' title='bbox 3219 5147 3512 5230; x_wconf 58' lang='lat' dir='ltr'><strong>Quodpou</strong></span> <span class='ocrx_word' id='word_1_682' title='bbox 3540 5142 4407 5232; x_wconf 49' lang='lat' dir='ltr'><strong>QBaetHaeoeepsoe-unt</strong></span> 
     </span>
     <span class='ocr_line' id='line_1_106' title="bbox 2451 5213 4410 5288; baseline -0.003 -15"><span class='ocrx_word' id='word_1_683' title='bbox 2451 5217 3501 5288; x_wconf 55' lang='lat' dir='ltr'><strong>anqmescendbquodssmdaemtm</strong></span> <span class='ocrx_word' id='word_1_684' title='bbox 3518 5218 3980 5288; x_wconf 75' lang='lat' dir='ltr'><strong>acquiescendum.</strong></span> <span class='ocrx_word' id='word_1_685' title='bbox 4040 5213 4410 5283; x_wconf 68' lang='lat' dir='ltr'><strong>Quacum</strong></span> 
     </span>
    </p>
   </div>
   <div class='ocr_carea' id='block_1_20' title="bbox 2659 5355 3990 5492">
    <p class='ocr_par' dir='ltr' id='par_1_25' title="bbox 2659 5355 3990 5492">
     <span class='ocr_line' id='line_1_107' title="bbox 2659 5355 3990 5492; baseline -0.002 -81"><span class='ocrx_word' id='word_1_686' title='bbox 2659 5356 2724 5425; x_wconf 82' lang='lat'><strong>2)</strong></span> <span class='ocrx_word' id='word_1_687' title='bbox 2755 5357 2984 5414; x_wconf 76' lang='lat' dir='ltr'><strong>nimium</strong></span> <span class='ocrx_word' id='word_1_688' title='bbox 3017 5358 3163 5411; x_wconf 78' lang='lat' dir='ltr'><strong>serio</strong></span> <span class='ocrx_word' id='word_1_689' title='bbox 3196 5357 3268 5412; x_wconf 80' lang='lat' dir='ltr'><strong>B.</strong></span> <span class='ocrx_word' id='word_1_690' title='bbox 3306 5355 3368 5412; x_wconf 75' lang='grc' dir='ltr'><strong>Β.</strong></span> <span class='ocrx_word' id='word_1_691' title='bbox 3401 5355 3482 5410; x_wconf 86' lang='grc' dir='ltr'><strong>Η.</strong></span> <span class='ocrx_word' id='word_1_692' title='bbox 3523 5383 3530 5390; x_wconf 96' lang='grc'>-</span> <span class='ocrx_word' id='word_1_693' title='bbox 3889 5437 3990 5492; x_wconf 51' lang='grc'><strong>10*</strong></span> 
     </span>
    </p>
   </div>
   <div class='ocr_carea' id='block_1_21' title="bbox 4989 5 5001 1292">
    <p class='ocr_par' dir='ltr' id='par_1_26' title="bbox 4989 5 5001 1292">
     <span class='ocr_line' id='line_1_108' title="bbox 4989 5 5001 1292; baseline 0 0"><span class='ocrx_word' id='word_1_694' title='bbox 4989 5 5001 1292; x_wconf 95' lang='lat' dir='ltr'><strong> </strong></span> 
     </span>
    </p>
   </div>
  </div>
 </body>
</html>
