5050 6167
574 433 700 498 821

576 616 1055 686 communionis
1097 616 1368 701 spiritus
1409 616 1623 683 sancti
1666 623 1736 682 et
1773 614 2216 682 membrorum
2272 616 2346 682 in
2392 635 2535 682 cor-

576 724 738 790 pore
794 704 1068 783 Christi,
1134 701 1368 768 deinde
1426 703 1694 786 dignam
1750 701 2304 767 existimationem
2364 701 2535 767 sacri

576 790 927 857 ministerii
970 802 1038 854 et
1081 800 1333 855 rectum
1379 790 1672 854 studium
1713 798 1785 854 ut
1840 787 2002 852 illud
2060 786 2536 871 irreprehensi-

579 875 710 943 bile
774 888 844 942 et
905 876 1310 941 fructuosum
1377 874 1670 940 ecclesiis
1734 885 2136 956 praestetur:
2210 890 2536 955 postremo

578 982 935 1045 agnoscere
975 982 1170 1044 quam
1218 961 1655 1026 necessarium
1703 971 1770 1025 et
1811 960 2099 1025 salutare
2143 959 2231 1024 sit
2287 959 2358 1024 in
2417 980 2537 1024 nos

578 1047 819 1114 fratres
860 1049 1092 1130 quovis
1136 1045 1327 1112 modo
1362 1046 1695 1127 inquirere
1730 1055 1796 1110 et
1829 1044 2370 1121 animadvertere,
2414 1065 2538 1110 nos

579 1133 925 1218 corrigere,
971 1134 1316 1211 instruere,
1363 1133 1598 1215 quibus
1642 1129 1948 1197 remediis
1990 1131 2072 1196 iis
2106 1132 2244 1195 fere
2278 1152 2539 1213 semper

576 1221 866 1285 maxime
907 1240 1073 1302 opus
1117 1230 1219 1285 est
1259 1219 1370 1302 qui
1412 1237 1489 1283 ea
1532 1217 1754 1281 minus
1791 1227 2131 1299 expetunt.
2211 1218 2539 1282 Dominus

577 1303 720 1387 ipse
774 1325 890 1370 vos
948 1304 1174 1369 doceat
1229 1317 1297 1368 et
1349 1302 1525 1387 apud
1582 1322 1699 1369 vos
1755 1312 2100 1367 conservet
2151 1303 2536 1387 religionem

578 1391 1061 1457 communionis
1102 1411 1262 1456 suae
1306 1406 1373 1455 et
1414 1399 1681 1455 mutuae
1720 1387 2208 1454 aedificationis.
2298 1391 2535 1454 Amen.

1152 1528 1249 1593 M.
1289 1526 1589 1593 Buoorus
1629 1524 1893 1590 nomino
1934 1524 2216 1589 fratrum
2258 1525 2535 1610 Argent.

1400 1613 1472 1677 in
1514 1610 1842 1695 prioribus
1886 1609 2293 1693 subscripsit.

1354 1904 1767 1916 ———

1489 2125 1645 2198 598.

1120 2262 1501 2330 TEXTOR
1544 2261 1983 2330 GALVINO.

759 2435 1023 2517 Quaerit
1063 2434 1220 2517 quid
1260 2435 1359 2499 rei
1399 2436 1503 2514 sit,
1543 2434 1820 2517 quidque
1858 2434 2233 2500 credendum
2274 2437 2332 2497 et
2373 2431 2540 2496 iudi-

578 2521 848 2590 candum
902 2521 1115 2603 quoad
1167 2520 1478 2604 nepotiani
1536 2518 1871 2587 Michaelis
1919 2517 2288 2603 typoqraphi
2338 2517 2538 2583 Gene-

580 2608 820 2685 vensis,
877 2609 1059 2672 cuius
1116 2605 1274 2671 liber
1326 2605 1562 2688 aliquis
1593 2607 1891 2687 proximo
1948 2626 2112 2672 anno
2155 2622 2421 2669 excusus
2463 2623 2541 2667 ex

579 2699 834 2762 senatus
876 2692 1206 2758 autoritate
1243 2711 1622 2773 suppressus
1664 2690 1808 2772 fait,
1851 2691 1944 2755 ita
1987 2689 2238 2772 quidem
2278 2694 2349 2754 ut
2397 2687 2541 2753 Cal-

578 2778 1055 2932 vinmadipsum
1083 2778 1267 2859 fama
1299 2777 1726 2860 instiyatorm
1757 2775 1856 2842 vel
1895 2776 2116 2842 saltem
2151 2775 2541 2842 laudatorem

580 2865 765 2934 odias·
850 2866 1049 2930 iceret.

904 3035 1011 3100 (Ex
1045 3032 1380 3104 autographo
1415 3032 1546 3087 eod.
1581 3031 1787 3088 Genev.
1830 3028 1943 3097 117,
1975 3031 2069 3086 fol.
2108 3028 2218 3097 13.)

758 3225 821 3290 A
864 3223 1208 3291 Monsieur
1250 3219 1437 3289 Oalv.
2090 3305 2153 3370 A
2198 3305 2265 3373 G

757 3446 986 3530 Quum
1030 3444 1332 3513 Lobatius
1374 3442 1739 3509 monachus
1791 3462 2002 3526 nuper
2041 3442 2235 3509 istinc
2279 3440 2543 3509 rediens

585 3535 799 3603 obiter
842 3554 964 3599 nos
1007 3533 1341 3610 inviseret,
1400 3528 1639 3596 accidit
1695 3536 1772 3594 ut
1829 3550 1933 3593 me
1992 3526 2259 3593 absente
2324 3528 2407 3594 ab
2461 3550 2541 3595 eo

586 3620 916 3688 salutatus
951 3616 1038 3684 D.
1076 3617 1337 3702 Eliyius
1374 3616 1710 3700 Veryerius
1739 3613 1807 3700 ¹),
1845 3612 2303 3696 ludimagister
2346 3613 2546 3680 huius

586 3707 770 3774 urbis
808 3704 1221 3770 doctissimus
1256 3706 1448 3769 iuxta
1483 3723 1558 3767 ao
1593 3700 2029 3777 fidelissimus,
2074 3697 2194 3762 tibi
2242 3697 2313 3762 ni
2360 3699 2547 3764 fallor

587 3791 839 3859 amicus
883 3798 952 3856 et
992 3800 1256 3856 tuorum
1315 3808 1590 3871 operum
1649 3786 2010 3852 admirator
2066 3784 2173 3866 pio
2231 3782 2546 3863 curiosus,

587 3873 919 3962 quondam
965 3885 1040 3940 ut
1083 3874 1211 3940 scis
1253 3887 1636 3957 praeceptor
1682 3893 1885 3948 meus,
1945 3872 2119 3935 inter
2166 3867 2294 3933 alia
2340 3868 2547 3934 homi-

586 3984 745 4031 nem
791 3962 1049 4045 rogavit
1092 3961 1174 4026 de
1218 3969 1396 4025 statu
1433 3959 1701 4025 Ioannis
1741 3956 2078 4024 Michaelis
2127 3953 2547 4038 typographi,

587 4049 696 4117 cui
742 4047 966 4131 nupsit
1007 4055 1289 4130 cognata
1339 4045 1547 4128 ipsius
1591 4044 1819 4128 Eliqii.
1911 4044 2132 4125 Atque
2188 4052 2265 4105 ut
2319 4039 2551 4105 incidit

587 4134 840 4202 mentio
882 4132 963 4197 de
1022 4133 1279 4198 iactura
1333 4129 1673 4196 cuiusdam
1731 4130 1876 4194 libri
1898 4131 1958 4212 οι)
2017 4147 2189 4192 anno
2248 4126 2549 4209 proximo

590 4218 868 4286 vixdum
913 4218 995 4284 ab
1040 4237 1119 4282 eo
1164 4216 1409 4292 excusi,
1467 4237 1664 4299 quum
1713 4214 2016 4279 videlicet
2071 4224 2138 4277 te
2181 4211 2355 4278 foras
2398 4232 2549 4295 pro-

591 4305 763 4372 fecto
805 4325 942 4370 una
984 4324 1131 4370 eum
1183 4301 1436 4367 Farello
1453 4303 1511 4384 ⁸)
1558 4300 1772 4366 edicto
1818 4300 2243 4383 magistratus
2287 4297 2550 4380 suppri-

590 4399 901 4470 meretur,
938 4391 1023 4455 D.
1061 4389 1283 4473 Eliqio
1317 4408 1583 4454 causam
1619 4387 1816 4451 anxie
1850 4385 2211 4452 sciscitanti
2247 4383 2553 4450 Lobatius

592 4565 719 4580 --·—-

629 4663 770 4726 598.
806 4666 864 4726 1)
905 4662 994 4717 De
1026 4662 1128 4717 hoc
1152 4662 1345 4731 Eliyio
1365 4660 1625 4730 Ver-ymo
1659 4659 1804 4714 idem
1844 4658 2045 4713 Τατίου·
2076 4658 2190 4712 iam
2223 4663 2391 4712 antea
2424 4672 2551 4711 cum

595 4731 831 4790 Calvino
865 4737 1067 4800 eya-at.
1143 4732 1285 4786 Vide
1318 4731 1441 4798 440,
1476 4735 1591 4784 not.
1627 4729 1679 4783 3.
2051 4794 2062 4805 ·
2113 4795 2124 4806 ·
2439 4795 2451 4808 .

803 4804 865 4859 2»
904 4799 1166 4856 Delibro
1209 4802 1334 4870 ipso
1378 4799 2549 4874 dadismatusetmmtstronmetrca

596 4886 723 4955 aa·
772 4871 949 4940 plura
1145 4870 1155 4881 ’
1217 4870 1228 4880 '
1260 4884 1441 4948 supra
1475 4867 1555 4923 N.
1590 4868 1710 4921 487.
1775 4864 2127 4944 Calmnpcuoe
2147 4864 2350 4919 itinere
2367 4865 2548 4921 ream

591 4911 939 5065 „duffi-
976 4938 1130 5061 ᾖξ’·
1171 4937 1636 5062 {Statum
1667 4932 2452 5059 wai‘affiw0
2487 4940 2550 5058 t

596 5016 1386 5150 “mma.”sa“afmtamm
1415 5022 1718 5132 ‚summat
1752 5088 1782 5126 e
1834 5074 1843 5083 ’
1908 5040 1958 5123 ’τ
1988 5075 2182 5126 temore
2456 5018 2488 5058 ε

596 5147 758 5219 operi
788 5146 1029 5216 negavit.
1087 5144 1364 5201 Lobatius
1396 5161 1524 5215 erac
1558 5160 1687 5201 vero
1721 5145 2101 5220 conmutantur:-
2119 5156 2238 5196 ποι
2268 5143 2548 5197 retulerat.

803 5216 866 5274 Β)
909 5211 2369 5296 Qtwdtuwnmanosdssummulliyas.
2431 5209 2552 5294 Fa:

596 5283 767 5342 renuo
798 5283 1012 5340 dumam
1045 5284 1323 5342 Mam
1366 5283 1588 5340 adnuat
1631 5297 1803 5353 quom
1845 5278 2077 5336 tandm
2120 5278 2183 5334 0.
2225 5295 2355 5336 un
2394 5294 2552 5349 σιμ

2275 429 2439 493 1544
2480 426 2892 496 DEGEMB.

4468 431 4596 497 822

2640 617 2964 700 egregius,
3021 614 3105 681 ob
3155 636 3366 682 unum
3410 622 3608 699 atque
3658 614 3943 681 alterum
4007 614 4360 682 verbulum
4417 615 4594 699 quod

2640 702 2995 767 nonnullos
3061 703 3415 784 primatum
3479 700 3881 781 offendebat,
3949 703 4307 785 respondit.
4418 704 4594 769 Tum

2641 788 2938 871 Eliyias:
2981 785 3160 868 Quid
3202 788 3406 872 igitur
3452 786 3753 853 Calvinus
3794 787 4147 854 reversus?
4231 790 4595 872 Acceperat

2641 876 2818 938 enim
2865 873 3027 938 nihil
3075 873 3224 939 istic
3269 870 3567 938 mandari
3613 872 3792 955 prelo
3826 875 3992 939 citra
4028 884 4215 938 tuum
4245 873 4591 942 calculum.

2643 957 2770 1025 Cui
2819 959 3120 1026 Lobatius
3161 961 3233 1024 in
3275 958 3439 1025 haec
3483 958 3618 1024 fere
3666 958 3895 1025 verba:
3962 957 4264 1025 Calvinus
4319 981 4463 1025 rem
4520 982 4593 1029 sc

2640 1043 2980 1129 indignam
3028 1046 3216 1123 sceit„
3243 1046 3353 1128 qui
3396 1051 3535 1110 tam
3580 1044 3710 1110 levi
3753 1066 3834 1110 ex
3880 1065 4077 1110 eausa
4119 1055 4256 1110 tam
4299 1046 4594 1129 graviter

2641 1133 2923 1196 obfuerit
2964 1130 3203 1196 misero
3246 1129 3675 1215 typographo,
3734 1151 3936 1213 quum
3992 1132 4062 1195 in
4119 1133 4309 1196 Novo
4362 1132 4591 1201 Testa-

2643 1226 2863 1282 mento
2930 1217 3165 1300 gallico
3229 1237 3269 1280 a
3333 1237 3406 1281 se
3458 1236 3772 1282 converso
3839 1218 3980 1299 ipsc
4044 1214 4351 1285 Calvinus
4412 1216 4593 1284 haud

2644 1302 2983 1369 obscuram
3026 1301 3370 1368 admiserit
3411 1300 3755 1381 haeresim,
3814 1301 4083 1367 Ioannis
4126 1305 4337 1386 capite
4381 1304 4592 1386 primo

2641 1389 2818 1456 circa
2859 1388 3234 1467 initium:⁴)
3293 1387 3478 1452 euius
3534 1386 3796 1469 quidem
3840 1388 4136 1454 oriminis
4178 1388 4395 1471 palam
4438 1409 4593 1455 con-
4643 1405 4650 1410 ·

2642 1476 2857 1540 victus
2901 1494 2942 1539 a
2987 1472 3264 1540 Claudio
3313 1473 3515 1539 Veron
3531 1476 3627 1557 ⁵).·
3689 1474 3868 1538 Num
3911 1475 4022 1552 ita,
4078 1475 4311 1559 inquit,
4367 1475 4591 1541 convi-

2643 1561 2838 1627 ciaris
2915 1559 3179 1643 spiritui
3256 1558 3534 1625 sancto?
3658 1558 4000 1625 Hactenus
4078 1567 4232 1625 tuus
4308 1560 4593 1627 eximius

2642 1645 3091 1713 encomiastes.
3196 1642 3465 1711 Scilicet
3519 1643 3647 1709 hoo
3701 1656 3889 1727 pacto
3945 1644 4065 1710 tibi
4121 1652 4422 1711 mutuum
4480 1645 4594 1712 dat

2645 1731 3115 1808 testimonium,
3166 1741 3394 1815 utpote
3429 1732 3809 1813 neutiquam
3847 1739 4122 1813 gravato
4165 1731 4335 1797 serio
4377 1732 4593 1799 chiro-

2640 1816 2894 1901 grapho
2935 1816 3239 1883 laudibus
3291 1817 3536 1881 mirum
3579 1817 3651 1881 ni
3693 1816 4044 1881 immeritis
4097 1816 4432 1883 hominem
4476 1839 4591 1884 ex-

2643 1904 2890 1969 tollere.
2979 1902 3152 1970 Mihi
3194 1902 3340 1968 fieri
3391 1923 3523 1968 non
3578 1909 3797 1986 potest
3837 1904 3997 1985 quin
4040 1903 4108 1967 in
4152 1923 4232 1968 eo
4274 1903 4592 1987 colloquio

2641 2011 2778 2055 una
2820 1988 3029 2055 multo
3072 1988 3267 2073 plura
3308 1989 3470 2054 talia
3511 1985 3935 2053 deblaterarit
3987 2009 4157 2071 quae
4198 2011 4305 2054 me
4361 1988 4590 2071 latent,

2641 2087 2710 2141 et
2753 2096 3031 2159 quornm
3075 2084 3193 2140 aut
3234 2095 3365 2140 non
3409 2074 3713 2139 meminit
3754 2074 4034 2158 Eliyius,
4079 2082 4196 2140 aut
4222 2095 4391 2157 quae
4414 2076 4597 2159 piget

2642 2182 2792 2227 eum
2850 2161 3113 2227 referre.
3200 2160 3273 2226 Is
3333 2170 3550 2225 tamen
3609 2180 3803 2244 quem
3861 2160 4059 2242 paulo
4114 2170 4266 2243 post
4319 2161 4596 2230 conveni

2642 2247 3050 2325 affirmabat,
3115 2246 3239 2312 sibi
3299 2266 3452 2310 eum
3508 2266 3643 2311 non
3699 2244 3903 2310 fuisse
3959 2246 4179 2312 visum
4236 2247 4460 2329 iniquo
4518 2264 4596 2313 ac

2640 2332 2966 2399 malevolo
3009 2332 3079 2397 in
3124 2340 3190 2397 te
3245 2331 3482 2397 animo.
3575 2331 3930 2397 Caeterum
3986 2351 4115 2414 quo
4171 2331 4408 2398 affectu
4466 2332 4597 2398 ista

2642 2419 2975 2498 effutierit,
3019 2418 3126 2483 vel
3171 2416 3340 2483 clam
3383 2437 3488 2482 me
3546 2426 3666 2495 est,
3726 2416 3832 2483 vel
3888 2417 3960 2481 in
4015 2419 4388 2499 praesentia
4441 2438 4597 2501 pro-

2643 2505 2958 2569 nunciare
3001 2525 3132 2568 non
3168 2502 3349 2582 libet,
3395 2502 3570 2586 apud
3609 2512 3672 2567 te
3696 2502 4078 2585 praesertim
4104 2505 4211 2585 qui
4238 2502 4592 2583 hominem,

2644 2589 2813 2673 quod
2859 2591 3064 2667 aiunt,
3107 2589 3292 2654 intus
3338 2588 3520 2653 noris
3566 2599 3632 2653 et
3672 2588 3743 2653 in
3788 2599 3953 2654 cute.
4043 2588 4344 2654 Profecto
4402 2596 4479 2654 ut
4533 2590 4595 2656 ei
4659 2657 4668 2668 ,

2642 2676 2889 2759 largiar
2929 2675 3061 2740 ista
3098 2695 3241 2740 esse
3286 2694 3460 2752 vera,
3511 2672 4058 2758 quemadmodum
4097 2674 4291 2739 amici
4333 2683 4475 2740 erat
4516 2696 4599 2743 ea

2642 2761 3005 2846 prudenter
3045 2767 3285 2839 tacere,
3335 2758 3405 2824 id
3447 2757 3624 2843 quod
3660 2758 3856 2844 longe
3891 2758 4138 2835 malim,
4182 2761 4277 2825 ita
4309 2761 4598 2830 hominis

2644 2857 2745 2913 est
2834 2869 3020 2912 arum
3063 2846 3532 2929 circumspecti,
3588 2846 3867 2910 nimium
3920 2844 4211 2929 loquacis
4268 2868 4345 2913 ae
4399 2846 4597 2930 plane

2646 2933 2886 3011 sutilis,
2942 2954 3027 2998 ne
3086 2931 3240 3016 quid
3296 2930 3534 2996 addam
3598 2931 3911 3008 acerbius,
3966 2952 4044 2997 ea
4100 2931 4246 3014 ipsa
4301 2933 4596 3016 prodere,

2646 3017 2935 3102 adeoque
2979 3019 3122 3083 viro
3164 3017 3334 3083 nihil
3375 3017 3510 3082 tale
3553 3017 3976 3101 exspectanti.
4063 3015 4199 3084 Sed
4243 3018 4390 3101 plus
4435 3020 4598 3086 satis

2645 3104 2987 3187 explorata
3049 3103 3258 3169 habeo
3324 3124 3552 3169 eorum
3614 3103 3886 3186 ingenia
3942 3103 4055 3185 qui
4133 3124 4252 3186 per
4333 3105 4598 3171 inanem

2646 3191 2922 3274 gloriam
2990 3191 3214 3254 omnia
3279 3197 3582 3273 gerentes
3646 3210 3903 3255 summo
3967 3187 4206 3254 honori
4267 3189 4391 3255 sibi
4454 3212 4599 3258 esse

2647 3275 2914 3353 ducunt,
2959 3275 3018 3340 si
3061 3273 3232 3356 quod
3270 3274 3616 3341 mordeant
3646 3294 3722 3339 ao
3758 3272 4119 3358 suggillent
4150 3274 4219 3339 in
4259 3285 4598 3357 praestan-

2649 3361 2921 3427 tissimis
2978 3361 3338 3443 quibusque
3398 3360 3557 3425 viris
3614 3370 3861 3443 queant
3917 3359 4424 3442 deprehendere,
4481 3372 4601 3429 aut

2650 3447 2763 3531 qui
2817 3466 2994 3513 vana
3047 3465 3164 3528 spo
3222 3446 3387 3511 elusi
3447 3466 3732 3529 eousque
3790 3445 4111 3510 amentiae
4167 3447 4600 3529 prolabuntur

2648 3541 2726 3598 ut
2782 3533 2979 3598 etiam
3040 3531 3525 3597 debacchentur
3576 3531 3650 3595 in
3709 3533 3876 3597 bene
3932 3543 4279 3599 merentes.
4383 3533 4596 3615 Quasi

2648 3640 2808 3686 voro
2850 3618 2920 3683 in
2963 3617 3127 3683 alios
3170 3638 3368 3701 quam
3420 3616 3599 3701 ipsos
3642 3616 4050 3683 refundenda
4103 3618 4192 3684 sit
4245 3618 4441 3705 culpa
4482 3623 4600 3705 qui

2649 3724 2792 3769 eam
2816 3703 2940 3769 sibi
2966 3702 3181 3768 fabam
3202 3703 3468 3785 ipsimet
3498 3702 3914 3768 intriverunt.
3973 3701 4106 3783 Sic,
4144 3704 4239 3771 sie
4275 3726 4316 3770 a
4355 3708 4601 3775 nostris

2648 3790 3078 3854 confodimur.
3203 3787 3386 3869 Quin
3454 3787 3673 3870 potius
3733 3788 3846 3853 isti
3908 3788 4077 3853 Zoili
4141 3790 4245 3855 sui
4308 3790 4600 3875 ipsorum

2650 3875 3020 3953 carnifices,
3088 3874 3324 3957 quibus
3389 3873 3605 3939 visum
3663 3881 3765 3939 est
3821 3874 4107 3940 Domino
4165 3875 4237 3940 in
4295 3888 4600 3946 nostrum

2651 3958 2829 4023 abuti
2871 3960 3136 4039 bonum,
3180 3959 3448 4025 tandem
3482 3958 3651 4026 nihil
3684 3956 3868 4024 aliud
3903 3980 4100 4042 quam
4135 3982 4254 4027 suo
4290 3983 4360 4028 se
4402 3963 4601 4049 iugu-

2650 4043 2794 4109 lant
2834 4046 3072 4129 gladio,
3118 4054 3188 4111 et
3228 4047 3419 4112 iuxta
3462 4044 3852 4129 prophetam
3892 4045 4199 4111 incidunt
4240 4049 4311 4111 in
4346 4049 4603 4116 foveam

2654 4150 2851 4212 quam
2896 4130 3216 4198 foderunt.
3302 4132 3514 4198 Porro
3556 4152 3752 4215 quam
3795 4131 3967 4196 male
4008 4153 4116 4197 me
4158 4131 4396 4198 habeat
4440 4135 4604 4202 haec

2655 4214 3001 4294 calumnia,
3045 4218 3103 4282 si
3139 4225 3360 4283 tamen
3397 4217 3680 4301 exprimi
3714 4217 3876 4283 satis
3915 4219 4137 4298 possit,
4181 4228 4358 4284 certe
4400 4227 4603 4287 testa-

2656 4302 2897 4368 bantur
2939 4310 3007 4367 et
3049 4322 3263 4366 sermo
3306 4311 3375 4368 et
3413 4304 3613 4369 facies
3658 4301 3834 4387 apud
3873 4301 4161 4385 Eliyium
4203 4304 4323 4369 tibi
4364 4304 4439 4371 in
4482 4306 4606 4374 hoe

2658 4388 3151 4472 patrocinantis,
3194 4387 3301 4452 cui
3344 4410 3477 4453 non
3520 4388 3852 4454 infitiabar
3908 4388 4172 4471 quidem
4231 4397 4298 4455 te
4355 4399 4431 4456 ut
4487 4391 4605 4458 ho-

2657 4473 2901 4539 minem
2944 4472 3076 4537 labi
3129 4492 3340 4557 posse,
3400 4474 3564 4538 mihi
3621 4481 3842 4539 tamen
3901 4495 4036 4540 non
4094 4494 4238 4540 esse
4295 4475 4610 4544 credibile

2656 4567 2733 4624 ut
2787 4560 2858 4624 in
2918 4558 3099 4624 hisee
3153 4557 3350 4623 rebus
3396 4559 3561 4635 tuis,
3625 4560 3698 4624 in
3764 4560 4001 4642 quibus
4055 4559 4150 4625 sic
4208 4561 4478 4627 excellis
4530 4569 4609 4628 ut

2654 4645 2907 4710 nemini
2950 4642 3140 4709 facile
3195 4641 3404 4721 cedaS,
3462 4641 3621 4707 adeo
3675 4645 4014 4725 pueriliter
4067 4646 4393 4712 caecutire
4451 4670 4608 4715 con-

2655 4731 2884 4814 tingat.
2974 4728 3371 4813 Quanquam
3405 4727 3576 4811 apud
3611 4729 3912 4807 amicum,
3957 4731 4319 4797 cuiusmodi
4355 4754 4427 4799 se
4460 4755 4606 4801 esse

2653 4817 2916 4900 Eliyius
2971 4823 3199 4882 noster
3250 4834 3593 4899 nunquam
3652 4814 3937 4899 negabit,
3996 4837 4129 4881 non
4183 4838 4348 4901 opus
4405 4819 4604 4886 habe·-
