5050 6167
409 444 636 530 ’1611ο

407 653 448 700 a
486 633 777 700 Domino
816 634 1225 718 praescripta
1258 654 1391 699 non
1435 640 1556 714 est,
1598 653 1640 698 a
1679 633 2005 700 ministris
2047 635 2361 702 constitui

404 720 597 787 debet
646 740 769 803 pro
823 718 1292 787 aedificatione.
1396 709 1550 801 Qua
1605 720 1861 786 ratione
1913 720 2113 786 etiam
2156 741 2360 805 nega-

401 826 579 886 mus,
632 805 842 871 solam
896 803 1340 889 delinquentis
1395 804 1921 871 emendationem
1973 807 2361 873 intuendam

401 890 510 959 1110
550 911 726 957 esse:
1001 901 1110 957 tus
1149 893 1327 956 enim
1372 889 1624 957 ordinis
1665 891 1912 974 publici
1956 899 2025 957 et
2067 914 2359 958 commu-

399 978 507 1043 nis
547 977 1021 1043 aedificationis
1062 975 1363 1043 habetur.
1450 976 1658 1043 Cuius
1693 979 1791 1043 rei
1833 999 2093 1045 sumere
2136 1000 2359 1045 exem-

396 1062 583 1147 plum
623 1084 707 1128 ex
751 1063 1093 1147 scripturis
1139 1063 1310 1129 licet.
1401 1061 1628 1144 Quum
1671 1063 1925 1130 Paulus
1967 1064 2357 1150 Hierosoly-

397 1169 577 1214 mam
632 1150 954 1229 venisset,
1009 1148 1403 1215 admonetur
1459 1149 1542 1215 ab
1584 1145 1820 1215 Iacobo
1874 1159 1942 1215 et
1993 1151 2357 1217 senioribus

396 1255 593 1334 quam
636 1234 811 1300 male
852 1234 1082 1301 audiat
1120 1236 1300 1300 inter
1339 1232 1651 1312 Iudaeos,
1709 1233 1907 1300 simul
1951 1237 2151 1301 etiam
2195 1256 2356 1321 qua-

394 1319 550 1386 liter
611 1340 897 1404 purgare
962 1342 1035 1387 se
1097 1320 1234 1386 illis
1298 1320 1548 1386 debeat.
1639 1320 1791 1386 Non
1855 1319 2127 1387 dubium
2194 1323 2357 1406 quin

392 1407 823 1490 praecesserit
876 1405 1261 1473 deliberatio
1324 1406 1501 1472 inter
1558 1406 1827 1485 fiatres,
1894 1416 1963 1473 et
2021 1406 2249 1474 habita
2273 1410 2356 1491 12)

391 1493 594 1558 fuerit
633 1492 843 1559 Panlo
886 1491 1174 1559 absente.
1262 1491 1407 1559 Cur
1447 1491 1616 1560 hoc?
1667 1494 1822 1576 qnia
1877 1492 2127 1560 scilicet
2180 1515 2356 1561 com·

390 1579 618 1645 munis
669 1577 1145 1645 aedificationis
1196 1580 1530 1644 intererat.
1620 1577 1946 1646 Similiter
1984 1601 2185 1663 quum
2228 1580 2358 1646 Pe-

391 1674 574 1730 trum
604 1665 1100 1748 reprehendunt
1123 1667 1363 1731 fratres
1392 1662 1567 1749 quod
1594 1665 1677 1731 ad
1704 1672 1937 1749 gentes
1961 1665 2355 1744 divertisset,

390 1772 530 1816 non
581 1750 867 1835 legimus
924 1751 1282 1835 quidquam
1338 1751 1440 1815 illi
1497 1759 1649 1817 ante
1676 1753 1761 1832 ¹⁸)
1806 1751 1874 1815 in
1911 1769 2141 1816 aurem
2183 1753 2355 1818 clam

387 1836 595 1903 fuisse
638 1837 721 1903 ab
764 1858 898 1902 uno
943 1837 1218 1903 dictum:
1263 1837 1418 1921 qnia
1454 1837 1701 1902 scilicet
1743 1837 2014 1904 offensio
2057 1846 2357 1903 manarat

388 1922 474 1989 ad
510 1922 769 2007 plures,
824 1944 1104 2006 aequum
1148 1924 1276 1988 fnit
1314 1923 1753 1988 communiter
1793 1924 2007 2007 ipsum
2052 1939 2094 1987 a
2136 1924 2355 1989 fratri-

386 2006 513 2074 bus
579 2007 935 2075 admoneri.
1046 2010 1337 2074 Tametsi
1403 2018 1624 2074 autem
1689 2009 2022 2074 immerito
2081 2008 2207 2076 hac
2272 2009 2355 2075 de

386 2114 590 2162 causa
632 2093 1050 2180 algnebatur,
1108 2116 1245 2160 non
1288 2103 1513 2160 tamen
1556 2114 1856 2179 peccasse
1898 2095 2178 2179 legimus
2219 2095 2355 2161 fra·
2394 2143 2401 2156 .

387 2189 527 2246 tres
583 2181 653 2245 in
711 2180 904 2246 modo
963 2179 1232 2266 agendi,
1296 2180 1413 2247 sed
1468 2181 1541 2246 in
1595 2182 1739 2263 ipsa
1792 2201 2018 2247 causa:
2083 2179 2353 2247 modum

386 2268 569 2332 enim
635 2266 948 2332 tenebant
1025 2268 1340 2333 usitatum
1402 2277 1472 2333 et
1547 2264 1973 2331 ordinarium.
2096 2266 2352 2334 Christi

384 2359 834 2437 praeceptum,
894 2352 1066 2437 quod
1111 2352 1351 2418 Matth.
1406 2358 1482 2416 18
1527 2352 1827 2432 habetur,
1873 2353 2225 2437 accipimus
2270 2352 2351 2419 de

384 2439 662 2506 occultis
718 2439 927 2518 vitiis,
985 2437 1534 2522 quemadmodum
1585 2439 1785 2504 etiam
1836 2439 2043 2505 verba
2094 2449 2349 2506 sonant.

383 2524 572 2610 Ergo
605 2525 665 2590 si
709 2525 867 2607 quid
910 2523 1135 2603 frater,
1181 2534 1249 2590 te
1287 2525 1565 2604 conscio,
1610 2522 1977 2624 deliquerit,
2022 2545 2144 2592 nec
2188 2524 2350 2591 alios

383 2609 635 2677 habeat
697 2618 930 2689 testes,
994 2611 1178 2677 iubet
1241 2610 1554 2677 Christus
1618 2619 1686 2675 te
1751 2631 1970 2694 ipsum
2032 2610 2350 2694 privatim

383 2697 772 2765 convenire:
833 2717 1206 2781 quanquam
1250 2718 1385 2763 non
1428 2705 1640 2775 vetat,
1698 2701 1860 2779 quin
1911 2695 2087 2762 idem
2130 2696 2349 2776 facias,

383 2784 591 2849 ctiam
646 2783 703 2849 si
755 2781 870 2866 qui
924 2782 1041 2847 alii
1097 2792 1314 2849 tecum
1376 2782 1621 2849 conscii
1693 2782 1845 2848 sint.
1932 2782 2118 2848 Fieri
2172 2783 2350 2848 enim

381 2876 638 2953 potest,
698 2877 778 2934 ut
819 2878 893 2934 tu
939 2869 1062 2934 hoc
1107 2869 1401 2953 ignores,
1460 2868 1570 2935 vel
1625 2889 1708 2935 ex
1756 2866 1937 2933 edire
1978 2888 2113 2934 non
2156 2877 2351 2953 putes

383 2974 611 3022 coram
652 2954 951 3039 pluribus
997 2976 1149 3021 eum
1192 2952 1604 3038 reprehendi.
1693 2889 1887 3035 ‘guod
1929 2964 2154 3037 postea
2197 2954 2350 3020 sub-

382 3042 632 3127 iungit:
680 3040 758 3108 Si
802 3039 972 3105 nihil
1030 3040 1156 3108 hac
1208 3041 1323 3107 via
1363 3039 1750 3124 profeceris,
1804 3051 1882 3106 ut
1922 3049 2141 3106 tecum
2185 3038 2351 3106 duos

385 3135 504 3194 aut
548 3137 685 3192 tres
727 3134 931 3193 testes
973 3126 1286 3194 adhibeas
1305 3179 1321 3205 ,
1378 3126 1503 3192 hoc
1547 3136 1773 3192 nostro
1814 3125 2060 3193 iudicio
2102 3125 2351 3191 intelli-

382 3212 680 3300 gendum
723 3219 828 3280 est
868 3234 1000 3279 non
1044 3213 1126 3279 de
1166 3213 1447 3280 testibus
1490 3211 1739 3290 delicti,
1800 3211 1916 3278 sed
1960 3209 2352 3277 admonitio·

381 3302 561 3453 '3331
580 3321 708 3452 ‘¹3²3
755 3298 1242 3470 ffiffiienffi
1270 3298 1616 3452 ”3332
1643 3296 2172 3450 hgffigmporgg
2223 3297 2355 3467 3:32

382 3493 570 3540 nnnc
611 3471 1059 3538 controversia
1099 3479 1218 3538 est.
1306 3470 1537 3555 Neque
1581 3470 1758 3535 enim
1800 3468 1926 3536 hoc
1965 3468 2218 3553 agitur,
2275 3476 2354 3535 ut

382 3557 645 3626 occulta
686 3557 925 3624 delicta
964 3559 1038 3623 in
1089 3557 1380 3624 medium
1421 3556 1859 3640 proferantur,
1924 3552 2010 3620 ad
2050 3554 2352 3640 irrogan-

382 3644 544 3712 dam
586 3643 903 3711 fratribus
945 3643 1306 3722 infamiam,
1350 3642 1466 3710 sed
1512 3649 1774 3708 tantum
1821 3660 1990 3725 quae
2033 3638 2355 3707 eiusmodi

383 3740 563 3811 sunt,
617 3737 696 3796 ut
737 3727 983 3813 aliquid
1025 3728 1408 3797 offendiculi
1448 3727 1821 3813 genuerint,
1865 3734 1984 3792 aut
2022 3747 2158 3792 11011
2246 3745 2354 3791 ro-

383 3817 498 3885 0111
563 3815 787 3882 absint
851 3837 892 3882 a
949 3815 1299 3917 gignendo.
1395 3815 1620 3881 Huius
1674 3814 1913 3898 speciei
1976 3832 2213 3895 exemp
2241 3832 2356 3877 11111

384 3902 713 3970 habemus
755 3903 825 3968 in
861 3902 1049 3968 Petri
1089 3900 1632 3985 reprehensione:
1675 3919 1890 3983 neque
1931 3898 2113 3965 enim
2156 3905 2359 3964 testes

384 3987 613 4073 abegit
654 3987 925 4067 Paulus,
982 3994 1062 4053 ut
1102 3985 1275 4053 clam
1316 3984 1622 4052 omnibus
1677 3986 1898 4070 ipsum
1953 3983 2357 4062 admoneret,

386 4074 508 4142 md
551 4074 678 4142 hoc
716 4074 872 4140 fecit
914 4092 1137 4140 coram
1180 4071 1474 4140 ecclesia.
1560 4070 1701 4138 Nec
1745 4080 1971 4136 tamen
2004 4091 2113 4137 res
2145 4068 2360 4135 omni·

384 4160 515 4228 bus
556 4168 717 4227 nota
758 4169 928 4225 erat:
974 4158 1091 4225 sed
1133 4158 1290 4243 quia
1330 4157 1721 4224 imminebat
1760 4154 2125 4241 periculum
2170 4161 2359 4221 ante-

385 4253 655 4314 vertere
688 4245 921 4311 voluit.
987 4243 1310 4327 Quintam
1337 4243 1854 4328 propositionem
1888 4240 2182 4340 recipere
2217 4240 2359 4306 sine
2480 4259 2486 4264 ·

386 4333 777 4416 exceptione
840 4351 978 4397 non
1034 4349 1414 4414 possumus:
1487 4328 1886 4413 pronunciat
1947 4348 2126 4394 emm
2145 4378 2161 4406 ,
2236 4346 2359 4392 nos

387 4418 558 4485 scite
599 4417 921 4496 facturos,
980 4416 1039 4482 si
1081 4416 1356 4481 fratrem
1414 4416 1612 4479 etiam
1654 4421 1925 4499 peccato
1967 4412 2223 4479 notorio
2266 4411 2361 4478 la·

384 4503 731 4570 borantem
777 4500 1245 4568 admoneamus
1287 4500 1621 4584 privatim.
1684 4499 1894 4583 Atqui
1929 4497 2198 4576 Paulus,
2243 4496 2361 4564 ubi

386 4587 727 4675 prohibuit
771 4588 976 4672 recipi
1026 4586 1345 4655 adversus
1400 4586 1822 4672 presbyteros
1877 4584 2359 4651 accusationem

384 4675 524 4741 nisi
579 4673 706 4741 sub
762 4673 1017 4739 idoneis
1081 4673 1361 4739 testibus
1376 4723 1393 4751 ,
1461 4693 1546 4738 cx
1603 4670 1882 4739 adverso
1934 4670 2360 4755 presbyteros

385 4767 737 4846 peccantes
793 4778 1016 4826 coram
1058 4760 1363 4825 omnibus
1407 4758 1599 4843 argui
1639 4757 1816 4836 vult,
1869 4765 1947 4821 ut
1989 4753 2232 4823 caeteri
2274 4754 2358 4819 ti-

386 4863 645 4912 morem
688 4844 994 4911 habeant.
1083 4843 1161 4911 Si
1204 4842 1540 4911 interdum
1597 4842 1905 4910 convenit
1950 4841 2208 4926 publice
2251 4858 2358 4905 ar-

388 4933 509 5017 gui
559 4939 907 5016 wccantes
921 4980 938 5011 ,
993 4930 1195 4996 etiam
1252 4929 1704 5015 presbyteros,
1762 4926 2001 5012 quibus
2055 4921 2361 4992 habenda

388 5025 498 5084 cst
535 5018 748 5083 maior
789 5016 1190 5097 reverentia,
1245 5016 1443 5101 idque
1495 5014 1788 5100 pertinet
1829 5013 1915 5080 ad
1958 5012 2360 5095 exemplum,

568 5308 661 5376 12)
694 5308 884 5362 habita
914 5321 1021 5362 ont.
1055 5306 1177 5362 edd.

565 5376 656 5445 13)
693 5383 821 5431 ante
853 5390 958 5431 ons.
994 5374 1116 5431 cdd.

2101 450 2265 512 1544
2308 444 2726 515 Novmffl.

4299 453 4425 516 766

2464 654 2599 700 non
2662 635 2829 703 scite
2892 655 3015 702 nec
3079 635 3443 721 prudenter
3499 635 3743 703 faceret
3790 637 3848 703 si
3901 637 4048 721 quis
4096 636 4426 707 abstinere

2461 720 2668 787 vellet
2731 741 2772 785 a
2836 720 2950 788 tali
3017 722 3545 805 reprehensione.
3650 720 3830 804 Quid
3894 722 4094 808 ergo?
4207 725 4423 805 Certe,

2462 817 2781 890 quantum
2824 808 3207 886 iudicamus,
3253 830 3340 873 ex
3382 829 3456 874 re
3499 809 3826 892 praesenti
3871 816 3940 874 et
3983 821 4275 894 tempore
4314 834 4425 878 ca-

2463 892 2776 976 piendum
2834 903 2936 961 est
2999 893 3362 961 consilium.
3465 892 3746 979 Semper
3798 906 4019 962 autem
4076 896 4238 963 haec
4294 895 4425 963 duo

2460 979 2919 1062 prospicienda
2932 1031 2949 1059 ,
3008 1001 3094 1045 ne
3163 1001 3203 1046 a
3272 981 3542 1045 tristitia
3609 980 4034 1047 absorbeatur
4106 983 4218 1066 qui

2460 1064 2671 1143 cavit,
2729 1074 2797 1132 et
2839 1086 2924 1130 ne
2985 1065 3330 1131 videamur
3373 1064 3455 1130 ad
3497 1075 3764 1149 peccata
3805 1067 4174 1134 connivere.
4261 1003 4426 1135 32⁸⁵}-

2461 1159 2598 1216 tam
2653 1152 3166 1235 propositionem
3224 1172 3344 1218 cur
3410 1150 3739 1217 addiderit
3801 1152 4003 1218 frater
4067 1155 4421 1221 miramur:

2460 1236 2623 1301 satis
2678 1237 2854 1301 enim
2912 1237 3250 1316 convenit,
3310 1237 3621 1303 ecclesiae
3677 1238 3946 1304 nomine
3964 1289 3981 1317 ,
4038 1239 4111 1304 in
4169 1238 4425 1306 Christi

2464 1321 2700 1401 verbis,
2747 1343 2894 1387 eam
2935 1323 3199 1407 proprie
3243 1321 3607 1408 designari,
3666 1324 3851 1390 cuius
3904 1323 4276 1390 membrum
4318 1332 4426 1390 est

2458 1406 2592 1484 ille,
2648 1408 2834 1475 cuius
2889 1408 3302 1474 contumacia
3354 1407 3807 1474 denunciatur.
3896 1409 4250 1477 Caeterum
4294 1410 4425 1476 duo

2461 1492 2569 1559 hic
2612 1503 2770 1560 sunt
2822 1494 3263 1573 observanda,
3321 1494 3416 1561 sic
3469 1494 3934 1577 publicandam
3993 1516 4137 1563 esse
4190 1503 4424 1562 contu-

2459 1579 2743 1645 maciam
2784 1580 3143 1663 peccatoris
3186 1579 3498 1646 obstinati
3541 1602 3764 1647 coram
3807 1602 3940 1648 una
3982 1582 4288 1661 ecclesia,
4345 1593 4423 1648 ut

2460 1666 2516 1730 si
2562 1686 2641 1731 ea
2682 1686 2803 1749 per
2845 1673 3296 1748 contemptum
3340 1666 3572 1732 relicta
3626 1666 3754 1731 alio
3796 1669 4041 1751 migret
4083 1667 4219 1732 illic
4260 1688 4423 1751 quo·

2457 1772 2585 1834 que
2656 1750 3106 1817 denuncietur.
3205 1752 3427 1834 Atque
3499 1752 3623 1818 hoc
3680 1751 3802 1817 sibi
3879 1753 4113 1818 volunt
4165 1753 4424 1836 antiqui

2458 1856 2745 1902 canones
2800 1859 3007 1921 quum
3064 1845 3454 1904 extraneum
3509 1837 3589 1903 ad
3646 1839 4171 1904 communionem
4216 1839 4422 1921 recipi

2457 1922 2842 2006 prohibent,
2910 1924 3039 1988 11101
3107 1924 3554 1989 testimonium
3618 1924 3934 1989 attulerit.
4042 1923 4174 1991 Ubi
4240 1926 4418 1990 enim

2457 2008 2769 2076 ecclesiae
2813 2010 3212 2089 communio,
3271 2010 3328 2074 si
3373 2008 3455 2075 ab
3509 2030 3645 2075 una
3686 2009 4040 2075 damnatus
4083 2010 4167 2076 ab
4210 2009 4424 2076 altera

2458 2093 2819 2179 recipitur?
2922 2095 3055 2162 Ubi
3101 2094 3477 2178 disciplina,
3533 2096 3592 2160 si
3649 2096 3762 2178 qui
3819 2116 4018 2160 unam
4073 2095 4421 2163 ecclesiam

2456 2182 2851 2264 contempsit
2902 2180 2977 2245 in
3034 2180 3232 2246 aliam
3289 2181 3636 2266 migrando
3688 2180 3961 2263 impune
4023 2181 4227 2248 talem
4291 2182 4422 2246 fert

2455 2264 2873 2350 superbiam?
2961 2266 3271 2332 Alterum
3326 2286 3587 2350 qnoque
3628 2265 4110 2332 observandum
4153 2276 4286 2345 est,
4343 2277 4421 2332 ut

2454 2351 2657 2418 unius
2721 2352 3033 2419 ecclesiae
3099 2352 3437 2418 minist-ros
3503 2372 3646 2418 esse
3705 2352 4093 2431 sentiamus,
4167 2353 4279 2435 qui
4343 2352 4422 2418 in

2453 2458 2663 2504 unum
2739 2438 3089 2523 collegium
3152 2435 3422 2504 adunati
3439 2487 3456 2516 ,
3530 2456 3769 2520 corpus
3832 2458 4042 2504 unum
4103 2437 4419 2503 efficiunt.

2457 2519 2801 2604 Quorsum
2845 2525 3020 2590 enim
3068 2521 3398 2589 decanus?
3441 2543 3758 2606 quorsum
3802 2522 3933 2588 alia
3973 2522 4241 2590 omnia?
4287 2522 4421 2588 nisi

2453 2620 2768 2692 tanquam
2827 2609 3027 2676 unius
3081 2609 3371 2693 corporis
3417 2608 3714 2675 membra
3773 2608 3952 2673 inter
4006 2629 4131 2674 nos
4173 2607 4419 2675 coales-

2452 2696 2724 2764 camns?
2810 2695 2996 2763 Haec
3053 2695 3137 2762 ab
3192 2703 3421 2761 autore
3474 2694 3996 2778 propositionum
4050 2694 4124 2759 in
4177 2693 4421 2760 bonam

2451 2789 2711 2864 partem
2759 2790 3098 2865 acceptum
3151 2781 3266 2859 iri,
3321 2781 3490 2847 sicut
3540 2780 3796 2845 sincero
3854 2780 4076 2845 animo
4133 2800 4175 2845 a
4225 2778 4418 2845 nobis

2453 2868 2700 2951 scripta
2733 2875 2912 2948 sunt,
2952 2866 3357 2934 confidimus.
3423 2866 3709 2932 Nostrae
3743 2886 3905 2931 sane
3938 2865 4234 2932 omnium
4269 2884 4422 2948 pm-

2454 2959 2557 3018 tes
2598 2961 2773 3032 sunt,
2817 2971 2950 3018 non
2985 2959 3247 3018 tantum
3292 2949 3521 3019 cedere
3566 2951 3851 3030 veritati,
3895 2950 4014 3017 sed
4055 2950 4230 3017 ultro
4271 2951 4454 3017 eam*

2454 3048 2522 3104 et
2541 3037 2771 3116 obviis,
2789 3037 2964 3121 quod
2987 3039 3189 3115 aiunt,
3211 3038 3666 3120 protensisque
3681 3039 3765 3114 ¹⁴)
3782 3036 4084 3103 manibus
4106 3037 4420 3120 accipere.

2454 3123 2695 3189 Valetc
2725 3123 2966 3191 fratres
2997 3123 3072 3188 in
3092 3121 3381 3189 Domino
3425 3122 3849 3190 dilectissimi.
3917 3121 4247 3190 Dominus
4287 3121 4422 3205 spi-

2453 3209 2663 3275 ritum
2707 3210 3068 3293 sapientiae
3125 3216 3195 3275 et
3240 3208 3628 3293 prudentiae
3685 3208 3760 3273 in
3801 3208 3944 3275 dies
3986 3208 4175 3276 vobis
4218 3206 4423 3274 adau-

2456 3302 2612 3382 geat
2643 3295 2717 3361 in
2751 3295 3063 3362 ecclesiae
3104 3313 3265 3361 suae
3298 3293 3836 3374 aedificationem,
3871 3301 3942 3360 et
3972 3293 4423 3361 ministerium

2455 3388 2754 3448 vestrum
2808 3401 3013 3465 quam
3074 3379 3675 3448 fructuosissimum
3737 3378 3990 3445 reddat.
4080 3378 4418 3459 Genevae,

2456 3486 2541 3533 ex
2583 3476 2916 3533 conventu
2956 3475 3201 3533 nostro.
3265 3466 3379 3534 vii.
3422 3464 3586 3533 Idus
3627 3463 3948 3533 Novemb.
3990 3470 4178 3534 1544.

3385 3601 3672 3670 Ioannes
3714 3600 4033 3670 Calvinus
4072 3602 4360 3669 fratrum

3491 3689 3790 3754 omnium
3831 3688 4116 3754 nomine.
4147 3689 4233 3773 ιὅ)

3233 3948 3646 3961 tm*-

3369 4165 3524 4237 ⁸88.

2963 4301 3450 4372 SULZERUS
3494 4300 3935 4371 CALVINO.

2639 4456 2884 4524 Rerum
2933 4455 3487 4526 ooelesiastiomum
3540 4457 3611 4523 in
3664 4456 3912 4524 civitate
3953 4453 4270 4521 Ber-nemsi
4310 4472 4427 4518 an-

2461 4544 2709 4627 ospitem
2785 4548 3023 4611 statum
3090 4544 3367 4627 aperiit,
3431 4543 3740 4630 synodum
3802 4541 4090 4625 futuram
4156 4542 4422 4623 exoptat,

2466 4627 2725 4698 Calvino·
2766 4629 3097 4698 consilium
3125 4629 3303 4712 petit.

2465 4782 2659 4848 (Manu
2709 4785 2815 4838 acri
2858 4789 2916 4837 ta
2960 4800 3069 4838 non
3116 4789 3313 4838 exstat.
3386 4780 3578 4835 Edidit
3615 4781 3756 4835 Beza
3789 4779 3923 4835 Gen.
3960 4797 4013 4851 p.
4048 4778 4134 4847 51,
4172 4779 4332 4833 Laus.
4371 4797 4426 4849 p.

2672 4851 2791 4919 110,
2886 4868 3043 4908 anov.
3078 4869 3130 4922 p.
3169 4850 3291 4920 124,
3327 4850 3540 4905 Chonet
3573 4866 3627 4919 p.
3662 4848 3749 4916 66,
3787 4853 3964 4904 Amst.
4001 4866 4053 4919 p.
4092 4847 4201 4909 30.)

2640 5091 2735 5156 14)
2771 5093 3020 5147 manibus
3056 5092 3434 5161 proti-asiaque
3467 5087 3590 5144 aad.

2641 5161 2733 5229 15)
2769 5159 3115 5229 Sabou-ipsit
3145 5175 3320 5214 mm
3349 5158 3604 5229 propria.
3633 5157 4092 5242 ‘Myconium
4123 5155 4429 5280 w

2462 5228 2684 5287 addidit
2716 5230 2884 5286 haec:
2918 5231 3106 5284 Descri
3153 5230 3201 5282 si
3233 5230 3405 5292 nobis,
3441 5247 3567 5283 nam
3603 5245 3682 5282 sic
3716 5230 4007 5282 voluerunt
4050 5229 4250 5282 fratres
4341 5242 4442 5280 com

2464 5316 2760 5355 comenses.
2830 5245 3230 5368 Autographon
3261 5296 3443 5351 dimisi
3480 5298 3926 5367 Argentoratum.
4016 5295 4108 5350 Os.
4143 5295 4428 5367 Myconius

2462 5375 2665 5425 vester.
