5050 6167
705 377 837 444 803

708 559 799 632 αὖ
829 558 1137 626 Viretum
1179 558 1392 626 literis
1434 565 1505 627 et
1543 558 1786 628 similia
1818 559 2080 645 longius
2113 580 2261 625 sum
2296 579 2654 644 prosequu-

707 651 837 713 tus.
925 645 1151 712 Facile
1193 655 1414 712 autem
1467 646 1593 712 fuit
1644 646 1718 711 in
1770 665 1986 712 meam
2045 646 2443 711 sententiam
2499 665 2654 710 eum

706 729 1050 811 adducere,
1094 751 1298 815 quum
1343 733 1472 797 iam
1516 740 1750 816 sponte
1792 731 1922 797 huc
1964 730 2416 815 propenderet.
2482 730 2654 797 Fra-

712 825 847 884 tres
891 817 1092 882 etiam
1135 837 1363 883 omnes
1406 816 1687 882 libenter
1728 817 1978 883 assensi
2021 825 2194 882 sunt.

881 900 1228 970 Caeterum
1244 903 1399 986 quid
1419 902 1821 970 Camelitam
1835 901 2211 968 moramur?
2228 922 2429 984 quum
2444 901 2655 968 nihilo

706 987 938 1055 mitius
960 1009 1030 1054 se
1052 999 1241 1073 gerat
1265 987 1665 1073 Gapuncubus
1698 997 1933 1054 vester.
1996 987 2221 1069 Quum
2256 987 2478 1054 hostes
2514 995 2654 1053 tam

705 1072 937 1158 procul
993 1073 1271 1157 quaeris,
1329 1074 1575 1140 videris
1615 1074 1830 1140 nullos
1875 1074 2116 1140 habere
2161 1072 2355 1139 domi.
2442 1074 2653 1156 Atqui

705 1160 926 1244 potius
968 1159 1092 1225 hoc
1134 1158 1616 1238 contenderem,
1659 1170 1735 1225 ut
1774 1160 1902 1225 iste
1943 1160 2219 1226 insanus
2263 1158 2392 1225 alio
2431 1160 2651 1244 abige-

705 1251 909 1312 retur.
979 1244 1173 1310 Tales
1209 1245 1267 1310 si
1305 1246 1441 1311 sint
1459 1244 1678 1311 hostes
1699 1245 1992 1327 professi,
2030 1265 2165 1310 non
2199 1243 2359 1311 adeo
2392 1255 2648 1310 nocent.

704 1329 902 1396 Nunc
942 1352 1098 1397 voro
1141 1351 1346 1413 quum
1387 1330 1631 1398 bellum
1671 1331 1852 1397 intus
1905 1340 2158 1415 gerant,
2217 1331 2341 1397 hac
2395 1329 2649 1396 labora-

703 1436 854 1482 mus
897 1414 1299 1496 difficultate,
1346 1414 1516 1499 quod
1556 1416 1689 1482 illis
1730 1417 2034 1482 resistere
2092 1437 2228 1481 non
2276 1437 2649 1500 possumus,

702 1502 862 1584 quin
929 1505 1337 1567 concutiatur
1399 1501 1688 1567 ecclesia.
1791 1499 2075 1586 Scripsit
2132 1501 2213 1567 ad
2270 1523 2380 1567 me
2435 1523 2652 1585 nuper

703 1586 1067 1671 epistolam,
1125 1587 1315 1653 cuius
1370 1586 1706 1670 exemplar
1748 1587 1935 1653 brevi
1986 1596 2062 1653 ut
2104 1606 2315 1672 sper0,
2382 1587 2464 1652 ad
2532 1609 2648 1653 vos

703 1673 1023 1752 mittetur,
1089 1692 1225 1737 una
1287 1692 1435 1738 cum
1500 1671 1781 1738 fratrum
1838 1682 2209 1738 nostrorum
2269 1673 2646 1757 expostula-

701 1758 883 1824 tione
900 1758 992 1839 2);
1024 1843 1038 1857 ·
1060 1756 1231 1823 unde
1301 1757 1633 1842 intelliges
1696 1756 1904 1858 nihilo
1967 1758 2196 1824 mitius
2258 1780 2366 1825 me
2430 1759 2512 1859 ab
2570 1779 2646 1824 eo

701 1842 2350 2013 ffioeffifflm?,Sfflfflmlssffiffiffisst
2369 1844 2646 2008 “33:333

707 2020 785 2078 ut
825 2035 932 2079 me
976 2013 1414 2093 ulcisceretur,
1459 2012 1632 2098 quod
1672 2035 1807 2080 non
1847 2036 1930 2080 ex
1973 2014 2115 2080 eius
2157 2016 2483 2080 sententia
2525 2036 2646 2081 vo-

704 2099 807 2165 bis
845 2099 1188 2165 consilium
1245 2099 1588 2166 dedissem.
1674 2098 1738 2164 N
1741 2121 1825 2165 on
1879 2119 2205 2184 exponam
2262 2100 2381 2165 tibi
2434 2101 2646 2166 fusius

705 2184 899 2268 quale
940 2185 1028 2250 sit
1069 2192 1547 2269 argumentum,
1607 2194 1676 2250 et
1729 2197 1976 2269 quanta
2028 2184 2420 2251 dexteritate
2471 2194 2644 2252 trac-

704 2277 900 2335 tetur.
979 2270 1266 2336 Tantum
1308 2291 1601 2354 propone
1642 2271 1759 2337 tibi
1801 2269 2234 2355 Capunculum
2266 2271 2401 2337 illic
2434 2271 2643 2354 loqui:

703 2376 858 2420 nam
892 2355 1012 2421 tibi
1045 2356 1179 2421 iam
1214 2365 1408 2422 notus
1441 2377 1583 2422 esse
1620 2355 1831 2422 debet.
1912 2357 2056 2442 Ego
2092 2366 2270 2423 certe
2305 2377 2647 2439 nunquam

702 2439 1124 2506 credidissem
1167 2448 1305 2506 tam
1347 2439 1671 2507 insulsum
1713 2441 2048 2507 hominem
2092 2462 2252 2520 esse,
2309 2442 2438 2506 nisi
2503 2442 2644 2525 ipse

698 2525 1168 2605 testimonium,
1215 2534 1285 2592 et
1325 2526 1585 2609 quidem
1630 2547 1704 2592 re
1745 2527 1908 2611 ipsa,
1969 2527 2049 2593 de
2105 2548 2176 2593 se
2232 2526 2639 2593 reddidisset.

700 2607 779 2677 Si
821 2632 859 2677 e
894 2611 1181 2679 claustro
1216 2631 1333 2677 suo
1352 2613 1408 2692 8)
1453 2613 1664 2678 veteri
1700 2613 1792 2679 sic
1826 2613 2152 2696 ineptiret,
2197 2633 2317 2697 ego
2350 2614 2644 2678 suaviter

697 2696 1001 2776 riderem,
1045 2697 1218 2780 quod
1262 2699 1531 2781 professi
1575 2697 1829 2764 Christi
1872 2698 2093 2764 hostes
2147 2718 2335 2763 suam
2390 2697 2642 2763 stolidi-

696 2788 902 2847 tatem
944 2784 1166 2865 pueris
1208 2804 1463 2868 quoque
1505 2784 1664 2866 ipsis
1703 2784 1798 2849 ita
1831 2783 2200 2868 proderent.
2268 2782 2333 2848 N
2335 2805 2462 2849 unc
2482 2804 2640 2850 vero

693 2886 903 3019 {uum
946 2868 1176 2952 cog-ito,
1242 2867 1560 2935 eiusmodi
1613 2873 1910 2936 monstra
1958 2867 2271 2934 incubare
2328 2869 2639 2935 ecclesiae

764 2952 859 3032 ei,
918 2960 987 3019 et
1040 2953 1225 3037 quasi
1280 2954 1352 3019 in
1408 2955 1560 3022 sinu
1612 2961 1839 3021 nostro
1894 2953 2177 3020 dormire
2194 3004 2212 3033 ,
2271 2961 2402 3019 tem
2450 2975 2639 3020 erare

694 3038 1034 3105 stomacho
1073 3060 1220 3105 meo
1261 3060 1396 3106 non
1450 3061 1735 3124 possum,
1792 3039 1947 3122 quin
1991 3038 2282 3106 ebulliat.
2454 3061 2638 3105 uam-

693 3145 891 3208 quam
935 3125 1312 3209 priusquam
1358 3124 1600 3209 aliquid
1642 3122 2016 3210 aggrediar,
2059 3133 2250 3190 tuum
2292 3124 2638 3190 consilium

692 3231 892 3293 super
932 3231 1011 3276 ea
1067 3231 1140 3275 re
1193 3209 1419 3276 audire
1473 3210 1779 3294 optarim:
1838 3231 2000 3275 num
2057 3208 2365 3294 expediat
2416 3211 2635 3293 queri-

691 3295 981 3361 moniam
1028 3294 1281 3361 deferre
1323 3295 1408 3360 ad
1447 3296 1700 3362 fratres.
1787 3293 1988 3361 Certe
2036 3292 2355 3360 eiusmodi
2396 3297 2637 3379 probra

689 3381 765 3446 in
808 3401 885 3447 eo
929 3381 1170 3464 scripto
1213 3381 1652 3459 continentur,
1711 3379 1793 3447 de
1835 3381 2074 3465 quibus
2116 3379 2176 3446 si
2216 3379 2360 3445 iure
2416 3401 2630 3465 egero,

688 3486 887 3532 nemo
930 3473 1066 3530 tam
1108 3465 1371 3548 iniquus
1414 3467 1540 3531 erit
1578 3465 1797 3544 iudex,
1843 3464 1956 3548 qui
1997 3486 2127 3531 non
2171 3464 2634 3532 vindicandam

685 3550 952 3700 {amm
970 3551 1331 3635 ignominia
1351 3550 1552 3617 talem
1575 3550 2004 3634 petulantiam
2027 3561 2303 3618 censeat.
2356 3551 2629 3617 Utinam

733 3642 958 3701 aretur
1023 3634 1432 3717 colloquendi
1494 3634 1788 3702 facultas.
1900 3634 2034 3703 Sed
2089 3638 2244 3720 quia
2310 3635 2438 3703 hoc
2492 3658 2630 3702 non

688 3730 806 3800 est,
849 3721 1172 3788 rescribas
1202 3721 1369 3786 mihi
1390 3722 1876 3805 quamprimum
1919 3722 2135 3802 velim,
2178 3743 2341 3788 num
2363 3742 2630 3788 censeas

688 3806 1042 3976 {3³53}ss
1097 3807 1755 3959 ⁰¹⁵1255000f31ffl.
1787 3806 2000 3958 Ῑέἷῗὲ
2033 3808 2629 3975 εἲὲἘθΡῗέἓέῗῗί

686 3973 774 4042 In
817 3982 1146 4043 conventu
1188 3976 1590 4043 decrevimus
1631 3978 1985 4045 mittendas
2027 3914 2205 4045 essel.)
2259 3979 2405 4062 Ego
2447 3996 2628 4042 meas

684 4060 834 4128 ince
878 4062 922 4127 i.
986 4059 1404 4146 Quamquam
1442 4083 1564 4148 ego
1585 4063 1825 4130 acriter
1853 4085 1940 4148 pu
2033 4085 2089 4142 o,
2134 4063 2369 4128 fratres
2403 4074 2625 4128 tamen

741 4145 755 4160 ⁹
814 4147 827 4162 '
857 4167 896 4213 o
919 4153 1076 4213 sunt
1095 4147 1495 4214 blandiores:
1540 4149 1634 4216 sic
1668 4085 2053 4216 tractanffs
2087 4157 2188 4212 est
2226 4145 2340 4211 ille
2382 4147 2625 4214 asinus.

677 4230 834 4298 Nisi
878 4231 1057 4297 enim
1097 4232 1265 4299 bene
1305 4243 1657 4319 pungatur,
1712 4256 1841 4319 qua
1895 4243 1995 4300 est
2036 4231 2434 4314 stupiditate,
2489 4251 2627 4297 non

680 4317 955 4383 sentiet:
1023 4319 1079 4383 si
1136 4316 1251 4385 tibi
1308 4338 1445 4385 non
1501 4321 1850 4404 contigerit
1898 4317 2068 4384 fidus
2122 4317 2440 4397 nuncius,
2504 4339 2626 4383 nos

679 4407 909 4468 tamen
975 4404 1188 4486 prima
1251 4405 1585 4471 occasione
1653 4406 2002 4470 mittemus.
2117 4403 2333 4468 'I'uum
2485 4411 2626 4469 stea

680 4487 814 4554 erit
854 4489 1219 4569 consilium,
1274 4512 1433 4556 num
1475 4490 1593 4556 illo
1634 4497 1976 4574 praesente
2016 4488 2279 4556 recitari
2321 4485 2401 4555 de
2574 4495 2622 4554 t.

2247 369 2776 442 EPISTOLAE
2820 372 3156 437 591-593

4559 378 4674 444 804

2927 558 3225 627 Libellus
3278 581 3467 627 meus
3522 559 3605 628 de
3660 561 3884 630 Coena
3938 561 4009 628 in
4068 560 4347 630 latinam
4400 560 4680 646 lingum

2757 664 2990 711 versus
3046 654 3147 720 est
3215 667 3256 712 a
3307 646 3428 712 coll
3621 653 3847 714 nostro
3907 646 4229 714 Parisino.
4250 645 4309 729 ὅ)
4412 645 4675 718 Ioannes

2763 730 3089 797 airardus
3123 752 3273 797 eum
3312 753 3473 798 excu
3524 754 3633 799 ere
3667 733 3910 800 statuit.
3969 734 4116 818 Ego
4151 741 4374 799 tamen
4402 733 4680 801 nondum.

2757 816 2980 893 annui,
3026 818 3260 882 amabo
3303 825 3387 895 te,
3435 818 3766 902 significes
3820 840 3983 884 num
4038 818 4202 884 utile
4254 838 4514 884 censeas
4565 819 4675 887 hoc

2756 913 3049 984 tempore
3095 902 3436 986 publicari.
3525 902 3675 971 Scis
3717 913 3791 970 ut
3830 903 4120 987 prudens
4177 903 4543 969 nominatus
4593 904 4678 971 ita

2754 986 3074 1066 incedam,
3118 1011 3203 1053 ne
3246 989 3540 1074 graviter
3581 991 3943 1075 impingam
3995 989 4068 1055 in
4121 989 4296 1055 hanc
4347 999 4460 1053 aut
4509 990 4676 1056 illam

2755 1081 3029 1156 partem.
3130 1073 3313 1141 Fieri
3368 1076 3638 1159 poterit,
3693 1086 3771 1141 ut
3821 1076 4073 1141 neutris
4125 1074 4500 1144 satisfaciat.
4594 1077 4678 1140 At

2695 1161 2696 1164 ’
2756 1177 2956 1224 causa
3026 1179 3164 1224 non
3231 1160 3388 1239 erit,
3456 1182 3577 1227 cur
3639 1160 3935 1246 asperius
3999 1160 4342 1245 quisquam
4401 1159 4676 1243 accipiat,

2796 1265 2920 1310 uae
2964 1243 3191 1312 scribo.

2754 1265 2794 1327 q
2925 1328 3176 1396 Omnes
3216 1331 3425 1397 nostri
3459 1338 3833 1397 reverenter
3874 1340 3940 1398 te
3974 1331 4282 1398 salutant.
4365 1329 4676 1416 Collegae,

2752 1413 3004 1481 familia
3022 1424 3266 1495 nostra,
3312 1426 3381 1482 e't
3424 1416 3696 1497 Nicolai,
3738 1437 3902 1500 quae
3944 1426 4138 1484 aucta
4179 1432 4281 1483 est
4320 1437 4528 1500 nuper
4557 1417 4678 1481 fra·

2753 1500 2876 1566 tris
2919 1502 3048 1567 mei
3092 1501 3313 1568 filiola.
3376 1501 3827 1569 Bemardinus
3866 1523 3996 1587 quo
4039 1525 4142 1570 ue.
4206 1502 4431 1571 David
4469 1513 4677 1568 noster

2752 1587 2919 1652 scire
2961 1586 3162 1671 cupit,
3213 1609 3372 1653 num
3418 1599 3608 1654 vetus
3650 1586 3892 1654 sodalis
3934 1610 4005 1655 re
4056 1589 4221 1668 'ei-it,
4281 1597 4350 1655 et
4404 1586 4557 1671 quid
4601 1583 4677 1652 de

2751 1672 3051 1823 {effugio
3113 1682 3428 1774 spereturt
3534 1671 3732 1824 Vsa-15,
3800 1673 4006 1740 frater
4055 1674 4219 1774 mihi
4280 1673 4676 1742 amicissime.

2749 1768 3197 1910 ...samia
3255 1780 3618 1925 naas..
3672 1768 4502 1930 &anassem
4540 1777 4679 1826 ’ω’

3642 2355 3796 2428 592.

3269 2490 3740 2568 OALVINUS
3782 2490 4156 2560 VIRETO.

2930 2661 3131 2729 Vana
3194 2681 3373 2744 nova,
3436 2663 3766 2731 domestica
3828 2669 3886 2730 et
3947 2664 4221 2748 publica.
4336 2660 4681 2747 Gammae

2743 2747 3030 2816 insulsus
3067 2746 3332 2815 libellus.

2742 2917 2914 2983 (Anto
3005 2916 3162 3001 phou
3197 2921 3379 2972 exstat
3409 2918 3470 2972 in
3504 2917 3633 2974 cod.
3669 2918 3872 2973 Genev.
3910 2916 4026 2982 106,
4064 2918 4156 2974 fol.
4193 2917 4312 2975 120.
4382 2920 4679 2990 Exemplar

2738 2936 3022 3042 lonviffi
3066 3003 3229 3041 mann
3274 2986 3536 3056 scriptum
3581 2987 3752 3042 habes
3793 2986 3926 3041 ibid.
3973 2987 4114 3041 111·
4154 2987 4245 3043 fol.
4291 2985 4342 3055 ὅ,
4399 2987 4678 3044 Turretiui

2740 3055 2873 3115 Cod-
2911 3055 3031 3126 111,
3064 3055 3157 3112 fol.
3178 3052 3263 3122 98,
3300 3057 3580 3112 Bernense
3610 3056 3751 3126 Epp.
3788 3054 3911 3110 vn.
3944 3054 4138 3125 aaa,
4174 3057 4398 3113 Simleri
4416 3059 4544 3115 Vol.
4564 3056 4696 3124 δᾶ).

2736 3242 2951 3309 Fideli
3009 3241 3280 3310 Domini
3333 3242 3546 3310 nostri
3601 3242 3757 3308 Iesu
3808 3241 4061 3310 Christi
4118 3245 4428 3312 ministro
4483 3247 4696 3312 Petro’

2735 3328 2971 3395 Vireto
3003 3329 3495 3396 Lausannensis
3528 3328 3838 3394 ecclesiae
3870 3330 4115 3414 pastori
4150 3331 4341 3397 fratri
4378 3340 4451 3399 et
4471 3332 4682 3399 amico

3526 3434 3881 3481 carlss1mo.

2904 3548 2978 3616 S.
3018 3547 3170 3615 Non
3211 3547 3442 3632 scripsi
3485 3548 3605 3613 tibi
3641 3570 3759 3634 per
3793 3549 4140 3618 Mer-linum
4168 3555 4215 3637 ¹)
4260 3555 4444 3638 quod
4487 3575 4676 3624 vere-

2731 3636 2853 3703 bar
2893 3653 2978 3699 ne
3021 3640 3088 3699 te
3129 3633 3303 3701 domi
3355 3634 3428 3700 in
3479 3633 3696 3701 mditu
3749 3636 4097 3704 inveniret.
4184 3639 4452 3707 Deinde
4508 3638 4672 3706 nihil

2732 3717 3052 3786 habebam
3114 3718 3290 3820 quod
3353 3719 3474 3786 tibi
3536 3720 3735 3788 scribi
3752 3771 3784 3821 ,⁶
3820 3743 3989 3823 ‘meo
4065 3724 4330 3823 quidem
4412 3725 4672 3806 iudicio,

2730 3815 3480 3990 ffffifflffsffifflm
3449 3806 3887 3992 ,affata
3910 3809 4692 3977 samm-..Bet

2731 3988 2833 4041 est
2867 3997 2936 4041 1n
2970 3976 3178 4042 classe
3213 3976 3507 4056 Gaiensi,
3547 3985 3765 4044 actum
3807 3989 4001 4059 esset,
4043 3980 4357 4063 putabam
4404 3983 4490 4051 ab
4533 3981 4680 4048 aliis

2731 4060 2848 4128 tibi
2884 4061 3263 4128 indicatum.
3343 4062 3698 4129 Caeterum
3732 4063 3790 4130 si
3830 4065 4079 4148 priores
4120 4067 4347 4135 literas
4392 4086 4682 4154 quarum

2730 4145 2889 4212 facis
2922 4147 3320 4214 mentionem
3343 4150 3751 4231 recepissem,
3794 4149 4060 4217 omnino
4081 4153 4457 4237 scripturus
4474 4173 4674 4220 eram.

2731 4229 2867 4299 Sed
2911 4230 3061 4297 vide
3103 4232 3211 4298 cui
3250 4253 3363 4299 eas
3404 4232 3827 4316 commiseris,
3869 4256 4025 4301 nam
4060 4238 4226 4304 mihi
4246 4259 4383 4305 non
4405 4241 4682 4306 fuerunt

2728 4315 3043 4383 redditae.
3094 4316 3364 4384 Interea
3399 4317 3798 4400 Capaneum
3828 4320 4119 4389 libellum
4154 4323 4430 4391 tandem
4464 4325 4672 4401 illum,

2727 4423 2920 4485 quem
2964 4411 3121 4469 ante
3172 4401 3510 4471 biennium
3549 4404 3995 4486 minitabatur,
4049 4416 4366 4494 tanquam
4420 4411 4673 4478 fulmen

2727 4485 2990 4571 aliquod
3051 4487 3124 4554 in
3187 4509 3295 4554 me
3356 4490 3654 4559 vibravit.
3762 4491 3945 4557 Nihil
4002 4513 4293 4579 unquam
4353 4495 4676 4564 insulsius

2725 4572 2966 4651 vidisti,
3020 4593 3148 4640 nec
3200 4574 3535 4657 puerilius.
3632 4575 3857 4644 Unum
3913 4586 4169 4645 tantum
4215 4580 4423 4649 habet
4474 4577 4681 4649 virile.

2723 4658 2895 4743 quod
2932 4678 3041 4725 me
3080 4660 3389 4728 atrociter
3427 4662 3800 4745 proscindit.
3875 4661 4097 4731 Statui
4132 4666 4274 4749 ipso
4305 4666 4681 4750 praeterito.

2926 4861 2989 4928 5)
3026 4861 3293 4919 Genucio.
3368 4864 3510 4922 Vide
3675 4904 3691 4920 .
3731 4865 3794 4922 Τ.
3836 4865 3905 4922 V.
3941 4866 4193 4939 Mem.
4220 4885 4287 4940 p.
4324 4871 4419 4926 51.

2800 5000 2814 5013 .
2926 4930 3496 5015 ffiDemoloss
3671 4936 3740 5016 Ὀ
3813 4936 4215 5007 curin-equit.
4297 4939 4348 4994 0

2720 5000 4674 5083 mmmlmbammmmobieratfftquaedeow.

2720 5068 4675 5152 melitadicunmeumaliisprooeimepraecedentibuemaesemoen·

2719 5138 4085 5348 Qtff·m⁸m
4100 5211 4458 5353 eretr-
4501 5215 4658 5272 ’Μ
