5050 6167
365 478 474 541 137

359 664 829 732 consultarunt.
928 664 1157 730 Nostri
1212 684 1350 730 non
1406 663 1602 730 modo
1654 684 1695 728 a
1746 683 1869 728 sua
1909 670 2099 748 parte
2141 660 2311 728 nihil

358 771 493 817 mse
548 749 1003 834 impedimenti
1061 749 1403 816 ostendere
1420 801 1437 830 ,
1498 748 1614 814 sed
1669 769 1912 833 urgere
1974 749 2179 814 etiam
2242 756 2311 813 et

356 836 599 920 pfflm
640 833 1121 920 reprehendere
1174 835 1348 901 hanc
1385 855 1658 901 moram.
1762 833 2061 900 Tandem
2117 853 2310 900 vere-

357 919 592 989 cundia
656 923 864 988 coacti
924 923 1270 987 finxerunt
1334 942 1406 987 se
1471 920 1641 987 velle
1706 921 2014 1004 incipere.
2120 917 2309 987 Ceci-

355 1016 599 1074 nerunt
651 1009 857 1092 igitur
910 1007 1184 1072 missam
1240 1028 1430 1073 suam
1484 1005 1565 1072 de
1629 1008 1865 1090 spiritu
1931 1014 2157 1072 sancto
2232 1012 2311 1070 ut

355 1092 688 1177 auspicato
731 1092 1263 1177 aggrederentur.
1349 1093 1489 1159 Nos
1543 1094 1739 1158 etiam
1792 1091 2098 1159 solennes
2152 1112 2309 1174 sup-

353 1178 733 1264 plicationes
775 1180 845 1244 in
888 1179 1132 1263 templo
1174 1189 1401 1245 nostro
1442 1178 1811 1245 habuimus,
1910 1178 2121 1244 Nemo
2167 1185 2312 1241 erat

353 1265 465 1350 qui
516 1285 652 1331 non
702 1274 969 1349 putaret
1021 1285 1175 1331 mox
1229 1266 1525 1330 futurum
1582 1274 1659 1330 ut
1700 1264 1783 1329 ad
1828 1271 2161 1330 certamen
2203 1282 2310 1328 ac-

354 1352 785 1434 cingeremur.
895 1350 999 1416 Eo
1067 1361 1289 1417 tamen
1362 1349 1465 1417 die
1520 1349 1713 1414 nobis
1775 1350 1975 1415 feriae
2038 1349 2312 1414 fuerunt

354 1446 545 1520 atque
588 1436 789 1502 etiam
832 1435 1163 1519 postridie.
1252 1435 1569 1503 Mercurii
1623 1454 1940 1502 vocamur
1994 1445 2310 1517 tanquam

352 1522 433 1588 ad
475 1543 622 1587 rem
666 1522 956 1587 maxime
998 1524 1257 1589 seriam.
1344 1523 1704 1605 Postquam
1748 1519 1832 1585 ad
1866 1520 2087 1586 aulam
2120 1540 2310 1603 prae-

352 1607 569 1674 sidum
593 1609 678 1691 ¹⁶)
721 1617 997 1673 ventum
1041 1618 1158 1687 est,
1203 1607 1565 1674 indicatum
1621 1615 1724 1673 est
1771 1606 2139 1683 GrameUO,
2198 1606 2311 1690 qui

352 1693 685 1777 aliquanto
747 1700 897 1777 post
963 1692 1399 1776 subsequutus
1463 1702 1582 1759 est.
1692 1692 1881 1757 Tunc
1954 1691 2310 1758 accersitus

350 1781 477 1844 fuit
517 1779 806 1845 nuncius
846 1779 1239 1862 apostolicus
1281 1780 1395 1863 qui
1425 1800 1546 1845 nos
1570 1778 1971 1845 sanctissimi
1998 1778 2198 1843 Pauli
2224 1779 2308 1862 ¹⁷)

350 1865 618 1931 nomine
684 1865 766 1929 ad
828 1864 1125 1930 studium
1188 1863 1571 1932 concordiae
1626 1873 1695 1930 et
1758 1863 2309 1931 reconciliationis

351 1973 497 2019 cum
555 1950 830 2018 acclama
882 1950 1275 2016 hortaretur.
1372 1952 1542 2017 Erat
1596 1957 1817 2017 autem
1873 1949 1975 2014 illi
2015 1950 2311 2034 apposita

350 2037 511 2105 sella
553 2058 593 2103 e
634 2036 904 2122 regione
952 2036 1297 2110 Granvelli‚
1342 2038 1453 2120 qui
1495 2037 1570 2101 in
1613 2036 1946 2120 superiore
1979 2036 2121 2102 loco
2158 2056 2309 2101 cum

352 2123 707 2189 electorum
785 2122 1020 2208 legatis
1096 2122 1381 2189 sedebat.
1502 2122 1834 2189 Processit
1910 2129 2134 2187 tamen
2212 2120 2311 2186 illi

358 2208 734 2276 Granvezlus
789 2217 1077 2291 quatuor
1128 2218 1245 2272 aut
1309 2207 1597 2292 quinque
1660 2208 1964 2291 passibus
2028 2208 2309 2286 obviam,

350 2316 432 2361 ne
476 2302 784 2361 sanctam
819 2292 1043 2360 sedem
1086 2294 1509 2378 apostolicam
1565 2315 1841 2378 prorsus
1893 2301 2311 2360 contemnere

351 2380 704 2446 videretur.
786 2378 1176 2445 Orationem
1222 2380 1453 2446 habuit
1496 2380 1925 2463 compositam
1962 2401 2045 2444 ex
2081 2378 2310 2463 elogiis

351 2467 674 2552 caritatis,
734 2465 1184 2549 deploratione
1240 2467 1684 2549 praesentium
1730 2476 2133 2548 temporum,
2190 2486 2309 2530 ex-

348 2552 717 2618 hortatione
782 2551 867 2617 ad
933 2550 1227 2616 tollenda
1292 2551 1577 2618 dissidia.
1690 2551 1896 2616 Cuius
1972 2550 2312 2634 exemplar

350 2638 463 2703 tibi
508 2640 720 2703 mitto.
809 2636 1035 2719 Quum
1102 2639 1300 2703 finem
1361 2636 1622 2704 dicendi
1660 2637 1938 2717 fecisset,
1999 2635 2310 2703 secedunt

350 2745 463 2789 suo
507 2744 696 2788 more
739 2722 939 2808 legati
983 2723 1339 2788 electorum
1382 2722 1467 2788 ad
1511 2722 2064 2788 deliberationem.
2143 2722 2313 2787 Erat

346 2810 520 2876 enim
564 2809 778 2875 forma
821 2819 1189 2876 conventus
1231 2809 1608 2892 imperialis.
1675 2809 1927 2874 Petunt
1948 2806 2310 2875 adversarii

346 2903 421 2961 ut
473 2898 551 2962 in
604 2915 951 2962 commune
1005 2894 1496 2977 respondeatur.
1602 2893 1794 2974 Same,
1823 2894 1908 2979 ¹⁸)
1964 2894 2078 2978 qui
2136 2914 2309 2960 unus

348 2989 445 3047 est
486 3003 579 3047 ex
612 2980 902 3064 professo
924 2988 1167 3059 noster,
1212 2980 1568 3046 reclamare
1601 2991 1671 3046 et
1703 2980 1912 3045 firmis
1944 2979 2308 3046 rationibus

347 3065 711 3144 ostendere,
736 3067 795 3106 ¹⁹
901 3065 1090 3130 nobis
1166 3085 1309 3131 6666
1384 3085 1679 3132 6661611111
1755 3063 2303 3148 respondendum.

347 3152 481 3219 Nos
524 3153 708 3218 enim
754 3173 791 3217 o
835 3151 1012 3235 lique
1042 3150 1247 3217 fuisse
1267 3152 1667 3236 perstrictos,
1701 3150 1976 3235 ideoque
1997 3152 2308 3235 privatim

349 3259 485 3305 esse
533 3238 619 3304 de
664 3238 744 3304 iis
787 3258 954 3322 quae
996 3236 1247 3304 obiecta
1281 3244 1475 3304 erant
1506 3236 2057 3318 satisfaciendum,
2102 3258 2306 3321 quum

348 3332 481 3391 tota
526 3324 723 3407 culpa
764 3323 839 3388 in
882 3344 1003 3388 nos
1048 3322 1456 3408 dirigeretur.
1530 3322 1788 3390 Deinde
1830 3344 1949 3389 nos
1994 3323 2130 3407 pati
2173 3344 2308 3389 non

588 3418 667 3475 ut
719 3416 942 3493 partes
999 3408 1252 3493 aliquas
1299 3409 1564 3475 honoris
1609 3410 1733 3475 sibi
1774 3411 1843 3474 in
1889 3428 2196 3475 consessu
2214 3409 2307 3494 ²⁰)

394 3517 468 3563 oc
526 3504 837 3562 sumeret.
934 3495 1116 3580 Ergo
1171 3495 1647 3579 protestatione
1703 3495 1835 3559 iam
1894 3494 2110 3578 aliqua
2162 3515 2309 3561 esse

347 3583 468 3648 sibi
511 3579 859 3660 utendum,
906 3601 993 3647 ne
1030 3580 1184 3665 quid
1219 3581 1508 3647 tribuere
1532 3580 1628 3645 illi
1653 3581 2094 3647 crederentur.
2161 3579 2309 3646 Iam

346 3691 501 3735 vero
559 3665 748 3733 nullo
802 3666 996 3732 modo
1054 3667 1335 3751 coire21)
1393 3688 1582 3751 posse
1636 3665 1913 3732 duorum
1965 3667 2307 3746 orationes,

348 3775 625 3839 quorum
675 3753 863 3819 alteri
899 3752 1171 3818 titulum
1191 3752 1589 3818 sanctissimi
1610 3753 1817 3837 patris
1836 3752 1936 3816 illi
1960 3751 2307 3831 deferrent,

347 3841 539 3906 alteri
586 3838 719 3904 Dei
774 3838 1032 3904 hostem
1092 3849 1157 3903 et
1215 3838 1525 3904 ecclesiae
1569 3848 1934 3924 tyrannum
1973 3846 2307 3916 vocarent,

349 3926 537 3991 alteri
586 3924 1022 3990 obedientiam
1070 3925 1129 3989 ei
1170 3945 1433 3989 omnem
1477 3924 1958 4009 pollicerentur,
2005 3923 2194 3989 alteri
2236 3944 2309 3988 se

346 4012 514 4078 velle
576 4011 721 4077 eius
735 4013 825 4084 22)
885 4011 1185 4094 regimen
1240 4031 1649 4096 expugnare,
1704 4031 1862 4095 prae
1917 4031 1986 4076 se
2041 4009 2308 4075 ferrent.

350 4095 578 4179 Quum
624 4096 707 4161 ad
760 4096 1175 4162 Granvellum
1213 4105 1387 4163 esset
1422 4104 1712 4174 ventum,
1748 4095 1861 4162 ille
1896 4116 2052 4163 vero
2076 4115 2310 4180 rogare

349 4193 411 4247 et
483 4181 769 4249 suadere
835 4190 911 4246 ut
979 4203 1206 4247 omnes
1275 4182 1535 4247 ordines
1590 4182 1661 4246 in
1705 4181 1992 4266 aliquam
2044 4201 2309 4265 respon-

349 4271 603 4334 sionem
649 4269 1102 4333 convenirent.
1182 4266 1594 4334 Oursitatum
1639 4277 1739 4332 est
1780 4267 1955 4333 ultro
1999 4267 2307 4351 citroque,

348 4356 552 4420 octies
618 4361 738 4419 aut
802 4355 1089 4435 circiter,
1156 4363 1503 4437 antequam
1582 4355 1790 4420 nostri
1865 4354 2306 4418 flecterentur.

348 4439 706 4507 Postulant
748 4439 1015 4505 demum
1059 4449 1137 4504 ut
1178 4439 1412 4506 saltem
1454 4442 2005 4524 permitteremus,
2060 4438 2157 4504 illi
2201 4439 2309 4523 agi

350 4528 631 4624 gratias,
687 4525 875 4590 nulla
915 4526 1258 4591 Pontificis
1308 4527 1643 4592 mentione
1686 4528 1874 4592 facta.
1962 4525 2113 4591 Hoc
2157 4546 2198 4589 a
2238 4545 2309 4589 se

350 4611 693 4696 impetrari
756 4611 934 4694 passi
999 4618 1156 4677 sunt
1173 4663 1188 4690 ,
1255 4634 1339 4677 ne
1403 4612 1626 4677 omnia
1677 4636 1721 4678 n
1918 4619 2012 4675 nt.
2122 4611 2309 4676 Haec

349 4697 572 4763 omnia
612 4695 862 4762 fiebant
902 4698 975 4762 in
1011 4699 1150 4763 eius
1187 4705 1558 4780 conspectu,
1606 4705 1674 4764 et
1718 4720 1757 4765 a
1802 4718 1878 4763 eo
1915 4717 2049 4762 non
2082 4696 2310 4780 procul

351 4792 423 4847 ut
476 4782 799 4849 exaudire
866 4781 1199 4848 interdum
1273 4804 1465 4851 voces
1533 4783 1784 4867 aliquas
1837 4791 2074 4868 posset.
2173 4782 2308 4848 Re-

350 4924 551 4933 u...-

561 4986 653 5053 16)
729 4988 956 5041 raesidis
991 4987 1060 5041 N.

556 5055 652 5121 17)
742 5095 754 5107 .
791 5057 948 5110 Pauli
984 5056 1052 5110 N.

558 5124 655 5192 18)
688 5124 813 5179 faxo
850 5124 919 5178 N.

558 5193 655 5259 19)
690 5193 1021 5247 contendere
1055 5195 1121 5248 B.

561 5261 655 5398 2οζ
688 5263 746 5315 111
782 5278 1041 5316 6611666611
1075 5263 1136 5316 Β.
1174 5263 1230 5317 in
1264 5278 1517 5317 concesse
1551 5261 1619 5314 N.

558 5329 628 5384 21
689 5332 979 5386 convenire
1015 5332 1077 5385 B.

560 5398 659 5466 22)
699 5400 808 5456 Hie
844 5401 1089 5454 subsistit
1130 5400 1199 5454 N.
1276 5397 1502 5454 Caetera
1538 5400 1748 5454 desunt.

2064 475 2228 539 1540
2268 472 2677 541 Dnomffl.

4246 481 4369 544 138

2413 662 2763 746 sponsione
2807 661 3053 740 habita,
3097 662 3286 729 cuius
3319 662 3594 728 formam
3631 662 3740 729 hic
3774 685 4032 748 quoque
4076 664 4367 745 habebis,

2414 747 2776 814 discessum
2822 757 2924 813 est
2940 798 2956 826 ,
3013 767 3386 831 quanquam
3440 750 3680 814 nostris
3731 749 4094 833 plurimum
4140 750 4369 832 doluit,

2411 834 2591 900 vices
2632 833 2944 916 loquendi
2986 841 3146 900 tunc
3190 834 3314 899 sibi
3357 834 3559 899 fuisse
3603 846 3875 917 ereptas.
3948 834 4370 903 Cordatiores

2413 927 2638 985 tamen
2681 917 3007 999 iudicant,
3063 919 3253 985 nobis
3296 919 3662 986 tacentibus
3705 942 3840 986 non
3882 942 4117 1004 parum
4166 923 4371 989 fuisse

2414 1005 2726 1073 effectum
2769 1026 2847 1071 66
2891 1005 3015 1071 die.
3104 1005 3168 1069 N
3171 1026 3280 1071 am
3323 1006 3436 1088 qui
3495 1006 3683 1086 olim,
3742 1007 3876 1071 imo
3934 1017 4087 1073 ante
4129 1029 4371 1093 paucos

2415 1111 2641 1170 annos,
2687 1091 2770 1156 ad
2812 1091 2987 1157 latus
3035 1089 3331 1157 Caesaris
3388 1113 3464 1157 su
3513 1113 3588 1157 ra
3641 1113 3868 1157 omnes
3911 1093 4222 1159 electores
4264 1115 4370 1160 re-

2414 1176 2814 1259 cipiebatur,
2882 1199 3058 1242 nunc
3135 1198 3217 1242 ex
3283 1177 3478 1243 subse
3534 1178 3592 1242 'o
3658 1178 3834 1261 loqui
3897 1186 4160 1245 coactus
4224 1180 4367 1246 fuit.

2416 1261 2638 1344 Quum
2687 1261 2968 1329 Paulum
3024 1261 3392 1328 Dominum
3445 1284 3641 1329 suum
3691 1265 4067 1330 nominaret
4119 1286 4195 1331 ac
4248 1263 4370 1330 ho-

2413 1349 2596 1413 noris
2639 1368 2836 1414 causa
2876 1358 3220 1432 retegeret,
3265 1370 3458 1414 nemo
3496 1357 3810 1433 sequutus
3847 1358 3965 1426 est,
4010 1372 4095 1416 ne
4130 1373 4216 1416 ex
4256 1348 4371 1415 ad-

2414 1434 2726 1501 versariis
2759 1434 3052 1517 quidem:
3100 1455 3306 1518 quum
3345 1433 3640 1502 Caesaris
3672 1435 4073 1502 mentionem
4109 1437 4370 1515 faceret,

2414 1540 2642 1586 omnes
2685 1519 2930 1604 pileum
2976 1519 3403 1603 deponebant.
3493 1519 3680 1601 Quae
3734 1533 3955 1587 autem
4011 1522 4373 1607 ignominia

2413 1606 2628 1670 maior
2670 1606 2794 1671 hoc
2839 1613 3016 1671 statu
3059 1628 3284 1671 rerum
3327 1628 3536 1691 papae
3578 1608 3857 1692 irrogari
3901 1609 4132 1691 potuit,
4176 1629 4372 1691 quam

2415 1691 2512 1755 ita
2561 1691 2944 1776 responderi
2998 1713 3039 1757 a
3085 1690 3353 1758 Caesare
3410 1703 3477 1758 et
3531 1692 3868 1760 ordinibus
3926 1694 4185 1778 imperii
4230 1695 4372 1759 eius

2412 1777 2650 1862 legato,
2694 1787 2770 1842 ut
2811 1781 2954 1844 eius
2987 1798 3231 1843 nomen
3265 1800 3536 1863 prorsus
3550 1782 3644 1864 ²⁸)
3680 1779 4159 1846 subticeretur?
4226 1780 4374 1846 Hoc

2414 1871 2592 1928 certe
2643 1885 2880 1946 parum
2935 1864 3120 1930 abest
3173 1886 3214 1929 a
3267 1866 3610 1931 manifesto
3661 1863 3966 1931 ludibrio.
4076 1865 4250 1932 Nam
4306 1873 4375 1931 et

2412 1957 2732 2032 tauquam
2774 1950 3030 2015 homini
3047 1951 3138 2034 ²⁴)
3182 1951 3443 2033 privato
3486 1971 3876 2034 responsum
3911 1961 4031 2029 est,
4076 1961 4144 2016 et
4176 1951 4374 2017 silen-

2415 2035 2582 2100 tium
2647 2034 2728 2100 de
2791 2036 3101 2119 pontifice
3166 2036 3438 2100 notabili
3505 2045 3880 2121 contemptu
3943 2059 4078 2103 non
4142 2038 4371 2104 caruit.

2414 2118 2494 2186 Si
2536 2120 2692 2206 quid
2735 2121 3030 2205 asperius
3074 2143 3115 2186 a
3156 2121 3349 2188 nobis
3392 2120 3641 2187 dictum
3685 2130 3886 2202 esset,
3940 2144 4076 2189 non
4126 2144 4374 2188 novum

2415 2215 2590 2271 esset
2646 2228 2687 2272 a
2741 2215 2879 2273 tam
2946 2209 3440 2274 contumacibus
3506 2207 3968 2292 indomitisque
4034 2208 4371 2293 capit-ibus.

2418 2289 2751 2358 Gaesarem
2817 2314 2973 2359 vero
3041 2301 3109 2358 et
3173 2303 3380 2358 totam
3454 2293 3742 2359 filiorum
3816 2295 3959 2360 eius
4040 2304 4372 2361 catervam

2414 2385 2673 2443 tantum
2718 2379 2907 2444 nobis
2952 2378 3110 2445 dare
3163 2389 3239 2445 ut
3295 2381 3502 2463 ipsius
3559 2380 3937 2446 meminisse
3979 2401 4115 2447 non
4157 2380 4371 2459 liceat,

2414 2461 2480 2527 id
2542 2484 2699 2528 vero
2756 2466 2896 2530 eius
2951 2466 3363 2531 maiestatem
3406 2486 3540 2530 non
3582 2486 3819 2548 parum
3868 2466 4219 2531 imminuit.
4309 2468 4373 2531 A

2413 2549 2693 2633 prandio
2737 2550 3098 2616 adversarii
3144 2553 3356 2617 nostri
3398 2552 3575 2617 inter
3617 2572 3686 2616 se
3730 2550 4194 2628 deliberarunt,
4246 2573 4373 2635 quo

2411 2636 2701 2718 primum
2744 2635 3019 2702 vulnere
3034 2638 3125 2713 ²⁶)
3169 2635 3486 2702 deberent
3526 2658 3647 2702 nos
3690 2639 4023 2703 conficere.
4110 2637 4376 2704 Placuit

2414 2719 2646 2786 ordine
2702 2729 3010 2786 excutere
3065 2729 3275 2786 totam
3329 2723 3819 2789 confessionem.
3908 2722 3994 2787 In
4048 2723 4261 2807 primo
4279 2723 4372 2808 ²⁶)

2414 2806 2691 2873 articulo
2744 2815 3168 2873 controverso
3183 2859 3201 2888 ,
3259 2808 3374 2892 qui
3431 2817 3534 2874 est
3585 2808 3666 2874 de
3714 2808 4022 2893 originali
4086 2817 4371 2891 peccato,

2413 2914 2616 2976 quum
2660 2892 2930 2959 biduum
2983 2891 3473 2977 depugnassent
3486 2946 3502 2972 ,
3560 2895 3990 2961 secessionem
4044 2894 4371 2960 fecerunt:

2413 3000 2533 3043 sex
2576 2987 2967 3062 receperunt
3008 2989 3306 3044 nostram
3362 2982 3838 3046 confessionem
3854 3030 3869 3059 ,
3924 2981 4212 3064 quinque
4266 2999 4373 3045 re-

2413 3063 2794 3130 clamarunt.
2862 3063 2948 3128 In
2990 3064 3226 3148 quibus
3268 3074 3413 3130 erat
3454 3065 3747 3132 Achilles
3790 3066 3930 3149 ipse
3964 3064 4238 3131 Ecchius
4257 3066 4371 3150 ²⁷).

2412 3151 2637 3216 'Pertio
2679 3149 2786 3217 die
2826 3148 3177 3215 formulam
3221 3150 3441 3216 nescio
3481 3172 3677 3234 quam
3712 3151 4260 3236 conscripserunt,
4302 3151 4373 3216 in

2411 3258 2610 3320 quam
2656 3237 2905 3319 pariter
2942 3235 3403 3302 consentirent.
3471 3235 3619 3302 Illic
3661 3245 3880 3302 autem
3923 3258 4057 3303 non
4102 3236 4373 3303 damna-

2411 3322 2608 3388 batur
2673 3321 2913 3408 dogma
2976 3329 3305 3402 nostrum,
3385 3319 3500 3387 sed
3566 3320 3861 3389 adhibita
3923 3323 4373 3389 moderatione

2411 3407 2861 3493 mitigabatur.
2950 3407 3252 3474 Ventum
3294 3414 3396 3473 est
3436 3415 3666 3492 postea
3708 3406 3792 3473 ad
3820 3409 4373 3489 iustificationem,

2412 3494 2483 3558 in
2528 3515 2657 3579 qua
2699 3495 2943 3562 mirum
2987 3502 3089 3559 est
3130 3514 3328 3577 quam
3372 3493 3779 3560 tumultuose
3823 3496 3995 3560 inter
4052 3517 4122 3561 se
4172 3495 4374 3560 rixati

2413 3580 2564 3645 sint.
2667 3581 2853 3647 Haec
2909 3589 3132 3646 autem
3186 3589 3406 3645 tantae
3460 3581 3970 3663 perturbationis
4011 3589 4113 3648 est
4156 3602 4372 3660 causa,

2414 3665 2586 3749 quod
2630 3664 3258 3752 Brandeburgeuscs
3299 3687 3567 3750 prorsus
3606 3668 3813 3732 nostri
3857 3675 4031 3748 sunt,
4083 3666 4377 3732 Palatini

2415 3751 2902 3836 aliquantulum
2958 3751 3293 3818 accedunt.
3395 3751 3766 3818 Clivienses
3820 3763 3885 3818 et
3943 3752 4374 3819 colonienses

2414 3858 2550 3902 non
2614 3849 2774 3903 sunt
2839 3837 3250 3921 iniquissimi.
3362 3836 3500 3902 Alii
3566 3859 3758 3919 vei-0,
3824 3839 4012 3922 quasi
4028 3840 4092 3880 ‘²3
4183 3838 4374 3904 furiis

2414 3924 2717 4007 correpti,
2754 3923 2925 3989 nihil
2961 3925 3171 4008 aequi,
3209 3922 3377 3988 nihil
3398 3921 3736 4002 moderati,
3772 3924 3942 3989 nihil
3964 3946 4110 3990 sani
4131 3925 4371 3990 ferunt.

2413 4008 2572 4075 Ideo
2616 4016 2837 4074 autem
2879 4010 2948 4074 in
2994 4031 3219 4075 eorum
3253 4017 3442 4094 parte
3481 4019 3583 4075 est
3606 4009 3911 4091 Marchio,
3955 4009 4128 4093 quod
4171 4031 4375 4093 quum

2415 4115 2485 4160 se
2550 4094 2845 4160 nondum
2919 4095 3198 4162 decretis
3267 4094 3567 4162 Caesaris
3630 4097 4034 4181 opposuerit,
4110 4115 4231 4161 nec
4301 4097 4374 4162 in

2413 4180 2693 4246 foederis
2737 4181 3113 4246 societatem
3157 4182 3569 4260 concesserit,
3615 4203 3697 4247 ex
3741 4203 3939 4267 grege
3975 4188 4197 4247 nostro
4238 4202 4374 4246 non

2415 4267 2717 4332 habetur.
2809 4264 3031 4347 Quum
3076 4266 3317 4334 elector
3369 4268 3485 4347 sit,
3544 4288 3678 4333 non
3734 4269 3949 4352 potuit
4006 4267 4370 4350 praeteriri.

2413 4353 2596 4438 Ergo
2683 4372 2830 4416 eum
2938 4353 3227 4437 recipere
3313 4353 3538 4420 hostes
3627 4355 3834 4419 nostri
3912 4352 4122 4419 coacti
4196 4361 4370 4419 sunt.

2413 4438 2642 4504 Nostri
2685 4438 2943 4503 interea
2986 4440 3327 4522 conqueri,
3384 4447 3527 4504 tum
3572 4437 3748 4522 apud
3804 4438 4168 4523 praesides,
4224 4447 4372 4504 tum

2413 4522 2589 4606 apud
2661 4523 3101 4604 Granvellum,
3167 4524 3336 4608 quod
3404 4525 3500 4589 ita
3554 4525 4009 4589 extrahantur.
4112 4525 4372 4591 Instare

2415 4609 2589 4674 enim
2636 4617 2898 4675 sextum
2938 4609 3250 4687 Ianuarii,
3297 4610 3409 4692 qui
3451 4609 4041 4676 Ratisbonensibus
4088 4610 4371 4676 comitiis

2413 4695 2503 4761 sit
2545 4693 2861 4761 indictus:
2907 4696 3225 4760 nimirum
3267 4716 3409 4761 6666
3453 4716 3585 4761 11611
3630 4695 3898 4763 dubiam
3915 4698 4004 4779 ²⁹)
4050 4697 4370 4781 tergiver-

2414 4780 2735 4847 sationem
2750 4832 2766 4860 ,
2826 4791 2905 4846 ut
2955 4803 3029 4847 re
3071 4782 3314 4849 infecta
3356 4779 3815 4849 discederetur.
3913 4783 4070 4848 Istis
4112 4780 4372 4864 flagita-

2417 4923 2584 4930 *—
2693 4923 2824 4930 ———-

2618 4984 2714 5048 23)
2752 5002 2972 5054 prorsus
3009 5002 3109 5041 om.
3146 4988 3217 5043 A.

2620 5053 2710 5118 24)
2746 5056 2953 5108 nomini
2987 5055 3057 5109 A.

2621 5121 2714 5188 25)
2751 5123 2934 5178 ulcere
2970 5125 3035 5178 B.

2619 5190 2712 5256 26)
2750 5191 2925 5260 primo
2958 5210 3060 5247 61η.
3097 5194 3165 5247 Δ.

2622 5259 2716 5324 27)
2752 5262 2957 5314 Elicius
2997 5263 3065 5317 A.

2618 5328 2715 5392 28)
2791 5331 2906 5382 uasi
2942 5346 3042 5385 om.
3078 5330 3137 5384 B.

2619 5397 2712 5465 29)
2789 5399 2916 5451 ubio
2953 5399 3013 5453 B.
