5050 6167
694 473 820 537 899

690 657 809 726 sed
851 665 988 724 tam
1032 664 1189 723 sunt
1230 656 1440 741 iniqui
1481 663 1557 720 ut
1595 655 1749 720 inde
1792 661 2074 721 sumant.
2135 654 2230 718 Te
2270 673 2511 736 quaeso
2558 673 2643 717 ne

693 743 966 811 moleste
1008 744 1181 808 feras
1224 764 1433 807 unum
1477 748 1592 806 aut
1634 742 1915 806 alterum
1961 760 2226 804 versum
2271 739 2640 816 immutare,

694 839 761 897 et
801 828 972 912 quod
1013 828 1169 894 olim
1212 828 1527 912 rogabam
1541 829 1600 904 2)
1648 826 1727 891 de
1763 825 2253 903 dormientibus,
2299 835 2373 889 ut
2410 823 2644 908 gallice

696 935 963 981 curares
1018 913 1203 979 reddi
1262 912 1430 996 quod
1484 912 1687 977 latine
1744 911 1902 977 olim
1957 910 2308 993 scripsisti,
2368 919 2436 975 et
2493 920 2644 974 tuae

696 1001 1085 1084 adiungeres
1153 998 1591 1083 responsioni,
1650 997 1773 1062 hoc
1830 1005 2119 1080 optarem
2138 1047 2154 1073 ,
2224 996 2352 1060 nisi
2412 995 2643 1060 melius

694 1087 817 1153 tibi
861 1093 1159 1152 occurrat
1199 1082 1513 1151 iudicium
1531 1135 1547 1161 ,
1590 1093 1656 1148 et
1697 1083 1888 1148 aliter
1931 1082 2194 1159 sentias,
2242 1079 2564 1165 expedire.
2587 1082 2645 1162 ³)

695 1172 870 1238 Nam
929 1171 1236 1236 videntur
1291 1191 1377 1233 ex
1418 1169 1647 1234 eodem
1690 1170 1901 1244 fonte,
1959 1187 2136 1249 quae·
2171 1177 2240 1231 tu
2285 1186 2645 1249 oppugnas,

694 1258 771 1323 in
808 1258 1098 1339 utrisque
1141 1255 1421 1339 prodire.
1468 1254 1883 1332 Marem-taes,
1928 1262 2007 1318 ut
2037 1252 2186 1319 istic
2199 1252 2256 1339 ⁴)
2301 1261 2649 1334 praetextu

694 1343 875 1427 pacis
913 1342 1197 1407 tentavit
1234 1341 1483 1405 aditum
1525 1339 1651 1404 sibi
1687 1349 1924 1424 patere,
1970 1345 2047 1403 ut
2080 1340 2137 1403 si
2170 1339 2373 1421 possit
2406 1334 2651 1419 aliquid

695 1450 768 1495 00
812 1427 1085 1512 dignum
1129 1427 1395 1503 efficiat,
1437 1427 1534 1489 ita
1573 1425 1703 1491 11110
1747 1447 1817 1490 00
1860 1424 2157 1503 contulit,
2202 1444 2334 1488 non
2378 1425 2650 1506 ignarus

698 1534 928 1580 earum
971 1533 1137 1595 quae
1179 1512 1287 1576 hic
1330 1511 1575 1577 fiebant
1617 1531 1860 1589 rerum,
1905 1519 2226 1592 quantum
2272 1508 2558 1574 coniicio.

870 1599 1208 1664 Habemus
1228 1601 1286 1678 ⁶)
1332 1596 1439 1661 hic
1481 1617 1669 1661 senes
1712 1596 1959 1679 aliquot
1999 1595 2112 1677 qui
2156 1594 2238 1660 ab
2275 1595 2465 1659 annis
2498 1593 2650 1676 plus

697 1687 918 1751 minus
960 1684 1242 1768 quinque
1288 1681 1393 1746 vel
1435 1691 1712 1764 quatuor
1753 1680 1986 1746 domus
2024 1701 2159 1744 non
2193 1687 2349 1745 sunt
2383 1680 2648 1764 egressi,

697 1791 994 1856 quorum,
1032 1769 1197 1833 dum
1240 1769 1347 1834 hic
1391 1788 1524 1831 non
1567 1787 1806 1846 essem,
1852 1787 2132 1849 magnus
2177 1775 2320 1830 erat
2362 1774 2649 1831 contem-

697 1861 829 1922 tus.
894 1855 1101 1919 Nemo
1144 1854 1494 1930 invisebat,
1539 1873 1734 1917 nemo
1780 1852 1859 1916 de
1904 1852 2172 1917 Christo
2218 1851 2494 1917 verbum
2540 1851 2646 1915 his

697 1939 1006 2019 faciebat,
1050 1961 1170 2004 nec
1214 1939 1358 2003 aliis
1402 1941 1712 2021 aegrotis,
1771 1938 1896 2002 nisi
1940 1938 2244 2020 precibus
2288 1938 2572 2018 aliquem
2595 1933 2649 2021 6>

698 2034 1044 2093 vocassent
1083 2025 1490 2089 ministrum:
1545 2024 1657 2088 sed
1703 2025 1815 2106 qui
1860 2021 1943 2086 ad
1986 2042 2255 2087 coenam
2298 2021 2650 2087 veniebant

696 2112 888 2197 panis
929 2109 1285 2175 frustulum
1330 2109 1705 2173 retinebant
1725 2112 1751 2151 ⁷
1839 2108 2011 2190 quod
2065 2109 2329 2173 senibus
2387 2105 2647 2184 dabant,

699 2197 815 2281 qui
877 2196 1001 2262 hac
1065 2196 1314 2260 ratione
1379 2194 1702 2277 putabant
1777 2192 1933 2280 esse]
1981 2194 2326 2277 participes
2391 2211 2647 2256 coenae.

697 2282 843 2349 Hos
911 2303 1110 2364 quum
1178 2280 1602 2344 inviserimus
1668 2280 1958 2346 crebrius
2014 2289 2080 2343 et
2132 2300 2375 2361 panem
2432 2277 2646 2360 110118)

698 2367 967 2433 edentes
1011 2367 1438 2450 arguerimus,
1481 2365 1637 2430 boni
1682 2366 1805 2430 viri
1848 2364 2183 2447 petierunt
2216 2384 2484 2429 coenam
2507 2361 2648 2426 Do-

696 2452 883 2519 mini.
963 2452 1109 2536 Ego
1165 2471 1317 2516 cum
1372 2449 1713 2528 fratribus,
1764 2471 1889 2532 quo
1947 2449 2291 2516 concordia
2342 2448 2646 2523 aleretur,

699 2537 980 2602 contuli:
1040 2547 1330 2619 tempore
1374 2549 1610 2600 coenae
1655 2537 1909 2619 erogari
1951 2555 2174 2619 posse,
2230 2543 2309 2599 ut
2351 2533 2648 2598 nonnulli

696 2625 873 2690 inter
914 2643 1034 2687 nos
1069 2622 1334 2697 faciunt,
1346 2624 1402 2697 ⁹)
1448 2622 1668 2687 visum
1702 2621 1844 2687 fuit.
1892 2619 2090 2686 Solus
2126 2619 2467 2704 collegam)
2506 2640 2648 2684 rem

698 2708 884 2775 nulla
948 2708 1200 2772 ratione
1270 2706 1742 2772 admittendam
1808 2703 2091 2784 dicebat,
2159 2713 2226 2770 et
2273 2716 2530 2770 veteres
2585 2712 2651 2768 et

696 2814 908 2878 novos
965 2801 1032 2858 et
1083 2791 1391 2858 ecclesiae
1459 2813 1650 2858 usum
1680 2791 1763 2877 ¹¹)
1827 2812 2196 2875 repugnare
2263 2790 2646 2855 affirmabat.

696 2878 837 2947 Nos
889 2887 1135 2945 contra.
1224 2878 1478 2943 Paucos
1532 2877 1881 2956 convenio,
1938 2877 2115 2940 inter
2157 2896 2316 2959 quos
2360 2875 2650 2957 primum

695 2964 1053 3031 consulem.
1092 2963 1390 3028 Probant
1431 2961 1574 3028 dari
1618 2982 1903 3028 coenam.
1970 2960 2298 3043 Quamvis
2342 2962 2651 3027 rescirem

696 3050 865 3117 colle
951 3071 989 3114 e
1030 3070 1165 3113 non
1209 3048 1488 3131 probari,
1533 3054 1786 3126 tamen,
1832 3069 1915 3112 ne
1957 3047 2239 3130 iniquior
2279 3067 2487 3111 essem
2533 3066 2648 3128 pe·

695 3137 868 3201 tenti
915 3156 1022 3211 us,
1073 3133 1222 3200 dedi
1275 3134 1348 3198 in
1400 3135 1555 3199 unis
1580 3135 1662 3215 12)
1707 3132 1973 3198 aedibus
1990 3184 2007 3212 ,
2061 3140 2127 3198 et
2180 3131 2651 3215 frequentiores

696 3222 967 3287 fuerunt
1008 3219 1215 3284 multo
1243 3222 1327 3300 ¹¹³)
1363 3220 1436 3283 in
1479 3219 1746 3284 aedibus
1790 3238 1985 3300 quam
2030 3218 2308 3284 fuissent
2348 3216 2521 3300 apud
2556 3216 2649 3281 le-

695 3326 947 3391 prosos.
1036 3305 1139 3369 De
1196 3304 1471 3387 leprosis
1515 3303 1765 3388 collega
1806 3302 2085 3368 verbum
2127 3324 2261 3368 non
2304 3302 2487 3380 fecit,
2534 3301 2651 3368 sed

698 3390 783 3457 de
824 3390 1089 3456 senibus
1132 3397 1269 3453 tam
1312 3411 1535 3455 amare
1578 3397 1652 3455 ut
1693 3388 1864 3453 nihil
1905 3409 2190 3471 unquam
2235 3388 2539 3467 amarius,
2585 3395 2654 3453 et

695 3481 777 3542 ut
807 3497 914 3542 res
948 3482 1119 3540 esset
1152 3474 1416 3560 gravior
1449 3475 1716 3541 auribus
1753 3495 1985 3559 graece
2021 3474 2255 3539 maluit
2280 3474 2652 3557 exprimere

696 3581 899 3646 quum
959 3559 1192 3645 gallice
1234 3569 1474 3644 ageret.
1564 3559 2073 3626 Schismaticum
2126 3581 2328 3626 ausus
2370 3559 2496 3625 fuit
2537 3580 2651 3623 vo-

695 3668 880 3725 care,
938 3645 1132 3729 idque
1189 3644 1346 3709 dum
1400 3645 1668 3710 domum
1723 3654 2165 3729 repeteremus
2219 3667 2300 3710 ex
2353 3644 2651 3729 prandio,

694 3730 781 3798 ad
822 3731 995 3815 quod
1038 3738 1311 3812 uterque
1354 3737 1656 3795 nostrum
1701 3739 1970 3797 vocatus
2026 3732 2257 3796 fuerat.
2346 3730 2649 3796 Praefec-

693 3823 843 3884 tum
867 3820 949 3896 14)
994 3815 1148 3893 adit,
1196 3814 1383 3880 nobis
1426 3814 1510 3880 ab
1553 3817 1692 3898 ipso
1735 3815 2004 3882 exordio
2043 3816 2401 3900 praedicati
2446 3837 2650 3880 evan-

899 4004 962 4140 g}
996 4000 1290 4126 dvdzfmfflm
1331 4083 1527 4126 mom
1569 4071 1732 4127 azaer
1775 4072 2010 4127 maesse
2041 4073 2166 4141 ipse
2210 4071 2421 4126 ιῶοαω
2467 4071 2652 4141 quous

693 4139 878 4200 editu
910 4144 993 4195 est
1023 4139 1378 4194 dammum-at.
1452 4139 1532 4206 Cf.
1567 4146 1754 4196 tamen
1791 4142 1854 4195 T.
1882 4140 2022 4196 VH.
2051 4157 2118 4211 p.
2153 4141 2271 4194 111.

899 4209 958 4278 4)
982 4207 1219 4263 Videtur
1249 4207 1458 4263 alieubi
1487 4210 1553 4263 in
1584 4224 1721 4278 aqro
1736 4208 2101 4265 Neocommsi
2130 4208 2497 4264 mindam-im
2531 4224 2648 4263 am-

693 4276 2652 4348 uisse.0uitamon1voatrisusqumpecmeratexquoin
2763 4312 2778 4326 .
2852 4312 2974 4369 Ut

693 4361 885 4404 mm
915 4346 1097 4401 loe-m
1132 4345 1411 4402 omnam
1444 4352 1674 4403 vocatus
1706 4348 1909 4415 fuerat.

900 4414 968 4495 5).
997 4414 1116 4470 Hic
1146 4414 1363 4497 vno-ipit·
1384 4422 1701 4498 excerptum
1714 4416 2005 4471 Euo-doch.
2040 4415 2179 4485 Aa&
2210 4415 2279 4471 de
2302 4419 2650 4484 acyrotomm

691 4497 1095 4625 anagramma&
1318 4483 2646 4555 Mammamdequaetaadlffonbd-

895 4620 959 4812 {3
990 4620 1397 4813 &ffb-ore
1432 4689 1641 4746 Noster
1671 4689 1930 4761 leym
1961 4690 2148 4745 rata.
2182 4690 2282 4744 1v.
2320 4688 2408 4759 17,
2439 4688 2524 4744 39.

864 4825 932 4949 13
989 4826 2649 4978 fffflffarffaecmwmmhe

689 4961 1535 5030 fammmconbradwenda
1593 4963 2648 5021 commmeibsmoomssemdon

897 5076 991 5168 1⁶1)
1025 5108 1242 5184 veteres
1277 5108 1337 5157 et
1368 5117 1538 5159 novos
1574 5103 1830 5158 ecclesiae
1865 5118 1994 5156 usus
2027 5099 2106 5156 H.

894 5169 987 5308 {33
1021 5188 1180 5294 3¹:1¹3}
1212 5169 1310 5320 ἧς
1948 5271 1955 5278 .
2057 5307 2070 5321 ‚
2400 5306 2414 5321 ,

800 5374 814 5389 ⁶
900 5307 991 5372 14)
1031 5307 1100 5363 G.
1138 5307 1403 5363 ‹io-Boves
1434 5307 1731 5433 ὀέἲσω
1761 5305 2159 5378 defluamus,
2195 5307 2414 5364 Fan-011⁸
2445 5306 2641 5365 adoer-

690 5387 906 5434 Μαι
938 5375 1012 5445 cf.
1047 5377 1208 5447 ΕΗ).
1243 5376 1398 5448 Sept.
1433 5377 1465 5432 1
1540 5377 1587 5432 1.

2245 463 2769 532 EPISTOLAE
2817 469 3155 530 545--546

4571 467 4686 534 700

2746 652 2904 737 gelii
2946 672 3179 736 parum
3222 651 3532 717 amicum:
3580 651 3728 734 quis
3770 673 3946 718 nunc
3990 650 4080 716 sit
4121 651 4309 717 novit
4349 650 4683 719 Dominus.

2747 739 3108 804 Miscentur
3141 738 3377 803 omnia,
3423 737 3682 803 Turbae
3707 739 3785 813 ¹⁵)
3821 757 4156 819 nunquam
4191 734 4488 802 maiores.
4550 735 4689 806 Iam

2748 832 2967 906 sperat
2990 823 3070 910 ¹⁶)
3137 823 3386 907 collega
3450 844 3670 887 rerum
3732 825 4029 906 potitum.
4047 824 4132 899 ¹⁷)
4220 822 4406 887 Haec
4461 841 4687 890 coenae

2747 908 3227 975 administratio
3270 908 3427 975 facit
3466 916 3542 973 ut
3579 909 3800 974 omnia
3839 914 4290 992 congerantur,
4335 908 4520 991 quasi
4555 914 4687 973 stu-

2750 994 2855 1060 dio
2912 994 3300 1060 contendam
3357 994 3620 1060 turbare
3677 996 3926 1070 omnia,
3981 993 4246 1067 mihim)
4293 1002 4553 1058 tantum
4592 994 4689 1059 in·

2751 1080 3087 1164 dulgeam,
3143 1100 3263 1145 nec
3316 1082 3559 1162 possim
3614 1079 3752 1145 ulla
3805 1079 4059 1144 ratione
4100 1079 4352 1144 moveri
4395 1079 4552 1160 quin
4590 1078 4692 1144 in-

2750 1166 2929 1250 genii
2964 1164 3230 1231 ductum
3266 1185 3519 1247 sequar,
3555 1165 3757 1231 nullis
3790 1177 3954 1230 stem
3977 1165 4330 1247 promissis,
4363 1163 4691 1247 prolixior,

2719 1253 3056 1333 asperior,
3102 1260 3170 1315 et
3212 1249 3367 1334 quid
3411 1250 3586 1316 non?
3657 1252 3896 1317 Hostes
3938 1250 4074 1315 iam
4117 1249 4425 1315 videntur
4466 1251 4692 1315 trium·

2751 1337 2975 1420 phare.
3063 1337 3231 1402 Pars
3274 1338 3550 1402 ratione>
3573 1337 4041 1421 Tigurinorum
4085 1335 4246 1402 haec
4291 1334 4562 1400 moleste
4606 1336 4694 1401 fe-

2752 1444 2905 1488 rens
2959 1443 3191 1506 parum
3255 1421 3422 1488 mihi
3479 1442 3704 1505 aequa.
3814 1422 4058 1503 Iam¹⁹)
4117 1434 4262 1486 acta
4317 1428 4385 1485 et
4435 1430 4696 1502 peracta

2752 1518 2908 1574 sunt
2949 1509 3186 1573 omnia.
3274 1506 3411 1573 Sed
3453 1507 3782 1573 Dominus
3829 1508 3987 1574 facit
4029 1514 4103 1572 ut
4144 1507 4456 1589 praefecti
4498 1512 4568 1571 et
4608 1506 4697 1572 ci-

2754 1595 2936 1659 vium
2979 1594 3244 1659 nomine
3286 1594 3638 1659 mittantur
3671 1592 3786 1676 qui
3815 1594 3888 1658 in
3923 1600 4108 1658 coetu
4145 1600 4345 1676 agant
4378 1600 4446 1657 et
4478 1612 4698 1658 coram

2752 1680 3061 1745 fratribus
3103 1689 3374 1744 narrent
3408 1677 3567 1761 quid
3609 1687 3861 1762 petant,
3880 1680 3970 1760 2⁰)
4016 1676 4131 1744 sed
4173 1676 4483 1742 fratribus
4528 1697 4699 1744 oom-

2752 1766 3127 1841 mittant²¹)
3183 1786 3323 1830 rem
3366 1784 3631 1830 omnem
3673 1762 4212 1848 componendam,
4268 1765 4544 1847 (1110022)
4585 1785 4700 1846 per

2752 1861 3151 1935 symmystas
3228 1851 3353 1915 fuit
3421 1851 3794 1933 composita.
3895 1847 4089 1930 Quod
4166 1850 4290 1914 nisi
4363 1856 4702 1933 peractum

2753 1936 3008 2014 fuisset,
3064 1935 3133 1999 in
3187 1936 3331 2017 ipsa
3393 1936 3727 2001 occasione
3783 1944 4054 2001 venerat
4102 1933 4529 2014 ercurtius,
4588 1933 4703 2000 sed

2751 2043 2886 2086 non
2908 2020 3212 2087 succedet
3246 2020 3434 2098 votis,
3471 2020 3641 2105 quod
3676 2019 3815 2086 dies
3850 2019 4097 2103 aliquot
4128 2021 4705 2103 praeterierintw)

2751 2107 3025 2172 Plenius
3066 2105 3227 2171 haec
3268 2105 3558 2183 audires,
3612 2105 3768 2173 licet
3817 2113 3974 2189 puto
4031 2105 4375 2171 molestum
4418 2105 4549 2172 tibi
4590 2105 4703 2171 sit:

2751 2203 2971 2257 tamen
3013 2212 3144 2257 non
3185 2191 3332 2257 ideo
3376 2193 3745 2257 omitterem
3784 2191 3914 2256 nisi
3955 2192 4238 2256 nuncius
4272 2197 4560 2275 urgeret.
4631 2189 4709 2257 Si

2752 2279 2822 2341 in
2879 2278 3010 2342 tuis
3066 2275 3579 2342 enarrationibus
3637 2278 3831 2343 Pauli
3886 2276 4134 2359 aliquid
4187 2278 4579 2360 attingeres,
4634 2282 4710 2341 ut

2750 2364 2832 2428 iis
2865 2363 2978 2446 qui
3012 2362 3372 2428 immeritos
3409 2363 3640 2428 volunt
3655 2365 3749 2445 ²⁴)
3785 2364 4047 2446 privare
4080 2364 4269 2427 fieret
4303 2362 4485 2441 satie,
4532 2369 4708 2428 recte

2750 2448 3114 2526 faceres.²⁵)
3196 2446 3331 2514 Sed
3373 2447 3560 2515 vides
3602 2469 3800 2531 quam
3843 2455 4061 2515 tecum
4104 2467 4296 2531 agam
4339 2469 4489 2513 meo
4532 2447 4708 2513 iure:

2751 2555 2883 2599 non
2938 2533 3165 2599 videor
3213 2534 3502 2617 cogitare
3567 2542 3813 2615 quanto
3875 2541 3955 2599 tu
4016 2533 4249 2598 melius
4313 2533 4500 2599 noris
4554 2530 4710 2615 quid

2751 2618 3059 2703 expediat
3102 2626 3171 2684 et
3211 2620 3446 2701 quibus
3488 2620 3802 2685 obruaris.
3883 2618 4138 2685 Verum
4175 2618 4300 2685 hac
4344 2620 4605 2684 ratione
4643 2625 4712 2688 te

2751 2725 2987 2789 urgere
3032 2704 3177 2770 volo
3221 2712 3298 2769 ut
3337 2703 3606 2770 liberius
3648 2725 3908 2772 mecum
3954 2724 4128 2789 agas.
4149 2706 4240 2786 26)

2924 2791 3028 2856 De
3073 2790 3331 2856 doctore
3379 2789 3744 2872 Campans-i,
3789 2789 3869 2855 de
3912 2811 4040 2872 quo
4084 2789 4477 2874 scripseram
4496 2787 4596 2873 ²⁷)
4635 2792 4715 2858 ut

2758 2875 3036 2942 Stumio
3105 2876 3417 2941 haberem
3488 2875 3660 2959 quod
3728 2875 4219 2959 responderem,
4276 2897 4360 2940 ex
4416 2885 4485 2939 te
4597 2875 4612 2888 '
4671 2874 4684 2888 '

2754 2961 2987 3044 accepi.
3068 2961 3205 3026 Fac
3245 2960 3612 3045 intelligam
3650 2960 3808 3045 quid
3851 2961 4114 3027 sentias.
4196 2959 4377 3028 Vale.
4471 2959 4718 3027 Servat

2752 3054 2902 3113 tuos
2933 3046 3243 3113 Christus
3291 3057 3530 3126 tecum,
3582 3054 3655 3112 ut
3689 3054 3927 3125 mente,
3960 3046 4056 3112 ita
4089 3058 4157 3111 et
4189 3061 4462 3129 corpore
4498 3065 4715 3113 sanos.

2754 3132 3054 3199 Salutem
3109 3131 3410 3198 omnibus
3463 3131 3674 3199 dicito.
3759 3131 3988 3198 Nostri
4046 3139 4111 3197 te
4166 3131 4392 3198 iubent
4449 3131 4716 3198 salvum

2755 3239 2915 3286 esse.
3001 3218 3315 3284 Neocomi
3358 3221 3438 3282 22
3486 3216 3733 3302 Aprilis
3783 3222 3965 3284 1544.

4004 3337 4310 3404 Farellus
4356 3345 4538 3405 tuus.

2966 3559 3054 3623 15)
3090 3557 3293 3612 herbae
3326 3556 3405 3611 H.

2965 3626 3055 3691 16)
3092 3634 3315 3698 superat
3348 3625 3429 3680 H.

2959 3693 3053 3754 17)
3087 3697 3294 3764 potitus
3328 3694 3407 3749 Η.

2963 3762 3055 3828 18)
3092 3773 3241 3817 metu
3273 3762 3352 3817 Η.

2961 3832 3056 3898 19)
3091 3831 3220 3887 Hoc
3264 3847 3474 3888 comma
3518 3832 3738 3888 οηι.Η.
3778 3831 4552 3901 ahu-immam
4596 3835 4716 3888 tra-

2755 3901 3019 3957 ditionem
3051 3901 3436 3971 sequebamtwr.
3470 3902 3641 3958 Am
3947 3902 4115 3959 etiam
4135 3904 4362 3958 Rornae
4381 3917 4479 3958 res
4498 3900 4719 3973 unitata

2752 3970 2884 4038 fuit,
2919 3969 3213 4025 Hzmdesh.
3243 3986 3310 4040 p.
3347 3971 3465 4025 196.
3533 3972 3736 4044 Hem-y
3766 3973 3855 4028 ΙΙ.
3889 3971 4011 4028 210.

2958 4037 3053 4104 20)
3090 4047 3353 4109 expetant
3385 4038 3464 4093 H.

2957 4106 3049 4174 21)
3089 4108 3200 4161 Sed
3235 4149 3247 4163 .
3285 4147 3300 4161 .
3337 4146 3352 4160 .
3388 4148 3400 4162 .
3439 4110 3785 4163 committunt
3816 4107 3896 4163 H.

2955 4176 3043 4243 22)
3119 4193 3189 4231 uo
3221 4177 3365 4231 facto
3397 4176 3479 4231 H.

2955 4205 4120 4368 23)aumhocmmdefllamruo
4164 4244 4385 4301 omfl.
4439 4248 4721 4304 odam

2946 4382 3056 4532 {33⁰
3086 4381 3497 4532 &miro
3532 4455 3772 4521 tempore
3803 4449 3872 4506 de
3903 4451 4010 4507 hac
4041 4466 4104 4506 ro
4133 4451 4289 4507 M.
4333 4448 4480 4520 Ipse
4514 4446 4717 4505 Fara-

2750 4518 2934 4655 mo?
2979 4520 3480 4650 1,7473⁰bdmn
3612 4522 3623 4533 '
3843 4517 4716 4589 adaman-iimmot&-

2955 4656 3052 4724 26)
3086 4631 3206 4713 zise
3237 4656 3487 4713 masta
3517 4656 3597 4715 H.

2955 4725 3052 4794 27)
3086 4726 3169 4783 N.
3205 4725 3328 4795 540,
3363 4731 3475 4783 not.
3508 4726 3558 4782 6.

3524 5003 3926 5013 —n———-.
