5050 6167
631 381 753 444 651

627 567 1024 634 adfuturum.
1053 564 1112 651 2)
1181 564 1637 632 Excusaverat
1678 570 1833 630 ante
1877 585 1996 648 per
2037 565 2284 645 literas,
2329 587 2400 632 se
2441 566 2594 633 ideo

626 653 857 721 venire
899 651 1189 718 noluisse
1233 651 1361 717 nisi
1447 649 1660 717 ublice
1704 650 2007 730 accitum,
2065 654 2144 716 iit
2185 650 2482 717 ordinem
2524 661 2597 718 et

626 758 853 823 pacem
898 744 1210 804 servaret.
1295 737 1386 802 Vi
1431 745 1580 802 etur
1616 736 1781 802 mihi
1825 744 2002 802 certe
2042 737 2116 801 in
2160 738 2356 803 rebus
2400 739 2596 804 nihili

628 822 964 891 interdum
1008 823 1209 888 nimis
1252 843 1396 889 esse
1439 822 1546 887 vel
1590 822 2083 907 superstitiosus
2122 823 2230 890 vel
2273 844 2590 890 morosus.

626 912 776 996 Ego
827 915 1046 974 autem
1098 909 1372 973 minime
1422 906 1731 990 expedire
1782 907 2128 974 censebam
2171 915 2248 973 ut
2289 930 2443 975 eum
2490 930 2594 975 se-

627 1003 829 1063 natus
871 1002 1250 1072 accerseret,
1306 995 1466 1077 quin
1509 993 1707 1058 simul
1751 991 2022 1058 adderet
2063 994 2148 1058 ad
2190 996 2597 1078 praefectum

630 1089 700 1148 et
764 1088 1066 1147 senatum
1131 1080 1647 1167 Neocomensem
1725 1078 1952 1144 literas
2029 1080 2264 1163 quibus
2341 1087 2598 1164 peteret

625 1166 1025 1234 missionem.
1094 1165 1242 1231 Hoc
1280 1171 1536 1231 nostros
1579 1186 1710 1230 non
1744 1164 2024 1230 libenter
2057 1166 2343 1232 facturos
2385 1167 2597 1232 anim-

631 1252 1075 1319 advertebam.
1194 1251 1288 1316 Et
1342 1271 1501 1316 sane
1557 1250 1790 1316 fuisset
1844 1247 2090 1329 ἄτοπον,
2151 1250 2331 1316 nullo
2398 1273 2593 1335 prae-

631 1346 824 1404 textu
846 1337 1129 1403 adducto
1151 1344 1375 1420 petere
1396 1345 1471 1401 ut
1503 1336 1633 1403 huc
1666 1337 2057 1402 mitteretur.
2128 1337 2342 1403 Porro
2378 1336 2595 1404 levem

631 1433 749 1491 aut
802 1423 1056 1489 nullam
1101 1441 1368 1488 causam
1424 1419 1777 1487 obtendere
1818 1422 2072 1504 puerile
2116 1433 2274 1487 erat.
2365 1422 2595 1505 Quan-

630 1530 830 1594 quam
874 1508 1322 1592 disputatione
1379 1527 1543 1590 opus
1583 1528 1721 1572 non
1763 1516 1882 1573 est.
1973 1506 2152 1589 Quid
2195 1508 2372 1574 enim
2415 1508 2596 1574 labo-

629 1616 856 1662 ramus
899 1594 973 1659 in
1006 1613 1079 1658 re
1114 1593 1576 1676 supervacua?
1632 1593 1782 1658 Nisi
1816 1592 1986 1657 forte
2020 1592 2189 1659 illud
2223 1594 2595 1677 recipimus,

631 1682 776 1747 dari
829 1679 1144 1763 improbis
1196 1677 1588 1763 obloquendi
1640 1679 2046 1745 occasionem
2063 1729 2078 1756 ,
2138 1680 2193 1743 si
2255 1680 2596 1746 ecclesiam

629 1766 878 1832 invisat
929 1766 988 1831 is
1045 1765 1157 1848 qui
1215 1766 1468 1848 primus
1523 1785 1670 1830 eam
1724 1763 2048 1830 fundavit.
2140 1763 2322 1845 Quin
2378 1766 2598 1849 potius

630 1850 988 1920 videndum
1027 1860 1171 1915 erat
1207 1871 1294 1915 ne
1351 1851 1427 1915 in
1469 1849 1847 1916 ambitionis
1890 1850 2331 1932 suspicionem
2371 1852 2596 1917 incur-

631 1946 740 2005 rat
792 1936 906 2020 qui
961 1934 1194 2019 pedem
1256 1955 1545 2016 movere,
1611 1937 1740 2001 nisi
1797 1936 1934 2001 ritu
1989 1935 2248 2001 solenni
2304 1945 2594 2016 vocetur,

631 2029 910 2089 recusat.
984 2020 1275 2088 Senatus
1317 2030 1545 2087 tamen
1580 2029 1804 2087 noster
1846 2020 1930 2087 ad
1974 2043 2128 2087 eum
2164 2023 2445 2106 scripsit,
2489 2042 2598 2087 me

632 2107 900 2194 quidem
943 2128 1077 2172 non
1119 2107 1518 2173 consulente.
1601 2106 1847 2173 Vereor
1888 2108 2066 2173 enim
2109 2128 2196 2173 ne
2238 2107 2312 2172 in
2356 2107 2599 2173 malam

718 2201 887 2259 rtem
929 2193 1254 2275 accipiant
1295 2193 1359 2257 N
1361 2212 1779 2259 eocomenses
1821 2214 1892 2258 se
1941 2193 2142 2258 fuisse
2185 2194 2595 2275 praeteritos.

631 2215 827 2346 {laced
868 2298 1096 2344 eorum
1138 2286 1420 2362 pectora.
1505 2278 1759 2344 Verum
1803 2278 1932 2345 sibi
1975 2278 2258 2362 imputet
2301 2279 2599 2345 Far-ellus

633 2366 744 2450 qui
783 2365 879 2430 ita
919 2362 1152 2443 voluit,
1197 2373 1269 2430 et
1307 2383 1349 2428 a
1391 2361 1645 2430 duobus
1689 2363 1925 2447 legatis
1965 2364 2341 2447 postulavit.

806 2448 1003 2532 Quod
1061 2456 1200 2514 tam
1266 2449 1483 2516 subito
1540 2448 1739 2514 delati
1800 2450 1981 2527 estis,
2001 2447 2060 2533 ⁸)
2119 2451 2190 2514 in
2249 2471 2326 2515 eo
2383 2450 2597 2517 vicem

629 2543 925 2604 nostram
958 2535 1255 2615 miseror,
1298 2554 1502 2617 eoque
1534 2535 1767 2619 magis,
1802 2534 1976 2619 quod
2009 2535 2178 2600 nihil
2211 2544 2349 2600 tam
2383 2535 2599 2603 sobrie

635 2622 766 2690 dici
808 2627 1024 2705 potest
1066 2620 1148 2686 de
1183 2641 1311 2704 quo
1345 2641 1476 2685 non
1516 2622 1604 2686 sit
1644 2620 2045 2705 litigandum
2085 2621 2359 2704 profano
2394 2640 2594 2686 more.

631 2708 940 2793 Ignoscat
993 2706 1159 2771 mihi
1219 2706 1537 2771 Dominus
1592 2709 1648 2772 si
1707 2707 2020 2772 iniuriam
2075 2707 2242 2773 facio
2289 2706 2599 2772 Zebedaeo

632 2814 782 2859 mea
823 2792 1223 2875 suspicione:
1252 2794 1312 2867 ⁴)
1368 2792 1483 2858 sed
1536 2802 1908 2876 temperare
1961 2792 2077 2858 vix
2120 2791 2287 2857 mihi
2326 2812 2597 2874 possum

632 2880 795 2963 quin
856 2877 938 2942 ab
1002 2899 1079 2943 eo
1144 2897 1447 2943 manasse
1514 2878 1874 2945 coniiciam.
1964 2876 2044 2941 Id
2099 2884 2321 2943 tamon
2379 2898 2466 2942 ex
2519 2898 2597 2943 eo

631 2963 964 3049 praesenti
1007 2962 1245 3029 melius
1299 2962 1634 3029 iudicabis.
1725 2962 2123 3045 Quanquam
2180 2964 2327 3028 fieri
2380 2969 2599 3046 potest

632 3058 710 3116 ut
751 3070 887 3115 non
930 3070 1076 3114 reos
1112 3047 1231 3114 sed
1265 3055 1467 3114 testes
1504 3070 1623 3115 vos
1657 3058 1927 3114 senatus
1961 3054 2172 3114 vocet.
2246 3046 2597 3115 Scribebas

632 3137 810 3201 enim
850 3133 1181 3199 Sulzerum
1224 3133 1308 3198 de
1343 3134 1769 3200 obstetricum
1813 3134 2136 3217 baptismo
2172 3133 2596 3217 suspendisse

631 3221 980 3287 iudicium:
1000 3221 1059 3302 ⁶)
1126 3218 1209 3285 Id
1254 3220 1312 3284 si
1355 3220 1718 3286 indicatum
1760 3219 1903 3296 fuit,
1950 3220 2186 3286 merito
2218 3221 2437 3303 potuit
2477 3221 2594 3286 bo-

632 3328 756 3373 nos
790 3303 1123 3371 offendere
1159 3305 1560 3388 (quanquam
1605 3303 1676 3369 id
1709 3325 1965 3389 quoque
1999 3305 2168 3370 mihi
2202 3305 2592 3388 displiceret,

633 3394 690 3459 si
789 3391 895 3457 uis
952 3391 1223 3455 fratrem
1279 3391 1360 3455 ob
1415 3390 1483 3455 id
1543 3391 1897 3473 detulerit).
1984 3391 2132 3475 Ego
2192 3411 2314 3474 pro
2379 3413 2459 3457 ea
2520 3413 2595 3457 re

633 3478 761 3544 scri
808 3476 998 3543 ebam
1053 3476 1158 3542 vel
1217 3475 1450 3559 capitis
1508 3475 1797 3560 periculo
1852 3475 2298 3542 dimicandum
2344 3498 2501 3542 esse.
2532 3479 2591 3551 ⁶)

632 3562 768 3630 Ubi
832 3564 1009 3629 enim
1073 3560 1459 3627 mulieribus
1525 3561 1769 3627 dictum
1836 3568 1967 3626 est:
2034 3561 2156 3639 Ite,
2225 3562 2589 3646 baptisate?

632 3647 830 3731 Quod
864 3648 923 3714 si
956 3648 1201 3712 veteris
1236 3647 1544 3715 ecclesiae
1579 3646 1896 3713 autoritas
1931 3649 2282 3730 quaeritur,
2328 3649 2401 3713 in
2435 3669 2589 3714 con-

631 3733 782 3800 cilio
826 3732 1206 3815 Aphricano
1294 3741 1482 3798 uarto
1526 3732 1652 3798 hoc
1696 3732 2130 3813 interdicitur,
2188 3735 2330 3799 sine
2374 3733 2592 3819 aliqua

632 3820 1036 3902 exceptione.
1123 3817 1256 3899 Qui
1303 3816 1459 3902 quid
1520 3818 1675 3897 erit,
1735 3818 2064 3884 Dominus
2122 3829 2191 3884 et
2242 3819 2587 3887 consilium

632 3914 700 3971 et
743 3905 1040 3969 animum
1085 3903 1206 3968 tibi
1250 3902 1708 3987 suppeditabit.

804 3989 911 4054 De
953 3997 1164 4054 matre
1204 3987 1428 4055 Comei
1462 3997 1764 4072 exspecto
1809 3988 1964 4073 quid
2009 3999 2087 4054 tu
2131 3990 2394 4057 scribas.
2466 3990 2592 4056 Est

630 4076 811 4143 enim
876 4096 982 4140 res
1046 4075 1318 4140 minime
1382 4075 1794 4159 negligenda.
1867 4075 2084 4140 Filius
2138 4077 2333 4141 etiam
2390 4097 2429 4140 a
2482 4099 2590 4142 me

629 4162 823 4247 petiit
866 4170 946 4225 ut
987 4181 1105 4225 suo
1150 4168 1216 4224 te
1256 4160 1523 4225 nomine
1567 4182 1869 4245 rogarem
1913 4170 1991 4225 ut
2044 4162 2376 4244 inquirere
2419 4162 2590 4227 velis

631 4268 718 4313 an
783 4244 1025 4329 aliquid
1092 4246 1476 4313 tractaverit
1538 4247 1686 4314 istic
1750 4267 1902 4313 cum
1963 4246 2241 4329 publicis
2295 4248 2588 4313 notariis.

629 4332 1025 4417 Suspicatur
1067 4332 1244 4397 enim
1291 4343 1407 4397 aut
1448 4330 1865 4398 donationem
1908 4332 2195 4415 aliquam
2237 4342 2356 4397 aut
2397 4340 2593 4399 testa-

629 4428 925 4484 mentum
983 4417 1183 4483 fuisse
1238 4418 1622 4483 confectum.
1711 4418 1860 4484 Hoc
1911 4426 1988 4482 ut
2040 4418 2337 4501 inquiras
2380 4427 2586 4502 rogat.

631 4504 769 4569 Sed
806 4505 1048 4586 absque
1083 4504 1383 4587 strepitu.
1457 4500 1686 4569 Satius
1710 4504 1887 4569 enim
1923 4504 2091 4569 foret
2111 4503 2365 4569 nescire
2390 4523 2589 4586 quam

629 4589 993 4674 divulgare.
1085 4588 1501 4654 Philibertmn
1577 4588 1707 4655 huc
1773 4590 1997 4657 venire
2061 4589 2243 4654 iussi.
2333 4587 2590 4655 Poterit

627 4676 926 4741 fortassis
961 4674 1225 4756 praefici
1262 4673 1520 4741 scholis.
1591 4674 1766 4740 Nam
1792 4674 1965 4740 hanc
1997 4674 2404 4759 provinciam
2441 4674 2589 4739 diu-

838 4883 900 5005 3))
937 4945 1098 5000 Haec
1130 4946 1332 5000 diserte
1364 4946 1697 5015 respondent
1729 4946 1808 5001 ad
1830 4946 2141 5016 epistolium
2159 4946 2342 5002 Vir-eti
2359 4947 2437 5003 N.
2459 4946 2584 5002 518.

836 5015 896 5079 4)
937 5014 1090 5069 Same
1120 5015 1316 5081 fecisse
1349 5016 1598 5070 vademur:
1632 5016 1746 5085 ipsi
1779 5017 1925 5070 enim
1958 5016 2024 5070 Z.
2047 5032 2164 5071 non
2196 5016 2383 5071 minus
2416 5032 2585 5086 quam

631 5084 863 5142 caeteris
896 5082 1016 5138 dies
1049 5084 1232 5139 dictus
1262 5085 1388 5150 fuit.

727 5153 897 5277 1805)
937 5153 1079 5208 Vide
1127 5169 1306 5223 supra
1356 5153 1434 5208 N.
1481 5153 1602 5222 512,
1641 5151 1863 5209 Reuehat
1901 5153 1968 5209 V.
2004 5153 2127 5223 225,
2165 5153 2585 5223 Hwndeshaqea

831 5262 895 5356 ’6)
934 5291 1014 5347 N.
1051 5291 1169 5346 506.

2185 374 2713 448 EPISTOLAE
2761 381 3099 443 520—522

4521 382 4635 446 652

2696 566 2832 632 tius
2886 564 3219 633 sustinere
3272 584 3346 630 se
3416 585 3606 647 posse
3660 572 3861 649 negat
3921 562 4350 631 Βώωύίαπαε.
4381 565 4434 646 ⁷)
4515 566 4637 634 Ubi

2697 652 2829 718 huc
2880 650 3140 717 venerit
3184 650 3505 727 FarelluS,
3574 651 3630 716 si
3734 650 4113 717 uatriduum
4165 652 4370 716 furari
4423 670 4636 733 posses

2697 737 2868 822 quod
2911 737 3101 803 nobis
3143 735 3353 815 dares,
3413 735 3495 802 de
3535 672 3836 802 omnibus
3878 737 4417 805 consultaremus.

2697 834 2873 890 certe
2906 824 3337 889 vehementer
3369 820 3437 886 id
3472 842 3798 906 cuperem.
3868 822 4058 901 Vale,
4102 822 4347 906 opt-ime
4389 832 4456 888 et
4554 823 4567 837 ”
4621 825 4633 838 ‘

2700 908 3120 1060 &lectissime
3161 908 3382 974 frater.
3475 906 3700 974 Habes
3756 928 3875 991 pro
3929 908 4139 974 ternis
4195 907 4407 974 literis
4462 930 4639 977 uuas.

2770 1015 3037 1062 enevae.
3067 996 3101 1037 Β

3102 995 3130 1079 )
3622 1079 3905 1147 Ioannes
3949 1078 4264 1146 Calvinus
4308 1088 4479 1145 tuus.

3607 1587 3755 1659 521.

2756 1724 3226 1794 OALVINUS
3271 1724 3754 1793 MINISTRIS
3798 1727 3863 1794 N
3864 1726 4609 1797 EOOOMENSIBUS.

2880 1897 3048 1980 Quid
3088 1916 3228 1963 oum
3267 1895 3538 1964 Gortesio
3570 1900 3938 1982 transeqerit
3977 1900 4053 1964 de
4092 1898 4330 1966 Christi
4372 1899 4653 1992 αὖτουσίᾳ

2700 1983 2894 2065 deque
2935 1983 3142 2064 ipsius
3183 1982 3384 2062 rebus,
3427 1989 3709 2072 accurate
3750 1986 4018 2067 exponit.

2703 2154 3027 2222 (Exemplar
3060 2152 3428 2206 authenticum
3452 2169 3557 2208 non
3588 2159 3782 2208 exstat.
3835 2155 3955 2209 Duo
3991 2173 4023 2208 a
4062 2157 4318 2226 ographa,
4361 2162 4654 2226 utrumque

2700 2223 3017 2276 mendosum
3053 2228 3111 2276 et
3143 2221 3339 2274 dubiae
3373 2221 3515 2287 fidei,
3553 2223 3797 2292 possidet
3832 2224 4006 2278 Biblio
4071 2241 4168 2279 eca
4201 2231 4489 2295 pastorum
4511 2225 4565 2280 N
4567 2243 4655 2282 co·

2701 2291 3046 2345 comensium.
3118 2290 3392 2344 Asterisco
3436 2297 3685 2344 notamus
3720 2309 3858 2362 quae
3902 2293 4060 2346 nobis
4094 2300 4347 2364 suspecta
4384 2295 4653 2359 videntur,

3244 2360 3352 2413 alia
3384 2360 3550 2413 tacite
3584 2360 3932 2415 emendamus
3963 2362 4114 2431 ipsi.)

2700 2545 3039 2614 Fidelibus
3083 2545 3335 2613 Christi
3391 2549 3600 2614 servis
3644 2550 3965 2616 ministris
4007 2551 4359 2618 comitatus
4406 2551 4658 2619 Neoco-

3122 2634 3370 2699 mensis
3416 2634 3726 2701 fratribus
3769 2636 4142 2702 carissimis.
4180 2638 4229 2722 ¹)

2874 2769 3081 2834 Venit
3123 2768 3207 2834 ad
3250 2790 3357 2834 me
3394 2767 3712 2837 Corte-§ius
3748 2772 3943 2839 sicuti
3978 2792 4019 2838 a
4051 2772 4237 2840 vobis
4279 2773 4663 2842 admonitus

2701 2855 2933 2919 fuerat.
3006 2854 3428 2920 contulimus
3469 2856 3647 2921 inter
3687 2877 3811 2922 nos
3843 2861 3984 2940 περὶ
4018 2856 4343 2932 αὖτουσίας
4384 2859 4659 2939 Christi,

2701 2950 2770 3006 et
2831 2939 3027 3022 paulo
3092 2938 3241 3024 plus
3305 2941 3431 3005 fuit
3493 2944 3741 3027 negotii
3797 2964 3999 3026 quam
4056 2953 4472 3028 putaveram,
4531 2966 4665 3012 non

2700 3026 2854 3109 quia
2873 3029 2908 3064 ⁸*
2941 3022 3026 3091 ad
3058 3026 3545 3093 contentionem
3568 3027 3852 3112 aliquam
3874 3028 4281 3097 descenderit
4302 3031 4464 3109 (fuit
4485 3032 4662 3097 enim

2700 3119 2839 3178 tota
2895 3109 3333 3195 disputatione
3391 3134 3649 3196 semper
3702 3112 3784 3178 ad
3828 3113 4229 3182 audiendum
4272 3119 4442 3183 satis
4486 3138 4661 3184 com·

2699 3197 2949 3281 positus
3006 3207 3072 3263 et
3127 3199 3199 3263 in
3264 3197 3714 3283 respondendo
3776 3199 4075 3283 placidus
4137 3224 4213 3269 ac
4267 3200 4663 3286 modestus),

2698 3303 2932 3348 verum
2997 3284 3150 3366 quia
3204 3283 3273 3348 in
3333 3306 3405 3350 re
3461 3283 3815 3352 admodum
3869 3288 4212 3371 perspicua
4267 3288 4662 3355 haesitabat.

2695 3368 2782 3433 In
2824 3390 2901 3434 eo
2943 3369 3145 3453 igitur
3188 3370 3388 3435 falsus
3431 3392 3573 3436 sum
3620 3371 3795 3455 quod
3836 3372 4004 3437 nihil
4059 3372 4201 3438 fore
4244 3373 4665 3441 difficultatis

2698 3474 3135 3538 speraveram,
3180 3455 3289 3520 ubi
3336 3456 3582 3522 veritas
3618 3456 3782 3523 mihi
3819 3458 3997 3525 clara
4037 3468 4182 3525 erat
4223 3469 4292 3525 et
4327 3459 4663 3544 expedita.

2696 3539 2916 3605 Multa
2968 3540 3140 3606 ultro
3197 3540 3488 3625 citroque
3533 3538 3707 3608 dicta
3761 3553 3935 3609 sunt.
4025 3542 4251 3625 Quum
4292 3547 4471 3612 mihi
4518 3545 4666 3613 vul-

2697 3646 2923 3710 garem
2988 3624 3171 3691 illam
3236 3626 3565 3710 regulam,
3632 3649 3826 3710 quam
3886 3629 4208 3701 dialectici
4272 3631 4349 3696 in
4419 3632 4664 3698 scholis

2694 3709 2986 3791 tradunt,
3043 3711 3125 3777 de
3178 3710 3669 3795 reduplicativis
3721 3715 4265 3799 propositionibus
4322 3718 4663 3797 obiiceret,

2694 3796 3022 3878 respondi,
3078 3798 3145 3861 id
3198 3797 3371 3880 quod
3424 3808 3540 3878 est,
3598 3799 3954 3866 secundam
4052 3823 4203 3868 uam
4251 3812 4506 3870 vocant
4549 3823 4664 3869 ex-

2740 3890 3047 3947 onentem
3084 3882 3318 3948 debere
3351 3905 3483 3949 non
3527 3885 3908 3968 simpliciter
3943 3908 4013 3952 se
4092 3888 4471 3954 secundum
4507 3886 4667 3974 quid

2693 3967 2906 4031 intell·
2960 3969 3012 4031 ἐ
3059 3968 3303 4051 alioqui
3342 3968 3669 4036 fallaciam
3700 3971 4058 4038 accidentis
4093 3972 4235 4038 fore
4279 3976 4340 4038 si
4387 3977 4540 4059 quis
4585 3974 4664 4040 ab

2695 4053 3053 4137 expombili
3098 4053 3181 4119 ad
3223 4054 3408 4121 illam
3448 4056 3891 4123 ratiocinetur.
3978 4058 4240 4124 Protuli
4284 4061 4512 4127 multa
4554 4081 4664 4126 ex-

2694 4137 2913 4221 empla
2931 4160 3097 4222 quae
3132 4139 3457 4206 tollendae
3477 4144 3960 4209 controversiae
3994 4145 4399 4211 sufficerent.
4449 4147 4665 4213 Cuius

2694 4224 2957 4306 generis
3013 4236 3170 4291 sunt
3213 4227 3404 4293 haec:
3466 4228 3670 4307 Deus,
3727 4237 4052 4313 quatenus
4094 4230 4167 4295 in
4212 4230 4497 4299 Christo
4543 4252 4663 4298 nos

2901 4462 3251 4521 7)Gaste11‡'o
3296 4464 4154 4536 a-15420eholispraefeetus,
4206 4469 4663 4527 simdinvieo

2700 4529 3067 4587 deoeawre
3120 4534 3491 4589 concionator.
3574 4534 3818 4589 Desus's
3868 4550 3993 4589 eccm
4042 4552 4104 4591 eo
4155 4540 4665 4595 contestatam

2693 4601 4665 4676 Nosterhdmihfflquaetmonmolbssinmoeepalamw

2897 4739 2958 4800 8)
3001 4741 3332 4795 worm
3364 4757 3466 4795 suo
3500 4742 3805 4811 mambri
3836 4742 4249 4799 mationem
4281 4746 4525 4802 addidit
4551 4762 4666 4816 qua

2690 4809 2838 4889 hanc
2873 4825 3057 4863 mense
3092 4809 3398 4879 Septembri
3436 4811 3570 4864 1543
3604 4812 3868 4878 scriptam
3901 4812 4035 4879 mat,
4072 4820 4407 4937 armeta
4430 4815 4665 4885 eoeleyoe

2689 4878 3303 4934 ttoneadBasileenses
3318 4880 3503 4946 petito.
3553 4878 4097 4949 Inquofalh'twvir
4323 4923 4338 4936 .
4406 4886 4663 4941 Mensem

2690 4946 3055 5002 Nouembrem
3088 4949 3336 5003 sistimus
3368 4948 3627 5017 epistolae
3657 4949 3898 5003 ’tamem
3931 4965 4000 5004 σω
4032 4949 4111 5004 iis
4139 4966 4283 5020 qaae
4320 4968 4517 5022 supra
4552 4957 4661 5008 not.

2688 5016 2725 5070 3
2758 5016 2913 5071 dicta
2946 5022 3094 5070 sunt.
3167 5017 3253 5083 Cf.
3289 5016 3453 5072 etiam
3484 5017 3645 5084 infra
3681 5018 3740 5071 0.
3775 5018 3853 5073 ad
3886 5019 4172 5073 Forentum
4209 5021 4278 5075 N.
4316 5021 4448 5077 523.

2738 5086 2868 5146 521.
2908 5085 2964 5147 1)
2999 5087 3269 5141 recentior
3326 5102 3527 5141 monus
3585 5085 3912 5155 adscripsit.-
3975 5088 4229 5142 Calvinus
4304 5092 4537 5146 Far-ello
4596 5117 4661 5129 -

2689 5156 3081 5224 christophoro
3118 5156 3379 5209 Febritio.
3456 5155 3660 5211 Verum
3702 5157 3794 5211 hic
3826 5157 4188 5225 (Libertems)
4228 5165 4373 5226 post
4426 5162 4659 5230 Captan-

2689 5222 2804 5361 ff
2834 5223 3062 5347 m
3081 5229 3309 5357 ηέῗῖσπι
3343 5241 3396 5278 a.
3434 5224 3570 5279 1546
3611 5224 3894 5281 Tkonom'o

2779 5307 2834 5346 vr
2940 5333 2952 5347 .
3062 5332 3077 5347 .
3216 5332 3229 5346 .

3929 5225 4266 5282 Noooomm
4303 5233 4665 5287 coemam
