5050 6167
389 430 509 494 389

385 623 524 684 tam
552 616 869 699 pestilens
887 617 966 699 Β),
1011 638 1140 700 quo
1171 617 1342 684 nihil
1377 619 1597 683 minus
1630 616 1820 686 decet
1850 615 2343 695 contendentes,

387 703 500 787 qui
542 724 626 767 ex
669 703 1130 769 coniunctione
1173 713 1243 768 et
1285 703 1542 769 foedere
1584 704 1760 768 inter
1803 724 1914 770 eos
1955 704 2108 780 icto,
2154 712 2221 766 et
2263 703 2344 766 iis

385 809 556 872 quae
608 787 937 856 Dominus
995 789 1134 872 egit
1196 791 1265 854 in
1323 811 1502 855 nexu
1562 789 1709 866 illo,
1776 795 2039 854 tantum
2105 786 2348 854 debent

388 895 596 941 unum
635 895 799 952 esse,
844 883 1114 957 tamque
1147 875 1218 940 in
1249 883 1479 942 saneta
1511 875 1861 942 concordia
1893 885 1961 939 et
1994 894 2153 940 vera
2184 894 2345 956 pace

388 962 630 1037 vivere,
676 971 753 1025 ιιι
795 960 964 1025 nulli
998 961 1109 1044 qui
1148 959 1345 1028 hodie
1364 961 1598 1026 vivant
1621 962 1829 1045 magis
1873 960 2012 1026 sint
2029 960 2343 1040 adstricti,

385 1044 712 1128 siquidem
757 1055 1015 1111 tantum
1068 1047 1362 1130 utrisque
1413 1048 1701 1125 accessit,
1757 1057 1833 1111 ut
1882 1047 2007 1112 hac
2065 1067 2199 1110 una
2239 1066 2346 1109 ra-

387 1132 569 1197 tione
622 1132 697 1196 hi
750 1132 882 1196 illis
932 1141 1002 1197 et
1054 1141 1286 1198 contra
1341 1133 1436 1197 illi
1483 1133 1586 1197 his
1641 1132 1836 1216 longe
1880 1132 2072 1215 plura
2113 1130 2347 1196 cedere

387 1217 688 1294 debeant,
734 1239 930 1299 quam
967 1219 1051 1282 sit
1086 1217 1157 1282 id
1191 1218 1273 1284 de
1305 1239 1435 1300 quo
1471 1218 1907 1285 contenditur.
1978 1218 2153 1282 Nam
2189 1217 2348 1298 quid

385 1325 525 1370 non
568 1302 812 1368 debent
854 1304 978 1369 sibi
1021 1312 1253 1369 mutuo
1295 1312 1562 1388 propter
1605 1303 1965 1381 Christum,
2011 1303 2123 1385 qui
2168 1321 2348 1367 nune

385 1387 845 1456 contendendo
891 1388 1256 1456 dissident?
1329 1390 1462 1456 Ubi
1505 1391 1640 1454 iam
1680 1397 1781 1455 est
1823 1389 1995 1471 quod
2041 1388 2347 1454 Christus

387 1483 736 1557 tantopere
769 1477 1036 1557 expetit,
1081 1477 1397 1541 nimirum
1430 1484 1508 1540 ut
1539 1475 1842 1542 inimicos
1885 1475 2238 1558 diligamus
2282 1482 2350 1538 et

389 1560 720 1628 auferenti
793 1561 1082 1628 tunicam
1169 1562 1442 1645 pallium
1517 1560 1868 1626 cedamus?
1958 1560 2348 1625 Convicium

389 1656 572 1714 certe
614 1668 746 1712 non
791 1646 934 1712 vult
976 1649 1282 1713 retaliare
1325 1667 1712 1730 quenquam.
1786 1646 1919 1712 Hic
1962 1645 2122 1710 satis
2166 1644 2347 1710 vide-

387 1755 542 1802 mus
585 1753 752 1817 quae
793 1735 883 1798 sit
936 1733 1276 1799 hominum
1321 1733 1625 1810 conditiO,
1681 1742 1749 1797 et
1790 1753 1989 1813 quam
2034 1751 2189 1795 vere
2231 1751 2350 1814 per

438 1820 788 1904 rophetam
833 1827 1145 1903 queratur
1180 1820 1526 1896 Dominus,
1571 1841 1641 1883 se
1686 1817 1999 1884 educasse
2043 1825 2111 1881 et
2151 1836 2349 1901 gran-

387 1842 510 1972 ges
552 1906 846 1970 effecisse
886 1905 1060 1970 filios
1104 1925 1143 1968 a
1186 1904 1422 1987 quibus
1465 1903 1734 1970 tandem
1779 1911 2147 1987 spernatur,
2194 1900 2352 1966 dum

387 1993 592 2058 iussis
655 1992 949 2073 paternis
1014 2012 1150 2057 non
1227 1998 1479 2074 parent.
1570 1989 1788 2071 Quam
1865 1990 2170 2054 laborent
2245 1988 2353 2053 hic

403 2078 667 2145 Virms
710 2085 775 2141 et
821 2076 1124 2144 Calvinus
1167 2076 1339 2159 apud
1385 2076 1828 2154 GenevenseS,
1883 2074 2190 2140 Christus
2235 2094 2352 2138 no-

387 2164 512 2229 vit.
603 2163 750 2247 Ego
803 2183 940 2228 non
999 2173 1154 2245 puto
1211 2183 1318 2227 me
1372 2163 1584 2246 magis
1642 2183 1929 2245 unquam
1989 2170 2139 2243 post
2201 2159 2357 2225 fidei

388 2249 763 2316 doctrinam
806 2250 1063 2315 efficere
1107 2246 1283 2331 apud
1319 2247 1748 2314 Genevenses
1787 2256 2112 2324 conatum,
2159 2267 2354 2329 quam

387 2335 576 2402 illam
658 2335 1099 2413 concordiam,
1179 2354 1376 2417 quam
1457 2344 1598 2399 tam
1661 2332 1972 2399 ardenter
2046 2332 2355 2415 expetivi,

388 2432 467 2487 ιιι
508 2419 683 2486 mihi
742 2422 902 2485 satis
956 2421 1153 2486 etiam
1212 2419 1408 2486 hodie
1452 2427 1642 2498 esset,
1703 2427 1780 2484 ut
1837 2418 2057 2500 aliqua
2100 2418 2355 2482 ratione

386 2509 590 2574 firma
632 2514 978 2572 constaret.
1068 2505 1244 2585 Quid
1302 2506 1597 2589 responsi
1655 2505 2020 2587 acceperim
2078 2525 2212 2569 non
2256 2511 2358 2570 est

388 2593 572 2678 quod
615 2593 914 2657 referam.
1003 2589 1384 2656 Videndum
1428 2600 1531 2656 est
1588 2598 1666 2656 ut
1719 2612 1840 2674 per
1882 2590 2356 2655 admonitiones

389 2689 460 2747 et
503 2677 1006 2745 exhortationes
1060 2678 1164 2743 sin
1215 2679 1305 2742 uli
1359 2697 1550 2742 suum
1595 2678 1881 2742 officium
1939 2675 2201 2752 faciant,
2256 2676 2357 2740 in-

388 2772 631 2832 vocato
666 2764 974 2841 Domine,
1021 2764 1134 2846 qui
1225 2771 1492 2829 atanam
1528 2761 1784 2827 dissidii
1829 2769 2121 2827 autorem
2167 2760 2357 2826 dissi-

387 2861 507 2938 pet
549 2860 624 2916 ct
666 2847 1016 2932 disperdat,
1061 2849 1357 2931 fuitque
1391 2857 1468 2913 ut
1509 2868 1736 2914 omnes
1770 2846 2113 2913 videamus
2153 2847 2358 2913 eccle-

391 2939 530 3004 sias
573 2936 768 3019 plene
802 2935 1174 3012 concordes,
1219 2935 1352 2999 imo
1393 2933 1618 3000 orbem
1651 2941 1864 2998 totum
1908 2932 2030 2997 sub
2064 2932 2358 3015 principe

386 3024 579 3110 pacis
623 3030 878 3105 patrem
923 3021 1155 3104 spiritu
1200 3033 1268 3084 et
1310 3020 1587 3085 veritate
1631 3016 2030 3096 adorantem,
2079 3038 2360 3099 veraque

387 3131 579 3195 pace,
638 3108 928 3191 perfecta
982 3125 1239 3189 quoque
1299 3106 1572 3170 caritate
1628 3106 2070 3171 coniunctum.
2162 3096 2360 3184 Quod

389 3195 561 3261 dum
606 3195 895 3278 petimus
940 3190 1398 3274 discupientes‚
1444 3211 1564 3274 pro
1607 3190 1863 3255 viribus
1908 3189 2211 3255 eeclesias
2254 3210 2360 3253 or-

385 3302 557 3348 nare
597 3278 1084 3353 contendamus,
1132 3287 1199 3341 et
1239 3296 1351 3342 eas
1387 3276 1801 3360 potissimum
1839 3273 2012 3340 unde
2046 3275 2361 3340 illustrior

385 3366 587 3434 reddi
623 3374 837 3448 potest
858 3363 1107 3429 Christi
1149 3362 1378 3446 gloria,
1424 3384 1584 3444 quas
1626 3362 1911 3426 maxime
1955 3360 2124 3426 solet
2164 3358 2359 3427 Sata-

386 3475 516 3519 nas
564 3469 968 3536 oppugnare,
1014 3459 1092 3513 ut
1133 3456 1235 3512 est
1276 3447 1388 3512 illa
1432 3447 1861 3524 Genevensis,
1919 3467 2114 3530 quam
2159 3466 2360 3528 supra

384 3560 632 3606 omnes
674 3557 837 3620 quas
894 3535 1088 3600 hodie
1143 3534 1356 3599 norim
1415 3533 1623 3598 hostis
1675 3533 1787 3596 ille
1840 3532 2252 3615 oppugnavit
2295 3540 2361 3595 et

383 3620 875 3711 propemodum
921 3620 1346 3703 expugnavit.
1435 3619 1520 3683 In
1563 3640 1693 3702 qua
1746 3618 1972 3683 videre
2016 3618 2249 3683 videor
2291 3617 2360 3681 id

388 3720 645 3786 actum,
683 3718 829 3790 post
863 3706 1172 3770 traditam
1211 3725 1445 3787 puram
1480 3704 1732 3769 Christi
1769 3703 2151 3780 doctrinam,
2189 3702 2359 3785 quod

386 3795 714 3863 Corinthi
771 3793 1044 3874 contigit
1059 3842 1073 3869 ‚
1141 3799 1405 3874 praeter
1462 3790 1592 3855 alia
1657 3811 1824 3872 quae
1889 3790 2360 3871 rempublicam

387 3887 829 3950 concernunt.
919 3877 1246 3943 Dominus
1303 3876 1520 3956 Iesus,
1582 3876 1693 3959 qui
1749 3875 2056 3941 ecclesias
2100 3875 2361 3957 proprio

389 3967 760 4051 acquisivit
818 3965 1172 4047 sanguine,
1235 3963 1346 4026 det
1389 3977 1463 4026 ut
1519 3983 1747 4026 omnes
1810 3969 2094 4044 agantur
2158 3961 2361 4042 ipsius

383 4055 673 4137 spiritu,
743 4072 870 4133 quo
923 4069 1349 4131 unaquaeque
1405 4047 1596 4112 alteri
1651 4058 1991 4113 succurrat
2046 4053 2113 4109 et
2170 4044 2360 4125 adsit,

383 4145 602 4224 prout
659 4135 1020 4203 christiana
1063 4134 1436 4200 coniunctio
1481 4144 1549 4198 et
1588 4154 1802 4197 nexus
1818 4135 1874 4212 4)
1933 4131 2047 4195 ille
2090 4129 2362 4214 spiritus

386 4224 664 4291 Christi
706 4221 933 4305 poscit,
992 4231 1058 4285 et
1113 4221 1180 4283 in
1241 4218 1519 4302 singulis
1562 4217 1848 4283 ecclesiis
1891 4216 2114 4281 omnia
2156 4237 2361 4282 mem-

385 4311 515 4377 bra
572 4307 875 4375 ordinate
934 4317 1001 4371 et
1055 4305 1403 4389 diligenter
1460 4325 1655 4369 suum
1713 4325 1952 4368 munus
2011 4304 2249 4368 obeant
2291 4303 2362 4367 in

387 4396 930 4461 aedificationem
997 4401 1066 4456 et
1142 4392 1703 4456 conservationem
1782 4389 1984 4452 totius
2052 4389 2360 4472 corporis.

385 4479 646 4548 Valete
690 4479 924 4563 optimi
967 4487 1035 4543 et
1079 4477 1431 4542 doctissimi
1475 4477 1728 4542 fratres.
1820 4474 2125 4539 Salutate
2168 4494 2364 4557 quam

386 4566 879 4633 officiosissime
923 4564 1253 4630 consulem
1304 4583 1455 4627 vere
1501 4561 1626 4626 Dei
1685 4560 2028 4624 timentem
2072 4567 2138 4623 et
2180 4560 2366 4643 pium

385 4655 608 4721 istum
654 4661 977 4717 senatum.
1067 4650 1341 4714 Fratres
1384 4647 1499 4730 qui
1558 4647 1666 4711 hic
1710 4653 1868 4711 sunt
1912 4666 2028 4711 vos
2073 4644 2369 4710 salutant

386 4741 462 4806 in
509 4739 830 4806 Domino.
919 4736 1232 4802 Neocomi
1283 4739 1378 4799 19.
1423 4733 1677 4817 Aprilis
1728 4735 1909 4797 1542.

986 4873 1192 4937 Vobis
1237 4891 1433 4954 quam
1479 4868 1923 4932 deditissimus
1965 4868 2034 4930 in
2081 4867 2368 4931 Domino

1455 4961 1536 5020 G.
1583 4953 1901 5018 Farellus.

616 5169 679 5300 {3
716 5168 865 5288 iat?-
898 5164 1167 5232 ducatu,
1205 5164 1540 5218 Bou-nonam
1573 5166 1626 5216 ct
1663 5159 2046 5216 amman.

715 5251 798 5291 suc

1195 5407 1584 5416 m..-

2149 431 2315 496 1542
2361 429 2671 496 APRIL.

4294 436 4430 502 390

3352 617 3510 690 393.

2942 751 3443 821 FARELLUS
3488 755 3925 823 CALVINO.

2630 925 2816 990 Nova
2883 946 2960 989 ex
3024 926 3348 1010 Luydtmo.
3441 926 3679 992 Bucari
3742 929 4051 994 iudicium
4108 929 4185 994 de
4238 932 4415 997 exitu

2450 1012 2678 1092 neyotii
2759 1011 3208 1077 Neocomensis.
3304 1014 3720 1093 Impatienter
3776 1015 3898 1088 fert
3958 1015 4413 1081 Genevensium

2451 1097 2787 1162 silentium.
2855 1097 2957 1162 De
2976 1099 3208 1163 vicinis
3226 1099 3546 1163 ministris
3588 1104 3645 1163 et
3678 1098 3922 1182 colleyis
3956 1120 4082 1164 non
4123 1106 4212 1165 est
4245 1103 4413 1183 quod

2452 1183 2701 1249 omnino
2739 1183 3028 1265 gaudeat.

2455 1353 2563 1420 (Ex
2612 1353 2953 1424 autographo
2988 1354 3134 1408 Bibl.
3172 1354 3957 1491 {sotorfimnnefggmeminm‘
4028 1356 4169 1426 Epp.
4206 1358 4409 1412 Farelli

2628 1609 2847 1689 Quam
2894 1611 3228 1676 carissimo
3277 1613 3469 1676 fratri
3512 1612 3604 1676 Io,
3653 1611 3974 1764 Calvinq}
3976 1614 4222 1694 pastori
4262 1611 4412 1681 fido.

3979 1718 4240 1765 enevae.

2632 1831 2701 1898 S.
2749 1833 2965 1898 Hodie
3007 1833 3307 1900 intellexi
3351 1855 3503 1898 eum
3549 1835 3661 1916 qui
3704 1834 4025 1918 Lugduni
4069 1835 4416 1902 conciona-

2456 1918 2651 1984 batur
2678 1919 2730 2002 ¹)
2770 1919 3027 1985 iussum
3070 1920 3273 1986 fuisse
3315 1940 3591 1998 cessare,
3632 1919 3829 2003 idque
3866 1920 3947 1986 ob
3992 1922 4178 1986 fictas
4220 1920 4417 1987 istinc

2455 2004 2701 2082 literas,
2749 2004 2984 2088 quibus
3020 2005 3217 2088 primi
3256 2005 3329 2069 in
3372 2012 3571 2088 gente
3607 2005 3939 2088 pontificia
3976 2003 4417 2072 admoneban-

2458 2099 2570 2155 tur
2633 2111 2721 2155 ne
2784 2090 3129 2158 scelestum
3194 2090 3385 2156 illum
3438 2091 3731 2155 sinerent
3788 2090 4176 2169 concionari,
4243 2090 4420 2174 quod

2458 2177 2864 2261 perniciosus
2909 2184 3084 2241 esset
3116 2175 3487 2241 haereticus
3523 2175 3957 2258 ecclesiaeque
3995 2183 4306 2254 vastator,
4352 2183 4421 2243 et

2459 2262 2610 2326 istic
2652 2283 2930 2328 uxorem
2974 2269 3041 2327 et
3091 2260 3333 2327 liberos
3389 2260 3673 2328 haberet.
3764 2262 3934 2327 Mihi
3978 2260 4142 2326 haec
4186 2263 4421 2328 rescri-

2461 2346 2560 2412 bit
2580 2346 2958 2412 Bemardus
2992 2347 3106 2429 qui
3139 2348 3448 2431 praefecti
3477 2345 3803 2413 Mirabilis
3830 2347 3887 2428 ²)
3928 2345 4195 2411 nomine
4230 2347 4417 2430 Lug-

2461 2433 2623 2498 duni
2646 2431 2883 2517 agebat
2917 2432 3088 2498 circa
3133 2433 3502 2515 palmarum
3545 2432 3718 2497 diem
3738 2433 3814 2515 ³).
3881 2432 4094 2497 Miror
4140 2431 4419 2499 defuisse

2461 2519 2610 2584 viro
2655 2517 2814 2602 quid
2860 2518 3299 2600 responderet,
3357 2539 3686 2600 quumque
3730 2519 3979 2583 feratur
4020 2517 4230 2582 literis
4273 2539 4419 2582 mu-

2461 2605 2645 2669 nitus
2697 2604 2916 2687 regiis,
2978 2605 3072 2669 sic
3114 2604 3305 2669 facile
3348 2603 3754 2686 prohibitum
3796 2604 4014 2668 fuisse.
4102 2602 4421 2669 Precibus

2463 2698 2531 2755 et
2592 2689 2862 2755 consilio
2923 2698 3081 2754 sunt
3146 2688 3299 2753 boni
3364 2687 3739 2754 adiuvandi.
3830 2690 3976 2772 Ego
4036 2709 4169 2752 non
4227 2687 4421 2754 credo

2461 2776 2659 2841 istinc
2695 2776 3010 2857 scriptum
3033 2774 3250 2853 fuisse,
3296 2783 3372 2839 ut
3405 2776 3644 2839 ferunt.
3713 2773 4003 2840 Bucerus
4032 2773 4422 2839 amicissime

2463 2862 2726 2944 scripsit
2777 2860 3022 2934 literas,
3076 2860 3311 2943 quibus
3362 2860 3535 2925 inter
3589 2860 3720 2926 alia
3776 2882 3906 2924 non
3963 2857 4196 2942 probat
4250 2857 4423 2940 quod

2463 2947 2798 3030 suffragiis
2821 2946 3108 3024 vicerim,
3134 2967 3336 3027 quum
3360 2967 3465 3011 res
3486 2944 3647 3010 mali
3671 2946 3756 3010 sit
3780 2944 4082 3027 exempli,
4106 2965 4190 3009 ne
4213 2942 4424 3010 dicam

2462 3033 2761 3117 pessimi:
2822 3029 2991 3114 quod
3049 3052 3206 3096 sane
3249 3030 3415 3095 mihi
3472 3051 3810 3114 nunquam
3849 3029 4113 3113 placuit.
4204 3030 4426 3095 Affert

2462 3117 2676 3184 multa
2729 3117 2810 3182 de
2869 3115 3213 3199 disciplina
3266 3115 3578 3183 ecclesiae
3633 3137 3798 3199 quae
3843 3137 3947 3179 me
3991 3123 4250 3198 oportet
4289 3115 4422 3179 fra-

2462 3204 2674 3269 tribus
2717 3224 2863 3268 cras
2918 3202 3226 3281 indicare,
3292 3210 3359 3267 et
3400 3201 3530 3267 alia
3574 3223 3739 3285 quae
3783 3201 4025 3267 scribit.
4116 3198 4311 3280 Quod
4364 3199 4423 3264 si

2464 3292 2744 3374 egissem
2790 3287 2874 3352 ad
2918 3293 2984 3352 te
3026 3288 3353 3354 misissem
3398 3307 3509 3352 eas
3553 3308 3714 3369 quas
3759 3286 4002 3364 scribit,
4046 3291 4123 3350 ut
4164 3283 4424 3352 videres

2461 3376 2535 3440 in
2580 3375 2675 3440 eis
2721 3373 2877 3457 quid
2931 3372 3110 3453 velit,
3173 3381 3241 3438 et
3299 3376 3403 3454 (ut
3445 3372 3622 3446 vult)
3681 3392 4061 3437 communes
4105 3369 4269 3434 mihi
4314 3390 4425 3436 eas

2463 3462 2665 3525 facias
2707 3480 2869 3543 quas
2912 3456 2996 3524 ad
3044 3468 3107 3523 te
3150 3458 3386 3524 mittit:
3443 3457 3615 3540 quod
3657 3458 3854 3524 facies
3899 3456 4014 3523 ubi
4055 3477 4174 3539 per
4216 3455 4425 3520 otium

2463 3545 2698 3612 licebit.
2790 3544 2940 3609 Tibi
2998 3563 3448 3610 succenserem
3508 3554 3575 3608 et
3643 3543 3851 3608 Vireto
3909 3562 4162 3626 quoque
4178 3592 4192 3619 ,
4250 3539 4424 3624 quod

2463 3639 2615 3715 post
2655 3631 2900 3695 multas
2960 3630 3349 3713 scriptiones
3405 3629 3570 3694 nihil
3630 3627 4051 3716 respondetis.
4142 3625 4279 3693 Sed
4323 3632 4427 3691 sat

2465 3718 2599 3784 scio
2658 3715 2808 3800 plus
2869 3716 3028 3781 satis
3084 3736 3201 3780 vos
3260 3715 3526 3797 gravari
3585 3722 3768 3779 tanto
3820 3735 3946 3797 quo
4006 3713 4213 3795 pressi
4263 3713 4427 3777 estis

2465 3823 2681 3880 onere,
2727 3803 2830 3866 cui
2895 3811 3168 3866 uantum
3206 3800 3430 3865 adiicit
3446 3804 3504 3876 ⁴)
3543 3800 3878 3865 molestiae
3902 3819 4068 3881 quae
4094 3797 4427 3863 hincinde

2465 3893 2820 3955 occurrunt
2875 3909 2942 3950 ιιι
3000 3884 3139 3950 dies
3194 3884 3615 3968 emergentia,
3671 3895 3931 3949 tantum
3977 3881 4284 3961 detrahit,
4340 3902 4427 3948 ne

2466 3985 2543 4039 ut
2574 3973 2813 4056 cupitis
2848 3970 3151 4054 expedite
3194 3973 3360 4035 fiant
3401 3990 3567 4054 quae
3608 3969 3863 4053 agenda
3897 3976 4071 4047 sunt,
4108 3969 4283 4034 mala
4315 3968 4427 4034 vel

2465 4081 2600 4125 non
2659 4059 2816 4123 satis
2873 4058 3065 4122 firma
3119 4055 3444 4133 valetudo,
3513 4076 3709 4138 quam
3754 4056 3941 4121 Deus
3994 4065 4131 4120 tam
4191 4055 4431 4119 bonam

2468 4146 2580 4210 det
2633 4164 2832 4226 quam
2889 4140 3156 4225 expedit
3211 4160 3328 4207 vos
3390 4150 3460 4206 et
3511 4149 3736 4207 mente
3792 4149 3859 4206 et
3920 4160 4188 4221 corpore
4252 4148 4430 4204 recte

2469 4230 2708 4297 valere.
2814 4228 2965 4293 Non
3030 4237 3136 4292 est
3199 4228 3406 4311 igitur
3468 4225 3670 4309 quod,
3736 4227 3867 4292 nisi
3932 4243 4039 4290 res
4102 4223 4300 4292 valde
4359 4221 4432 4288 id

2469 4315 2785 4400 postulet,
2844 4335 2963 4379 vos
3020 4312 3362 4379 scribendo
3418 4312 3732 4396 fatigetis:
3792 4311 3925 4378 imo
3969 4311 4225 4376 labores
4267 4310 4431 4374 istos

2470 4403 2566 4468 sio
2609 4406 3041 4481 attemperate
3084 4406 3164 4463 ut
3194 4397 3442 4464 diutius
3485 4398 3658 4463 ferre
3701 4397 3982 4481 possitis.
4050 4393 4258 4462 Dabit
4293 4394 4431 4460 Do-

2469 4487 2692 4552 minus
2736 4482 3004 4548 tandem
3047 4493 3122 4549 ut
3155 4484 3459 4551 meliores
3491 4484 3788 4550 habeatis
3822 4481 4170 4561 adiutores,
4205 4478 4434 4545 rebus-

2472 4594 2600 4656 que
2653 4570 2888 4635 melius
2947 4570 3322 4636 constitutis
3386 4570 3568 4635 labor
3631 4569 3841 4633 levior
3903 4569 3990 4632 sit
4058 4575 4125 4631 et
4187 4566 4432 4645 utilior,

2475 4678 2641 4742 quae
2666 4656 2726 4741 ¹⁵)
2770 4676 2949 4721 nunc
2980 4655 3540 4722 retrocedentibus
3577 4653 3912 4720 nonnullis
3953 4661 4022 4718 et
4064 4652 4233 4720 clam
4278 4650 4434 4716 sub-

2511 4799 2561 4805 ..—
2584 4795 2884 4805 “mn—-

2511 4861 2642 4921 393.
2684 4861 2738 4924 l)
2780 4860 2869 4914 De
2897 4859 3416 4928 praedicationibus
3460 4853 3790 4926 evomyelicis
3824 4855 4097 4925 Luydtmi
4128 4853 4336 4907 habitis
4368 4866 4432 4908 eo

2472 4937 2714 5012 tempore
2746 4929 2890 4983 niihil
2924 4930 3060 4984 certi
3104 4931 3396 4983 meva-offae
3424 4928 3712 4996 proditam
3757 4932 3867 4993 est5
3914 4927 3981 4980 de
4012 4922 4301 4979 nomenis
4335 4920 4433 4977 scd

2471 5002 2661 5057 v’rmtie
2691 4999 3000 5066 conatibus,
3048 5004 3163 5051 tam
3196 4998 3572 5054 anterioribus
3611 4996 3800 5061 (1535)
3952 5012 4006 5050 m
4038 4991 4435 5048 recentioribus

2479 5069 2669 5138 (1546)
2706 5086 2758 5122 v.
2795 5067 2947 5121 Hist.
2984 5067 3108 5121 eccl.
3145 5067 3196 5121 I.
3231 5067 3315 5120 22.
3353 5066 3439 5120 55.
3509 5064 3790 5132 Harmiai.
3870 5063 3959 5118 II.
4001 5061 4120 5116 389.

2684 5138 2745 5200 2)
2784 5136 2864 5190 N.
2900 5136 3003 5190 302
3036 5142 3150 5190 not.
3186 5136 3236 5189 3.

2686 5206 2746 5270 3]
2782 5205 2823 5258 i.
2861 5220 2905 5259 e.
2940 5205 2992 5259 2.
3027 5204 3266 5274 Aprilis.

2687 5277 2744 5343 4)
2782 5275 2896 5328 sic!

2689 5345 2746 5408 5)
2785 5344 2978 5413 lapsus
3014 5342 3232 5397 calami.

3906 5419 4020 5476 25*
