5050 6167
618 444 741 508 539

611 630 684 696 in
741 646 1084 695 commune
1142 634 1219 693 ut
1268 626 1573 693 consulas
1629 648 1806 712 rogo.
1894 627 2074 692 Dum
2128 633 2347 693 autem
2400 625 2567 692 lauti

610 714 710 780 illi
752 713 957 780 nostri
1014 712 1363 797 epicureoli
1407 710 1487 777 de
1530 713 1766 797 quibus
1823 712 2212 797 scripseram
2257 711 2566 778 desinunt

611 799 798 867 nobis
850 798 1188 884 negotium
1240 799 1576 878 facessere,
1643 798 1859 865 subito
1916 798 2145 864 oborta
2209 805 2310 863 est
2373 797 2564 864 nobis

608 906 785 952 nova
825 883 1144 969 quaedam
1185 885 1604 968 persequutio
1653 892 1849 968 atque
1890 883 2245 951 calamitas.
2333 883 2564 949 Nostri

610 970 1135 1057 Χριστομᾶστιγες
1191 968 1458 1035 tandem
1502 971 1792 1036 furorem
1849 990 2045 1035 suum
2086 968 2159 1033 in
2201 968 2561 1053 parochum

609 1058 934 1141 quendam
977 1062 1240 1121 nostrae
1283 1055 1480 1136 urbis,
1507 1058 1566 1133 ⁴)
1617 1057 1838 1121 virum
1880 1056 2123 1120 bonum
2168 1064 2237 1121 et
2278 1055 2560 1134 fidelem,

609 1143 795 1209 verbi
817 1142 1092 1208 Domini
1126 1141 1334 1207 fidum
1368 1160 1444 1206 ac
1484 1148 2014 1226 perseverantem
2047 1139 2560 1225 praedicatorem

609 1236 1046 1295 exercuerunt
1088 1247 1368 1310 eumque
1409 1228 1654 1294 carceri
1696 1227 2183 1311 manciparunt,
2242 1248 2376 1291 non
2421 1227 2562 1291 sine

607 1335 853 1398 magna
895 1312 1092 1398 (mihi
1144 1312 1362 1390 crede)
1418 1320 1858 1395 κατηχουμένων
1910 1313 2178 1378 iactura.
2266 1313 2562 1379 Ecclesia

608 1400 752 1468 sine
794 1399 1277 1465 intermissione
1320 1406 1482 1477 orat,
1538 1398 1818 1465 necdum
1875 1399 2019 1482 quis
2073 1399 2171 1464 rei
2214 1398 2432 1463 exitus
2475 1398 2562 1463 sit

607 1484 873 1551 futurus
930 1485 1248 1550 coniicere
1301 1484 1472 1549 licet.
1560 1484 1747 1550 Haec
1803 1506 1909 1549 res
1961 1485 2138 1550 enim
2191 1482 2274 1549 ad
2317 1483 2561 1548 multos

606 1578 853 1638 manat.
940 1570 1065 1635 Hle
1119 1577 1378 1652 praeter
1431 1569 1502 1635 id
1558 1568 1730 1653 quod
1781 1568 1953 1635 fidus
2010 1577 2152 1635 erat
2193 1568 2379 1635 verbi
2421 1570 2559 1635 Do-

607 1656 774 1722 mini
830 1656 1172 1739 interpres,
1236 1676 1531 1721 summus
1589 1655 1756 1720 mihi
1814 1663 2008 1738 atque
2070 1656 2343 1720 intimus
2398 1664 2559 1733 erat,

545 1752 586 1775 s
609 1741 985 1824 dudumque
1045 1740 1240 1806 simul
1296 1742 1651 1807 amicitiam
1707 1741 2091 1820 inieramus,
2148 1760 2316 1823 quae
2373 1740 2563 1806 bonis

608 1827 944 1911 auspicata
985 1826 1194 1891 initiis
1237 1847 1473 1911 nempe
1515 1833 1781 1910 propter
1815 1827 2088 1892 verbum
2130 1826 2364 1892 iisdem
2408 1825 2562 1892 hac-

608 1920 802 1980 tenus
844 1912 1189 1980 coaluerat.
1216 1913 1275 1991 ὅ)
1359 1914 1643 1996 Propter
1693 1912 1882 1978 illum
1935 1912 2366 1979 vehementer
2417 1933 2564 1977 sum

609 2007 971 2066 commotus
1015 2007 1211 2082 atque
1253 1997 1348 2063 ita
1390 1996 1813 2082 defatigatus,
1870 2005 1945 2064 ut
1985 1998 2099 2065 vix
2143 1999 2436 2064 animum
2479 1997 2564 2063 ad

611 2084 1030 2152 scribendum
1091 2084 1416 2168 potuerim
1479 2085 1858 2150 instituere:
1924 2083 2039 2149 sed
2095 2084 2219 2149 hoc
2275 2083 2564 2148 maxime

612 2169 696 2235 ad
731 2168 1144 2236 scribendum
1181 2170 1594 2236 confirmavit
1628 2169 1800 2253 quod
1835 2177 1901 2235 te
1933 2169 2244 2235 idoneum
2280 2171 2563 2236 amicum

611 2255 1007 2332 existimavi,
1044 2256 1114 2320 in
1147 2256 1334 2322 cuius
1366 2255 1586 2321 sinum
1607 2276 1828 2321 meum
1852 2255 2029 2321 hunc
2053 2254 2341 2321 dolorem
2365 2254 2562 2340 depo-

609 2361 856 2407 nerem.
915 2340 1066 2405 Hac
1098 2360 1297 2407 causa
1328 2343 1423 2406 ita
1458 2341 1810 2424 derepente
1844 2340 2171 2407 obturbati
2204 2362 2451 2419 sumus,
2487 2349 2565 2405 ut

608 2429 809 2492 etiam
843 2426 1033 2493 nobis
1074 2425 1235 2509 ipsis
1278 2425 1691 2493 defuerimus.
1764 2424 1902 2492 Sed
1935 2448 2070 2492 non
2104 2426 2311 2492 defuit
2330 2427 2561 2492 Domi-

607 2534 753 2593 nus,
795 2533 919 2578 nec
963 2511 1191 2578 deerit.
1276 2511 1555 2578 Interim
1596 2509 2042 2578 indesinenter
2076 2512 2452 2596 rogabimus
2487 2519 2566 2577 ut

608 2605 921 2683 exsurgat
954 2598 1096 2683 ipse
1131 2619 1398 2665 causam
1419 2619 1607 2665 suam
1626 2597 2049 2665 iudicaturus.
2121 2599 2275 2664 Non
2296 2618 2562 2681 possum

607 2705 782 2750 nunc
839 2683 985 2749 aliis
1039 2683 1119 2750 de
1173 2684 1369 2750 rebus
1425 2683 1509 2749 ad
1564 2691 1634 2749 te
1687 2685 1989 2752 scribere.
2076 2682 2275 2763 Vale,
2332 2692 2399 2751 et
2452 2705 2562 2749 me

607 2789 883 2855 semper,
927 2776 1004 2835 ut
1043 2769 1223 2850 facis,
1266 2790 1431 2835 ama.
1506 2770 1681 2836 Tuas
1715 2791 1835 2854 pro
1876 2771 2066 2837 nobis
2099 2790 2326 2856 preces
2358 2770 2559 2837 vehe-

606 2863 864 2922 menter
906 2855 1105 2922 etiam
1144 2861 1341 2941 atque
1385 2856 1585 2922 etiam
1630 2876 1809 2942 rogo.
1836 2857 1899 2935 ⁶)

1847 2994 2030 3060 'I'uus
2071 2991 2382 3077 Oapm'us.

775 3164 976 3231 Mitto
1012 3163 1096 3229 ad
1127 3170 1197 3229 te
1228 3162 1444 3249 παροίφ
1483 3185 1622 3228 acm
1654 3164 2119 3231 nonnullorum
2152 3164 2555 3247 psalmorum

607 3269 804 3336 quam
845 3249 1007 3318 lusit
1036 3270 1226 3318 meus
1268 3270 1443 3335 quon
1637 3249 1877 3318 sodalis
1920 3256 1990 3316 et
2030 3250 2296 3318 amicus.

1501 3830 1653 3903 467.

982 3984 1703 4053 MELANOHTHON
1748 3983 2179 4055 CALVINO.

776 4156 1109 4224 Occasione
1164 4155 1315 4223 libri
1375 4162 1590 4225 contra
1649 4156 1954 4243 Piyhium
2021 4158 2245 4240 scripti
2296 4159 2375 4226 de
2428 4179 2552 4243 quo

597 4241 725 4309 sibi
764 4244 968 4310 dicato
995 4243 1244 4328 yratias
1277 4243 1408 4327 aqit
1441 4245 1665 4322 autori,
1707 4243 1870 4310 hune
1902 4243 2076 4311 haud
2108 4245 2360 4311 obscure
2401 4244 2550 4310 hor-

596 4332 770 4393 tatur
823 4334 894 4394 at
951 4328 1325 4395 charientate
1375 4348 1493 4394 suo
1560 4330 1648 4396 ad
1702 4350 1777 4395 ea
1834 4330 2110 4395 maxime
2163 4329 2554 4413 perficienda

596 4418 813 4479 utatur
854 4435 1016 4496 quae
1050 4415 1310 4497 optimos
1342 4414 1627 4481 ecclesiae
1656 4415 1905 4497 fructus
1926 4421 2275 4498 procurent.
2349 4415 2552 4483 Suam

595 4498 808 4579 ipsius
859 4501 935 4565 de
979 4500 1554 4582 praedestinatione
1609 4503 1973 4568 sententiam
2016 4502 2345 4585 proponit,
2400 4504 2553 4570 sim-

589 4584 820 4667 plicem
858 4590 914 4651 et
954 4587 1106 4651 usui
1146 4586 1679 4654 accommodatam.

672 4946 684 4957 ·
770 4877 868 4956 ,4)
913 4875 1052 4956 Quis
1103 4875 1196 4931 hie
1241 4875 1565 5000 WffO
1607 4880 1843 4958 tempore
1891 4879 2179 4933 nesdmus.
2223 4877 2552 4933 ·Fortassis

600 4944 810 5026 aitqaue
843 4950 1084 5025 cogitare
1112 4950 1298 5014 posset
1313 4945 1380 5000 de
1465 4960 1718 5002 ranciaco
1741 4947 1996 5070 Ιιρηᾶῗῖι,
2034 4946 2102 5002 de
2134 4962 2242 5017 qao
2275 4948 2553 5005 nonnulla

599 5014 947 5139 wama
986 5098 1017 5137 e
1048 5015 1498 5140 ἓῗὲὢεΤηέἆΙ.
1527 5030 1591 5084 p.
1629 5015 1713 5069 14.
1784 5016 1870 5083 Cf.
1968 5021 2059 5071 nst.
2094 5017 2217 5072 ecel.
2253 5017 2307 5072 I.
2348 5034 2409 5087 p.
2456 5016 2548 5086 30,

807 5151 1063 5277 {galilaee
1107 5168 1319 5224 quoque
1362 5152 1739 5223 suspicionem
1783 5157 2016 5223 meost,
2062 5171 2103 5209 a
2142 5153 2376 5211 librario
2412 5168 2548 5226 peo-

808 5291 1232 5355 &Auamma
1274 5304 1537 5361 mensem,
1596 5290 1754 5346 illum
1806 5290 2346 5362 amanam,
2397 5291 2551 5348 hm

601 5374 755 5415 mera
787 5360 1103 5417 omniscium
1133 5375 1204 5417 σω
1234 5360 1508 5417 mentione
1542 5358 1736 5431 Hakis·
1766 5359 2076 5430 definimus.

2164 437 2691 506 EPIS'I'OLAE
2736 440 3074 504 466-468

4490 439 4615 503 540

2670 627 2781 693 (Ex
2816 627 2993 680 Besae
3025 625 3264 680 editione
3281 624 3487 680 Gener.
3520 643 3572 695 p.
3600 623 3719 690 2⁷9,
3754 626 3913 681 Laus.
3950 643 4003 696 p.
4039 622 4109 679 89
4160 624 4372 679 Hanov.
4407 642 4463 695 p.
4494 623 4614 695 loo,

2860 694 3070 750 ohouet
3108 711 3158 763 p.
3196 693 3314 761 384,
3354 695 3529 749 Amat.
3567 712 3621 765 p.
3659 694 3776 762 174,
3814 694 3975 764 corp.
4012 665 4131 748 nei
4168 693 4239 748 v.
4278 692 4418 761 10⁷.)

2836 883 2945 948 Ex
2989 881 3303 947 nundinis
3347 881 4001 950 Francfordiensibus
4052 882 4325 965 epistola
4381 881 4466 947 ad
4506 904 4614 950 me

2666 975 2785 1034 tua
2818 968 3207 1034 transmissa
3249 977 3366 1046 est,
3413 969 3713 1051 exempla
3747 990 3902 1035 vero
3937 968 4096 1034 editi
4135 969 4363 1050 scripti
4395 968 4442 1054 ¹)
4482 990 4615 1034 non

2666 1062 2822 1121 sunt
2864 1054 3080 1131 allata,
3142 1053 3394 1119 tardius
3451 1055 3627 1119 enim
3669 1052 4170 1120 Francfordiam
4228 1054 4430 1119 allata
4471 1054 4612 1120 fue-

2664 1150 2833 1206 rant.
2922 1140 3162 1205 Postea
3215 1139 3489 1205 Bonnae
3515 1142 3573 1222 2)
3631 1139 3805 1223 apud
3861 1139 3947 1205 D.
4005 1139 4326 1205 Buoeram
4381 1148 4615 1206 naetus

2665 1226 3057 1309 exemplum,
3122 1223 3257 1289 vidi
3309 1223 3410 1301 τήν
3464 1225 3887 1310 προσφώνησιν
3941 1224 4024 1290 ad
4077 1245 4215 1302 me,
4273 1233 4340 1291 et
4396 1226 4614 1292 subito

2663 1313 2903 1378 bonam
2966 1318 3221 1394 partem
3286 1309 3749 1395 disputationis
3811 1311 4046 1378 evolvi.
4136 1309 4330 1392 Quod
4393 1318 4616 1379 autem

2665 1398 3018 1463 honorifico
3053 1397 3426 1463 testimonio
3469 1398 3743 1476 ornaris,
3788 1405 3856 1463 et
3890 1394 3970 1463 de
4013 1404 4154 1462 tota
4196 1417 4286 1477 re,
4331 1418 4466 1463 non
4508 1419 4615 1465 so-

2661 1484 2802 1548 lum
2844 1483 2973 1567 pie,
3030 1482 3145 1548 sed
3188 1483 3387 1548 etiam
3430 1482 3808 1566 eloquenter
3849 1481 4254 1561 disserueris,
4310 1481 4392 1548 de
4433 1491 4615 1549 utra-

2706 1590 2791 1634 ue
2840 1590 2931 1647 re,
2999 1567 3303 1636 videlicet
3365 1567 3446 1635 de
3499 1590 3647 1635 mea
3711 1568 4130 1653 gratitudine,
4196 1576 4265 1634 et
4327 1567 4409 1634 de
4470 1570 4617 1653 ipsa

2710 1655 3103 1737 isputatione
3143 1674 3366 1720 coram
3409 1676 3545 1734 nos,
3591 1662 3668 1721 ut
3709 1655 3880 1721 soliti
3924 1675 4151 1721 sumus
4184 1655 4440 1738 quoties
4480 1676 4615 1722 una

2663 1742 2935 1820 fuimus,
2992 1739 3242 1823 prolixe
3304 1740 3583 1824 colloqui
3637 1761 3825 1823 posse
3879 1740 4190 1824 optarim:
4257 1740 4379 1807 etsi
4435 1742 4616 1807 enim

2664 1834 2921 1891 tantum
2965 1825 3070 1891 vel
3124 1826 3375 1908 ingenii
3434 1826 3543 1892 vel
3598 1825 3932 1894 doctrinae
3974 1825 4135 1891 mihi
4189 1847 4324 1892 non
4381 1847 4615 1912 arrogo

2665 1922 2989 1996 quantum
3036 1910 3289 1990 tribuis,
3336 1920 3404 1977 et
3436 1932 3556 1978 nos
3599 1912 3923 1994 imprimis
3966 1912 4037 1976 in
4071 1911 4342 1978 ecclesia
4374 1933 4615 1996 agnos-

2667 2020 2812 2065 cere
2867 1996 3379 2063 imbecillitatem
3435 2004 3732 2063 nostram
3787 1998 3998 2064 decet:
4055 2004 4277 2064 tamen
4330 1996 4616 2065 benevo-

2665 2083 2870 2149 lentia
2910 2104 3068 2167 erga
3108 2103 3215 2148 me
3257 2091 3376 2149 tua
3408 2083 3836 2150 vehementer
3871 2083 4153 2149 delector
4188 2082 4433 2166 tibique
4468 2105 4620 2169 gra·

2665 2169 2830 2235 tiam
2873 2168 3078 2234 habeo
3094 2220 3108 2245 ‚
3165 2168 3337 2251 quod
3391 2170 3465 2234 in
3508 2170 3751 2252 scripto
3806 2168 4143 2236 luculento
4187 2178 4504 2253 tanquam
4547 2171 4619 2235 in

2664 2254 2908 2321 illustri
2960 2256 3240 2337 positam
3293 2254 3437 2321 loco
3478 2262 3740 2321 exstare
3794 2254 4339 2339 significationem
4377 2257 4619 2323 amoris

2665 2362 2825 2425 erga
2866 2360 2973 2405 me
3028 2340 3130 2405 tui
3185 2340 3475 2407 voluisti.
3565 2340 3854 2407 Gratum
3896 2340 4065 2405 mihi
4107 2350 4176 2406 et
4228 2337 4393 2406 illud
4433 2342 4617 2408 testi-

2666 2426 2961 2492 monium
3026 2432 3218 2491 tuum
3296 2447 3438 2493 esse
3500 2426 3786 2510 ingenue
3848 2428 4073 2504 fateor,
4139 2425 4314 2509 quod
4377 2447 4487 2491 me
4550 2433 4618 2493 et

2666 2533 2888 2578 amare
2929 2519 2999 2576 et
3038 2531 3352 2594 quaerere
3410 2512 3899 2596 simplicitatem
3944 2511 4120 2579 dicis.
4209 2512 4384 2578 Nam
4426 2532 4616 2596 prae-

2667 2598 2885 2664 dieare
2948 2598 3122 2664 bona
3184 2598 3579 2665 conscientia
3633 2618 3900 2681 possum
3953 2597 4159 2664 fuisse
4215 2597 4337 2663 hoc
4393 2618 4616 2664 meum

2663 2684 2973 2762 studium,
3033 2704 3236 2766 quum
3294 2685 3484 2749 initio
3539 2684 3777 2748 harum
3847 2683 4345 2749 contentionum
4408 2683 4618 2749 multa

2665 2768 2992 2836 horridius
3027 2776 3095 2834 et
3126 2770 3499 2836 intricatius
3533 2767 4043 2854 disputarentur,
4087 2778 4165 2834 ut
4196 2788 4617 2852 excerperem

2662 2875 2770 2922 res
2813 2855 3031 2933 utiles,
3075 2874 3317 2939 easque
3359 2877 3443 2921 ex
3484 2855 3602 2920 illa
3645 2854 3928 2939 caligine
3960 2854 4260 2920 evolutas
4295 2862 4616 2938 quantum

2660 2961 2921 3025 possem
2978 2940 3177 3024 plane
3233 2950 3301 3007 et
3357 2941 3587 3008 dextre
3631 2941 3973 3007 recitarem
3988 2990 4004 3017 ,
4063 2960 4187 3007 nec
4241 2959 4392 3006 raro
4448 2939 4617 3007 illud

2660 3026 2999 3112 Euripidis
3049 3027 3218 3093 mihi
3270 3027 3456 3093 venit
3506 3027 3576 3092 in
3634 3033 3945 3104 mentem,
3988 3023 4250 3090 Ἐσθλόν
4289 3024 4358 3089 τὸ
4400 3034 4613 3109 σαφές,

2660 3120 2730 3179 et
2770 3112 2995 3196 ἄσοφον
3048 3113 3115 3175 τὸ
3159 3112 3244 3194 μὴ
3286 3111 3508 3196 σαφέςε
3574 3133 3697 3178 nec
3748 3110 3917 3177 nihil
3958 3111 4234 3194 periculi
4277 3110 4409 3177 adii
4453 3111 4617 3178 dum

2660 3197 2980 3282 quaedam
3057 3197 3346 3281 praecidi
3422 3198 3935 3283 confragosiora:
4015 3197 4259 3263 retinui
4323 3217 4480 3263 vero
4544 3202 4617 3264 et

2657 3284 2990 3350 illustravi
3024 3285 3229 3364 utilia,
3275 3284 3449 3368 quod
3484 3291 3708 3349 tamen
3741 3281 4113 3350 verecunde
4146 3283 4291 3363 feci,
4333 3303 4419 3349 ne
4462 3283 4615 3349 irri-

2656 3371 2816 3437 tatis
2857 3370 3456 3438 vehementioribus
3496 3370 3802 3454 ingeniis,
3858 3367 4213 3436 discordias
4256 3369 4467 3453 magis
4506 3369 4617 3435 in-

2657 3457 3082 3522 flammarem.
3186 3457 3351 3521 Fuit
3415 3456 3596 3521 enim
3660 3455 3785 3521 hoc
3850 3474 4106 3538 quoque
4169 3453 4330 3521 mihi
4393 3475 4613 3536 curae,

2657 3550 2975 3622 nostrum,
3022 3540 3145 3609 hoc
3188 3549 3309 3622 est,
3353 3540 3662 3608 ecclesiae
3704 3561 4098 3607 consensum
4139 3541 4211 3607 in
4249 3540 4615 3608 maioribus

2657 3628 2874 3694 causis
2926 3633 3006 3692 ut
3060 3635 3300 3694 tuerer.
3390 3625 3589 3693 Vides
3643 3628 3823 3692 enim
3879 3647 4081 3709 quam
4137 3626 4385 3692 multae
4443 3625 4615 3692 aliae

2658 3733 2893 3783 causae
2932 3712 3319 3779 utilissimae
3360 3720 3579 3779 motae
3621 3713 3786 3779 sint:
3831 3718 3907 3777 ut
3949 3720 4171 3777 autem
4214 3711 4457 3776 ducum
4499 3732 4614 3778 ars

2659 3806 2761 3865 est
2811 3798 3061 3865 leviora
3103 3806 3173 3864 et
3214 3800 3485 3885 πάρεργα
3538 3796 3875 3864 interdum
3916 3797 4303 3881 relinquere,
4356 3818 4440 3862 ne
4481 3797 4613 3862 im-

2657 3882 3007 3966 pediantur
3048 3885 3123 3950 in
3163 3884 3632 3971 persequendis
3674 3883 4088 3962 necessariis,
4145 3884 4241 3947 ita
4276 3880 4464 3948 nobis
4506 3882 4612 3948 vi-

2657 3969 2946 4121 gendum
3023 3981 3126 4037 est
3203 3970 3284 4038 de
3360 3972 3597 4056 quibus
3670 3970 3867 4037 rebus
3930 3969 4177 4034 manm’
4179 3988 4215 4034 e
4292 3966 4611 4036 dimican-

2705 4077 2815 4121 um
2858 4056 2962 4121 sit.

2825 4142 3181 4208 Pontifices
3222 4142 3458 4208 maiori
3509 4162 3625 4225 spe
3667 4161 3863 4225 quam
3905 4158 4197 4222 unquam
4238 4159 4391 4205 suas
4429 4137 4607 4203 εἶδο-

2656 4231 2942 4306 λομανίας
3017 4235 3460 4312 propugnant.
3560 4227 3988 4293 Arbitrantur
4070 4224 4248 4291 enim
4323 4225 4609 4293 stultitia

2654 4320 3027 4379 nostrorum
3082 4314 3455 4398 principum
3507 4321 3735 4379 nostra
3789 4310 4101 4395 dogmata
4140 4310 4401 4376 ruitura
4441 4331 4604 4392 esse,

2654 4419 2815 4551 allos
2879 4396 3110 4465 vident
3170 4399 3497 4484 implicari
3563 4397 3745 4463 bellis
3809 4394 4113 4464 civilibus
4128 4429 4163 4475 ,-
4211 4403 4279 4462 et
4339 4397 4607 4465 irritare

2753 4484 2952 4550 rotam
3013 4485 3334 4552 hactenus
3398 4489 3756 4550 cessantem
3823 4490 3892 4548 et
3960 4482 4147 4565 quasi
4210 4481 4607 4565 fugitantem

2653 4570 2826 4636 bella
2868 4572 3258 4654 germanica.
3328 4571 3475 4636 Etsi
3510 4569 3635 4636 hoc
3669 4576 3853 4634 tanto
3886 4566 4058 4633 malo
4098 4587 4384 4646 moveor,
4428 4569 4605 4652 quod

2653 4654 2918 4739 quidem
2970 4676 3163 4739 saepe
3217 4655 3515 4740 praedixi
3568 4656 3950 4732 vaticinans,
4005 4652 4075 4717 οὔ
4130 4655 4403 4738 μαντικῇ,
4446 4653 4603 4720 ἀλλὰ

2654 4745 2982 4832 φιλοσοφίᾳ
3025 4746 3139 4804 τινὶ
3181 4742 3448 4823 εἰκάζων,
3501 4761 3703 4825 quum
3748 4740 4134 4823 Principum
4174 4744 4373 4803 πολυπ
4455 4765 4598 4822 ypo-

2654 4825 2829 4906 σῦνην
2887 4836 2956 4891 et
3009 4827 3170 4894 alios
3223 4827 3481 4893 morbos
3533 4826 3859 4892 viderem:
3926 4832 4150 4891 tamen
4198 4825 4333 4892 scio
4374 4763 4599 4893 geum

2652 4912 2828 4977 inter
2879 4912 3110 4979 fatales
3159 4913 3588 4996 imperiorum
3644 4911 3970 4976 tumultus
4027 4910 4366 4977 ecclesiam
4411 4932 4599 4980 suam

2652 5018 2916 5064 servare
2959 4999 3363 5066 mirabiliter.
3450 4998 3515 5065 N
3515 5019 3599 5064 on
3655 4998 3862 5082 igitur
3914 4997 4300 5081 frangamur
4342 4998 4595 5078 animis,

2650 5082 2786 5164 sed,
2830 5083 2991 5149 dum
3033 5105 3401 5168 possumus,
3445 5104 3751 5151 sonemus
3792 5089 3872 5149 ut
3912 5101 4270 5151 conversus
4314 5082 4485 5152 latro
4525 5084 4597 5150 in

2684 5290 2799 5353 4⁶7
2951 5296 3146 5348 contra
3179 5288 3459 5359 Habitum.

2800 5292 3723 5431 ‘Rq-mmmm&
