5050 6167
637 440 769 501 615

629 626 872 691 ‘urbem
919 633 1182 689 cautum
1228 622 1333 700 sit,
1380 623 1449 686 in
1499 622 1663 687 urbe
1705 624 1927 687 omnia
1968 623 2231 706 integra
2270 623 2604 706 relinquit,

635 711 879 776 deinde
915 710 1088 793 quod
1132 729 1510 791 supremum
1570 709 1639 772 in
1697 706 1859 773 duas
1912 710 2355 790 praefecturas
2399 707 2605 773 domi-

633 798 831 861 nium
898 797 1141 860 nostris
1217 794 1563 859 abiudicat.
1664 795 1813 878 Ego
1886 796 1957 858 in
2015 795 2359 859 consilium
2415 794 2605 859 adhi-

637 883 839 959 bitus,
899 884 1141 964 partim
1188 881 1341 963 quia
1384 880 1479 945 sic
1522 879 1687 945 utile
1733 880 2125 962 reipublicae
2170 901 2312 946 esse
2355 881 2604 946 iudica-

636 966 812 1047 bam,
860 969 1099 1049 partim
1148 970 1298 1048 quia
1342 977 1572 1031 contra
1616 964 1947 1031 tendendo
1991 965 2156 1030 nihil
2199 988 2306 1030 me
2350 969 2602 1048 profec-

633 1062 867 1118 turum
910 1053 1279 1128 cernebam,
1326 1052 1551 1116 censui
1596 1073 1726 1116 non
1763 1052 2149 1134 simpliciter
2192 1055 2604 1134 acquiescen-

638 1138 800 1205 dum
846 1160 1007 1204 esse.
1076 1139 1168 1203 Ut
1204 1146 1425 1202 autem
1463 1136 1672 1203 obiter
1709 1138 1831 1203 hoc
1867 1158 2120 1220 quoque
2163 1137 2395 1213 dicam,
2444 1137 2604 1202 dum

638 1224 981 1291 venditare
1039 1247 1109 1289 se
1176 1224 1453 1305 quisque
1510 1223 1757 1300 studet,
1829 1225 2128 1288 certatim
2188 1224 2602 1307 plausibilem

639 1312 1040 1375 sententiam
1121 1308 1365 1392 singuli
1429 1309 1683 1374 dicunt:
1752 1329 1947 1373 nemo
2012 1309 2403 1387 salutarem,
2472 1311 2604 1374 nisi

635 1398 804 1461 forte
844 1418 1016 1460 unus
1059 1410 1174 1459 aut
1218 1395 1403 1460 alter.
1495 1395 1911 1476 Quanquam,
1957 1396 2211 1460 etiamsi
2256 1417 2450 1460 nemo
2496 1418 2600 1460 re-

629 1484 934 1559 stitisset,
981 1481 1098 1547 hoc
1136 1494 1356 1545 tamen
1381 1502 1565 1546 eram
1605 1480 1780 1546 ultro
1826 1503 2159 1559 suasurm,
2199 1492 2276 1546 ut
2312 1482 2599 1565 explica-

635 1569 889 1633 tionem
933 1566 1173 1632 alicubi
1234 1567 1609 1631 adiicerent.
1712 1565 1859 1631 Scis
1918 1588 2070 1632 cum
2130 1568 2363 1649 quibus
2408 1568 2599 1633 nobis

635 1655 724 1720 sit
767 1656 1120 1736 negotium.
1212 1652 1563 1718 Caeterum
1607 1653 1945 1734 responsio
1991 1652 2162 1731 talis,
2215 1675 2436 1736 spere,
2495 1656 2598 1718 fu-

633 1747 788 1804 tura
842 1748 973 1816 est,
1030 1760 1196 1821 quae
1255 1740 1313 1802 si
1357 1760 1492 1803 non
1551 1739 1907 1804 satisfaciat
1950 1759 2069 1821 per
2112 1740 2334 1805 omnia
2377 1748 2597 1803 osten-

631 1825 750 1890 dat
794 1838 1014 1890 tamen
1058 1826 1219 1891 satis
1274 1846 1546 1907 aequam
1591 1822 2123 1889 moderationem.
2215 1824 2293 1890 Si
2337 1825 2598 1908 quando

629 1932 753 1976 nos
795 1913 1061 1988 inviseS‚
1106 1910 1341 1975 melius
1391 1918 1458 1974 et
1500 1909 1758 1991 plenius
1802 1910 2130 1994 intelliges
2176 1912 2411 1976 omnia.

803 1996 1026 2077 Quum
1071 1996 1230 2060 haec
1275 1997 1685 2079 scripsissem
1743 1998 2125 2078 supervenit
2181 1996 2595 2061 commodum

625 2083 926 2161 nuncius
974 2103 1012 2146 a
1057 2081 1454 2147 Bernatibus
1495 2090 1825 2164 receptam
1872 2083 2361 2167 sententiam.⁴)
2450 2084 2596 2166 Ego

631 2170 877 2234 accitus
915 2169 986 2231 in
1030 2177 1261 2233 senatu
1323 2166 1523 2251 longa
1582 2176 1649 2231 et
1707 2168 2085 2233 vehementi
2146 2167 2596 2233 cohortatione

626 2254 1013 2337 impetravi,
1081 2264 1156 2316 ut
1220 2254 1302 2318 ad
1374 2274 1613 2319 novam
1671 2253 2222 2319 consult-ationem
2278 2254 2591 2319 redirent.

621 2340 906 2405 Factum
962 2347 1063 2404 est
1120 2348 1388 2404 senatus
1447 2339 1852 2415 consultum,
1910 2350 1988 2402 ut
2040 2352 2291 2421 septem
2334 2361 2593 2404 mecum

626 2426 1024 2509 dispicerent
1097 2425 1176 2488 de
1248 2424 1652 2490 conficienda
1724 2424 2020 2489 formula.
2120 2425 2268 2490 Nisi
2326 2423 2592 2490 aliunde

623 2510 833 2577 Satan
877 2510 1349 2586 obturbaverit,
1395 2509 1562 2575 bene
1597 2531 1805 2592 spero,
1874 2512 2071 2574 Certe
2106 2510 2387 2575 mult-um
2426 2512 2592 2576 mihi

624 2599 835 2681 egisse
879 2596 1139 2671 videor,
1199 2594 1372 2675 quod
1429 2596 1663 2660 saltem
1719 2595 1804 2660 ad
1858 2595 2240 2661 concordiae
2296 2597 2589 2685 studium

622 2684 827 2747 animi
871 2692 1029 2747 sunt
1071 2681 1380 2757 revocati,
1438 2690 1632 2761 atque
1674 2682 1769 2745 ita
1814 2681 2182 2763 compositi,
2239 2693 2313 2746 ut
2358 2683 2439 2747 ad
2486 2705 2588 2749 ce-

623 2767 910 2833 dendum
956 2767 1297 2833 inclinent.

794 2855 857 2918 N
862 2876 946 2919 on
969 2866 1068 2919 est
1103 2875 1221 2919 cur
1252 2852 1616 2918 Ludovicus
1633 2850 1691 2934 ι”)
1727 2849 1809 2916 dc
1842 2852 2069 2918 liberis
2100 2853 2171 2917 in
2216 2857 2590 2937 praesentia

620 2942 710 3006 sit
753 2940 1089 3006 sollicitus.
1193 2938 1441 3004 Filium
1490 2936 1819 3003 Dominus
1874 2938 1955 3002 ad
2002 2959 2072 3004 se
2115 2942 2394 3022 recepit,
2452 2941 2591 3005 filia

618 3025 786 3092 bene
831 3026 1026 3103 valet,
1089 3024 1203 3090 sed
1247 3045 1381 3089 non
1441 3032 1543 3087 est
1586 3032 1780 3089 extra
1828 3024 2218 3105 periculum.
2307 3025 2414 3092 De
2457 3027 2589 3092 illis

620 3110 1002 3195 ableg-andis
1048 3109 1266 3187 nulla,
1328 3108 1497 3192 quod
1543 3110 1775 3187 sciam,
1831 3111 2079 3175 mentio
2123 3112 2353 3176 fuerat.
2444 3115 2587 3178 Au-

621 3197 780 3263 disti
824 3205 1065 3271 autem,
1122 3197 1375 3279 opinor,
1417 3193 1995 3279 ptochotrophium
2049 3205 2349 3263 nostrum
2404 3209 2588 3281 peste

618 3292 871 3348 tactum
917 3303 1078 3361 esse,
1124 3279 1237 3346 sed
1282 3280 1435 3363 quia
1479 3301 1706 3345 omnes
1751 3282 1819 3344 in
1863 3303 2099 3365 agrum
2145 3283 2367 3349 emissi
2412 3295 2586 3362 sunt,

617 3369 752 3433 iam
797 3389 933 3432 non
976 3369 1102 3432 erit
1145 3366 1325 3432 locus
1381 3367 1760 3450 contagioni
1817 3377 1894 3431 ut·
1952 3368 2097 3433 fuit.
2186 3369 2586 3453 Priusquam

619 3452 1045 3519 adhiberetur
1088 3451 1450 3516 remedium
1469 3504 1486 3530 ,
1547 3450 1829 3517 sedecim
1875 3460 1992 3518 aut
2033 3454 2297 3520 circiter
2340 3455 2587 3522 mortui

618 3549 793 3605 sunt.
883 3540 948 3602 A
992 3536 1188 3603 biduo
1232 3537 1403 3602 nihil
1447 3539 1606 3603 novi
1648 3538 1807 3603 mali
1852 3540 2136 3605 emersit.

793 3623 898 3688 De
944 3622 1338 3704 Frasckesio‚
1359 3624 1417 3705 ⁶)
1460 3622 1586 3689 hoc
1632 3632 1775 3688 erat
1819 3645 2041 3690 meum
2083 3626 2448 3702 consilium,
2510 3634 2587 3692 ut

622 3710 787 3776 duos
831 3710 963 3775 huc
1008 3708 1315 3793 legaretis
1370 3730 1455 3773 ex
1510 3718 1699 3774 coetu
1755 3720 2011 3792 vestro,
2071 3713 2183 3795 qui
2238 3732 2458 3778 coram
2503 3710 2585 3776 de

613 3798 760 3863 eius
841 3797 985 3862 vita
1071 3795 1500 3877 inquirerent.
1623 3795 1861 3862 Nescio
1956 3805 2178 3880 autem
2267 3796 2425 3881 quid
2511 3799 2585 3863 in

617 3890 907 3948 mentem
958 3881 1140 3947 vobis
1187 3881 1475 3958 venerit,
1529 3887 1607 3946 ut
1661 3881 1762 3945 illi
1806 3883 2024 3965 potius
2084 3883 2584 3949 committeretis

614 3969 781 4035 istas
825 3974 1063 4051 partes.
1154 3966 1467 4032 Nondum
1501 3966 1585 4032 ad
1628 3988 1735 4033 me
1778 3970 1994 4033 venit:
2041 3970 2383 4036 audiemus
2428 3969 2585 4052 quid

613 4061 815 4139 petat,
863 4062 931 4118 et
975 4059 1149 4131 tunc,
1209 4052 1384 4136 quod
1426 4074 1466 4118 a
1521 4053 1705 4119 vobis
1761 4054 2076 4121 omissum
2134 4063 2267 4132 est,
2328 4056 2584 4121 duobus

617 4161 756 4205 non
800 4139 1122 4223 suspectis
1163 4138 1621 4205 mandabimus
1663 4141 2034 4225 negotium,
2095 4148 2169 4206 ut
2224 4142 2297 4205 in
2340 4141 2585 4208 vicinia

617 4226 979 4309 inquirant.
1070 4224 1326 4291 Saltem
1370 4223 1541 4290 hanc
1584 4226 1906 4292 rationem
1967 4226 2141 4311 apud
2187 4248 2293 4294 me
2336 4227 2580 4294 consti-

617 4314 737 4392 tui,
779 4333 974 4396 quam
1016 4311 1164 4376 aliis
1208 4331 1463 4394 quoque
1502 4310 1853 4393 probatum
1895 4313 1980 4376 iri
2022 4313 2296 4379 confido.

792 4398 1187 4480 Quanquam
1249 4395 1604 4463 Zebedaeus
1669 4397 1791 4462 tibi
1845 4397 2002 4481 quid
2055 4421 2314 4466 mecum
2370 4399 2584 4483 egerit

617 4484 863 4549 referre
897 4483 1038 4566 ipse
1070 4490 1304 4566 potest,
1344 4490 1564 4548 tamen
1599 4483 1824 4565 paucis
1857 4484 2176 4551 indicabo.
2247 4483 2581 4566 Quoniam

620 4568 1000 4651 ‚Philippum
1042 4570 1204 4635 satis
1248 4568 1557 4635 idoneum
1599 4568 1946 4650 iudicabat,
2007 4592 2202 4654 quem
2246 4570 2319 4636 in
2362 4570 2581 4637 locum

617 4676 813 4721 suum
857 4655 1205 4733 sufficeret,
1262 4656 1665 4721 tentavimus
1707 4655 1849 4722 eius
1906 4657 2235 4735 animum,
2290 4678 2451 4722 num
2495 4656 2581 4722 ad

799 4828 1030 4837 --——-

822 4945 887 5003 4)
925 4946 1048 5000 Imo
1080 4961 1169 4999 res
1201 4949 1315 5000 tum
1361 4948 1621 5014 temporis
1666 4947 1912 5012 confecta
1955 4962 2301 5018 nequaquam
2344 4947 2480 5014 fuit,
2529 4953 2582 5002 et

617 5016 688 5069 lis
722 5015 932 5070 demum
970 5015 1069 5069 sub
1102 5015 1260 5080 finem
1300 5015 1569 5069 Ianuarii
1599 5012 1738 5069 1544
1771 5015 2020 5070 div-emta.

824 5084 888 5150 5)
932 5083 1124 5138 Utrum
1159 5084 1246 5139 hic
1291 5082 1660 5152 Trepperellus
1692 5086 1942 5139 minister
1974 5085 2298 5155 deciqnemr,
2334 5101 2411 5140 an
2444 5086 2582 5140 civis

617 5154 821 5222 aliquis
859 5154 1284 5207 Lassannensie
1329 5156 1485 5208 euius
1530 5154 1692 5209 lateri
1727 5153 1975 5208 Gamerae
2019 5155 2421 5221 educabantur,
2466 5171 2582 5209 non

613 5236 656 5275 a
732 5228 867 5276 aret.

653 5237 729 5291 pp
825 5290 887 5356 6)
927 5291 1078 5346 Hinc
1124 5290 1240 5345 dies
1287 5290 1453 5345 datae
1496 5291 1664 5346 huius
1706 5291 1970 5360 epistolae
2002 5292 2322 5361 eliciendus,
2371 5294 2425 5347 sn·
2456 5308 2580 5348 eum

607 5362 854 5415 caeteris
886 5360 1140 5427 conferas
1174 5374 1315 5430 quae
1348 5359 1416 5415 de
1449 5360 1632 5417 eodem
1664 5364 1788 5416 viro
1826 5366 2014 5432 ayunt

2198 431 2730 501 EPIS'POLAE
2778 434 3114 495 501—504

4541 437 4661 497 616

2711 620 3289 686 commutationem
3334 618 3569 686 adduci
3609 629 3844 703 posset.
3932 622 4301 705 Respondit
4357 622 4663 703 breviter,

2712 727 2783 771 se
2827 706 3124 789 quidem,
3186 706 3240 770 si
3285 705 3381 771 ita
3423 705 3828 785 iuberemus,
3886 708 4022 774 sore
4064 709 4138 773 in
4181 715 4408 774 nostra
4451 717 4664 790 potes-

2711 800 2865 869 tate,
2911 789 3027 855 sed
3071 800 3300 874 sponte
3345 813 3680 875 nunquam
3726 792 4074 860 facturum.
4140 795 4250 860 Ita
4291 816 4474 878 spem
4520 793 4665 861 abs-

2711 878 2866 942 tulit
2915 878 3228 960 privatim
3273 877 3626 961 quidquam
3661 879 3777 945 abs
3813 901 3883 946 se
3921 880 4343 964 impetrandi.
4409 881 4665 949 Verum

2710 964 3018 1029 censebat
3084 964 3476 1043 Zebedacu3‚
3556 964 3686 1029 alia
3748 966 3855 1031 via
3919 987 4065 1033 rem
4129 966 4661 1051 aggrediendam,

2707 1071 2944 1131 nempe
2988 1060 3062 1113 ut
3103 1049 3232 1115 huc
3276 1049 3677 1128 concederes,
3734 1059 3930 1134 atque
3972 1053 4043 1117 in
4090 1074 4397 1119 consessu
4440 1062 4664 1121 nostro

2706 1155 3108 1217 proponeres
3151 1156 3347 1217 quam
3388 1136 3581 1202 iustis
3636 1147 3703 1201 et
3743 1140 4129 1205 necessariis
4186 1139 4401 1205 causis
4442 1138 4665 1222 cupiat

2709 1222 2790 1286 ab
2835 1220 3107 1286 Orbana
3150 1222 3424 1287 ecclesia
3467 1221 3750 1301 liberari,
3796 1223 4032 1289 deinde
4076 1223 4388 1291 adiiceres
4431 1231 4500 1288 te
4542 1244 4662 1307 pro

2707 1308 2922 1388 patria
2966 1308 3199 1371 merito
3245 1328 3386 1372 esse
3428 1308 3808 1387 sollicitum,
3866 1331 3949 1376 ne
3994 1309 4163 1375 bono
4207 1320 4275 1376 et
4318 1309 4496 1375 fideli
4540 1310 4663 1374 mi-

2705 1393 2914 1458 nistro
2960 1391 3440 1470 destitueretur,
3497 1392 3579 1456 ad
3624 1404 3998 1460 extremum
4044 1405 4300 1480 peteres
4343 1403 4417 1459 ut
4462 1395 4664 1478 dispi-

2703 1498 3002 1543 ceremus
3056 1479 3234 1543 inter
3290 1501 3409 1543 nos
3467 1501 3626 1543 num
3681 1489 3901 1563 posset
3943 1483 4087 1546 fieri
4130 1481 4470 1547 commoda
4512 1500 4663 1563 per-

2703 1566 3012 1641 mutati0,
3094 1585 3377 1646 parsque
3397 1567 3450 1645 ⁷)
3532 1565 3688 1632 huic
3751 1568 4213 1632 consultationi
4292 1568 4660 1633 interesses.

2702 1650 2849 1733 Ego
2895 1650 3180 1733 quidem,
3237 1650 3449 1732 quoad
3494 1653 3865 1717 coniectura
3909 1654 4163 1736 assequi
4211 1653 4392 1731 licet,
4449 1654 4662 1736 magis

2704 1757 2955 1811 vereor,
3015 1757 3098 1800 ne
3143 1736 3355 1819 primo
3404 1738 3628 1801 statim
3676 1738 3875 1804 verbo
3920 1739 4218 1804 resiliant
4260 1760 4488 1805 omnes
4532 1740 4665 1803 mei

2705 1821 3010 1905 collegae,
3057 1843 3255 1904 quam
3291 1822 3534 1904 aliquid
3572 1826 3943 1906 extorqueri
3987 1826 4068 1890 ab
4112 1824 4245 1890 illis
4281 1845 4471 1908 posse
4513 1846 4663 1908 spe-

2704 1929 2876 1971 rem:
2924 1928 3079 1971 nam
3117 1907 3389 1973 simulac
3422 1910 3808 1974 mutationis
3845 1911 4017 1976 facta
4052 1911 4178 1976 erit
4220 1912 4490 1990 menti0,
4536 1908 4662 1975 sibi

2703 1993 2978 2074 quisquc
3036 2014 3264 2058 eorum
3322 1994 3608 2073 timebit,
3674 2004 3743 2059 et
3799 2017 3991 2061 nemo
4046 2008 4145 2061 est
4205 1997 4320 2079 qui
4375 1997 4664 2061 libenter

2702 2078 2859 2143 hinc
2902 2088 3179 2143 moveat.
3269 2079 3362 2143 Et
3406 2090 3626 2145 tamen
3684 2081 4001 2146 eiusmodi
4057 2104 4162 2148 res
4208 2094 4309 2147 est
4351 2102 4519 2166 quae
4563 2083 4664 2166 ip-

2700 2183 2923 2228 sorum
2980 2164 3250 2230 arbitrio
3309 2167 3598 2248 permitti
3654 2164 3902 2232 debeat.
3993 2167 4341 2233 Caeterum
4399 2168 4542 2234 sive
4585 2176 4664 2233 ut

2699 2249 3044 2314 consilium
3088 2251 3263 2315 inter
3296 2272 3417 2316 nos
3476 2253 3839 2334 capiamus,
3899 2253 4038 2321 sive
4094 2261 4173 2318 ut
4229 2273 4501 2338 agamus
4546 2253 4661 2318 ali·

2697 2335 2874 2417 quid,
2922 2335 3090 2400 nihil
3132 2336 3370 2401 melius
3414 2338 3611 2411 foret,
3672 2361 3865 2419 quam
3924 2348 3990 2402 te
4047 2340 4177 2405 huc
4235 2339 4661 2405 semel'com·

2697 2442 2933 2486 meare.
3002 2422 3261 2487 Poteris
3308 2436 3524 2487 autem
3551 2425 3793 2503 absque
3837 2425 4087 2490 invidia
4130 2432 4246 2490 aut
4288 2427 4663 2508 suspicione

2697 2506 2852 2584 ulla,
2899 2507 3161 2573 circiter
3205 2509 3574 2591 quindecim
3631 2510 3868 2576 abhinc
3926 2509 4082 2577 dies.
4189 2510 4271 2576 Id
4329 2519 4404 2577 ut
4456 2512 4661 2578 facias

2695 2592 2893 2657 etiam
2940 2601 3138 2677 atque
3195 2594 3396 2659 etiam
3452 2596 3567 2660 abs
3624 2602 3688 2660 te
3744 2603 3913 2680 peto.
4004 2596 4218 2663 Citius
4277 2597 4335 2662 si
4394 2598 4661 2680 poteria,

2695 2699 2771 2742 eo
2815 2678 3069 2744 melius.
3159 2679 3345 2758 Vale,
3392 2681 3484 2744 mi
3524 2681 3745 2746 frater.
3838 2680 4075 2748 Saluta
4128 2703 4356 2748 omnes
4411 2684 4661 2749 amicos

2697 2763 3065 2849 diligenter,
3108 2764 3383 2831 Coelium
3413 2767 3823 2849 praesertim,
3849 2768 4193 2834 Imbmum
4235 2777 4303 2835 et
4326 2767 4661 2849 Ribittum,

2695 2872 2970 2916 uxorem
3015 2859 3083 2915 et
3124 2859 3564 2917 materteram.
3653 2853 3759 2919 De
3794 2854 4216 2921 sublevandis
4258 2856 4663 2941 pauperibus

2694 2937 2810 3003 ubi
2854 2937 3114 3003 veneris
3157 2937 3618 3021 colloquemur.
3640 2939 3703 3015 3)

3618 3108 3903 3176 Ioannes
3950 3108 4269 3177 Calvinus
4313 3119 4487 3179 tuus.

3464 3429 3875 3441 ——t

3595 3675 3747 3747 502.

3219 3827 3630 3897 VIRETUS
3675 3829 4113 3897 OALVINO.

2863 4025 3151 4107 Inquit-it
3204 4027 3281 4092 de
3347 4027 3609 4107 epistola
3672 4028 3948 4110 quadam
4011 4047 4202 4109 quam
4262 4029 4657 4110 deperditam

2688 4112 3067 4192 suspicatur,
3110 4115 3167 4176 et
3209 4114 3494 4193 queritur
3536 4114 3612 4178 de
3655 4113 3792 4178 alia
3833 4115 4185 4194 intercepta.
4253 4113 4655 4191 Randoesffi

2694 4195 2974 4277 Genesii,
3025 4196 3325 4263 Zebedaei
3367 4199 3606 4281 neyotia
3651 4199 3911 4264 breviter
3951 4201 4216 4283 attingit.

2689 4393 2801 4458 (Ex
2859 4393 3199 4464 autographo
3257 4395 3401 4449 Bibl.
3461 4395 3785 4530 Βθέιεῗίςὲὂ.)
3842 4395 4072 4449 Vratisl.
4125 4396 4237 4451 MS.
4300 4397 4362 4452 Τ.
4422 4396 4523 4450 111.
4584 4398 4653 4450 B.

3564 4480 3599 4517 ο
3620 4504 3634 4518 .
3741 4503 3753 4515 .

2683 4620 2801 4630 -ι,

2893 4738 2951 4807 7)
2993 4740 3085 4791 Sic
3131 4738 3352 4806 leqimus
3398 4742 3574 4793 vocem
3634 4737 3872 4792 dubiam.
3955 4737 4290 4793 Ionm'llaeus
4344 4740 4504 4796 haba
4566 4739 4651 4797 la·

2682 4823 2898 4875 cunam,
2942 4808 3266 4862 Tuo-retinas
3299 4812 3350 4862 et
3377 4808 3578 4877 reliqui
3607 4805 3877 4875 leam-unt.-
3908 4813 4227 4878 posteaque.

2889 4875 2950 4939 8)
2989 4877 3164 4941 Quum
3219 4875 3455 4930 secunda
3520 4877 3794 4929 sententia
3859 4877 4189 4931 arbitrorum
4241 4877 4650 4943 Basiliensium,

2685 4946 2836 5000 cuius
2870 4946 2959 4998 hic
2992 4946 3057 4998 fit
3090 4945 3312 5010 mentio,
3346 4945 3511 4997 missa
3543 4945 3708 4997 fuerit
3741 4962 3813 4999 m.
3852 4946 4001 5013 Sept.
4041 4944 4174 4999 1543
4208 4948 4503 5013 Genavam,
4550 4963 4652 5002 ne-

2685 5031 2835 5069 cesse
2871 5020 2957 5068 est
2974 5020 3036 5095 ut
3064 5031 3135 5096 ρο
3169 5014 3316 5095 illius
3340 5013 3468 5095 anni
3494 5029 3675 5067 mense
3712 5012 3846 5066 haec
3866 5030 3951 5083 cp.
3989 5017 4193 5085 scripta
4226 5015 4313 5069 sit.
4367 5016 4483 5070 Scri
4519 5022 4651 5097 tun

2682 5083 3343 5276 ἰὲῗοῶῐὸἷῖἷῗωωῗῗίἵῖ
3368 5081 4344 5233 ’ἓξζῷῗεῑὲᾎθῖᾱοῗίἓὲωᾞῖωἶ
4357 5101 4472 5207 ⁰135.
4508 5090 4651 5207 :33

2731 5263 2743 5275 .
2788 5237 2911 5275 eum
2955 5222 3065 5274 iam
3113 5221 3388 5275 Genavam
3438 5236 3653 5274 venisse
3699 5221 3903 5286 munit,
3957 5223 4206 5286 quamvis
4241 5239 4365 5276 eum
4398 5222 4651 5277 nondum

2684 5290 2901 5344 viderit.
2953 5290 3203 5360 Epistola
3236 5305 3368 5343 vero
3401 5288 3533 5343 data
3565 5289 3636 5343 ad
3770 5295 3918 5344 tores
3940 5291 4354 5345 lausannenses
4391 5290 4485 5357 [N.
4506 5288 4647 5360 5041

2684 5360 2817 5429 quid
2852 5360 2921 5414 de
2955 5376 3022 5415 eo
3057 5359 3269 5429 egerint
3302 5364 3541 5428 exponit.
3614 5306 3923 5425 (fxv-etin
3964 5359 4093 5416 eod.
4128 5359 4277 5427 111.)
