5050 6167
557 384 688 450 283

557 571 685 637 etsi
726 591 832 636 res
872 572 1019 651 ipsa
1057 566 1247 634 illum
1288 567 1446 632 satis
1488 562 2004 639 commendabat,
2049 562 2168 628 tibi
2209 583 2505 646 praeser-

557 658 683 723 tim
746 655 997 721 homini
1060 665 1131 719 et
1182 653 1442 719 literato
1497 660 1569 717 et
1621 670 1775 717 vere
1831 649 2185 715 christiano
2238 658 2309 716 et
2361 649 2505 715 eius

556 742 981 819 amicissimo,
1037 746 1259 803 tamen
1313 738 1531 803 visum
1587 743 1689 803 est
1743 734 1911 800 mihi
1964 735 2035 800 in
2092 741 2280 800 tanta
2321 753 2505 800 occa-

556 828 739 894 sione
804 824 1048 909 aliquid
1112 826 1311 889 etiam
1376 821 1955 890 commendationis
2029 822 2171 886 eius
2237 822 2504 886 nomine

556 911 851 978 adiicere.
941 913 1036 977 'I'e
1078 911 1284 994 igitur
1322 931 1435 974 oro
1484 918 1682 992 atque
1724 906 2030 986 obtestor,
2085 916 2162 971 ut
2201 907 2342 972 eius
2388 926 2504 971 ne-

557 1000 807 1084 gotium
854 996 1125 1080 perinde
1168 996 1488 1079 suscipias
1530 1016 1606 1060 ac
1647 995 1703 1059 si
1747 1003 1861 1059 tua
1903 1013 2010 1058 res
2048 993 2316 1057 omnino
2351 1011 2506 1075 age-
2561 984 2567 995 '

556 1092 761 1150 retur.
852 1082 1141 1149 Difficile
1184 1090 1317 1160 est,
1376 1082 1610 1157 fateor,
1667 1079 1791 1145 hoc
1843 1079 2131 1143 maxime
2190 1087 2502 1159 tempore,

556 1191 760 1252 quum
814 1168 896 1235 de
950 1170 1140 1234 istius
1197 1166 1507 1233 ecclesiae
1566 1179 1717 1231 tuae
1769 1164 2244 1230 instauratione
2288 1172 2504 1229 tanto-

550 1276 715 1340 pere
757 1254 1186 1322 laborandum
1239 1262 1370 1331 est,
1427 1253 1573 1319 istis
1628 1251 1825 1317 rebus
1868 1260 1933 1316 te
1974 1250 2347 1327 immisceri,
2391 1248 2506 1315 sed

556 1350 781 1407 tamen
805 1362 922 1425 pro
965 1341 1156 1406 solita
1197 1340 1471 1404 caritate
1511 1350 1628 1403 tua
1671 1337 1753 1403 ad
1798 1337 1992 1402 amici
2026 1346 2094 1401 et
2133 1336 2355 1401 fratris
2398 1357 2507 1418 op-

556 1427 706 1492 timi
770 1448 911 1493 rem
987 1424 1304 1491 tuendam
1367 1423 1615 1507 aliquid
1692 1424 2008 1506 temporis
2076 1422 2503 1488 suffurabere.

557 1512 785 1578 Habes
840 1513 989 1579 istic
1044 1511 1372 1576 adiutores
1440 1511 1855 1592 fautoresque
1918 1509 2200 1591 optimos
2219 1558 2233 1581 ,
2299 1528 2505 1590 quum

574 1598 857 1664 Viretum
907 1608 1206 1663 nostrum
1226 1648 1240 1675 ,
1307 1608 1451 1662 tum
1505 1597 1722 1680 ipsum
1780 1594 2161 1659 Gulielmum
2216 1594 2329 1676 qui
2382 1593 2507 1657 fuit

558 1682 1111 1755 Michaelisocius.
1132 1686 1180 1763 ¹)
1223 1703 1354 1748 non
1375 1681 1487 1748 ille
1509 1679 1772 1765 quidem
1806 1683 1877 1745 in
1920 1679 2115 1745 rebus
2144 1677 2503 1755 turbandis,

556 1768 674 1836 sed
738 1769 949 1853 quoad
1012 1769 1226 1852 potuit
1281 1765 1695 1833 adiuvandis.
1803 1766 1935 1832 Hic
1996 1775 2220 1831 autem
2284 1776 2508 1830 noster

561 1853 865 1932 clemens,
921 1855 1034 1938 qui
1088 1854 1209 1920 tibi
1260 1855 1384 1918 has
1440 1853 1664 1919 literas
1706 1850 2007 1927 reddidit,
2063 1851 2122 1916 is
2164 1865 2267 1916 est
2310 1870 2506 1934 quem

560 1940 870 2006 Robertm
911 1940 1071 2007 adeo
1124 1940 1307 2023 cupit
1350 1939 1570 2003 domui
1615 1947 1684 2003 et
1723 1937 1919 2003 rebus
1961 1937 2303 2003 servandis
2360 1957 2506 2002 cus-

555 2026 777 2092 todem
819 2047 1147 2108 praeesse,
1201 2026 1260 2090 si
1302 2025 1485 2090 vobis
1529 2023 1941 2103 commodum
1983 2023 2337 2088 videbitur:
2404 2023 2505 2087 sin

556 2113 796 2187 minus,
843 2111 1171 2176 hominem
1217 2110 1300 2176 ad
1343 2131 1449 2176 me
1492 2110 1826 2175 remittite.
1917 2107 2051 2174 Sed
2087 2108 2167 2174 de
2208 2108 2308 2173 his
2353 2107 2507 2173 hac-

556 2207 769 2264 tenus.
946 2198 1048 2262 De
1092 2195 1337 2262 Far-elza·
1378 2196 1642 2278 negotio
1686 2195 1914 2279 paucis
1956 2194 2191 2277 accipe.
2281 2193 2507 2258 Pridie

556 2304 757 2366 qnam
798 2282 960 2348 haec
999 2282 1082 2348 ad
1141 2292 1207 2348 te
1263 2283 1664 2364 scripsissem
1682 2332 1697 2357 ,
1756 2281 1920 2346 hora
1960 2280 2095 2345 fere
2138 2299 2178 2343 a
2234 2278 2507 2344 meridie

556 2369 786 2448 tertia,
842 2379 1117 2433 venerat
1168 2389 1209 2432 a
1248 2378 1481 2432 senatu
1525 2367 1852 2432 Beruensi
1892 2365 2194 2450 publicus
2236 2365 2507 2430 tabella-

557 2457 698 2520 rius
742 2476 893 2519 cum
936 2454 1177 2527 literis,
1245 2462 1548 2518 senatum
1592 2451 1782 2516 illum
1829 2450 2212 2525 decrevisse,
2257 2459 2335 2515 ut
2378 2448 2506 2516 Fa-

556 2541 773 2618 renus,
827 2541 883 2605 si
926 2540 1117 2604 modo
1160 2540 1287 2624 ipsi
1330 2539 1427 2602 ita
1469 2536 1823 2616 videretur,
1867 2537 1990 2603 hac
2029 2537 2193 2602 urbe
2235 2536 2504 2602 excede-

554 2636 678 2703 ret,
732 2634 1082 2708 propterea
1133 2623 1337 2707 quod,
1383 2632 1461 2688 ut
1513 2623 1713 2707 legati
1766 2624 2236 2689 renunciarant
2253 2674 2269 2702 ,
2337 2622 2506 2687 bona

553 2733 711 2797 pars
754 2710 950 2777 huius
1002 2711 1211 2795 plebis
1264 2730 1415 2775 eum
1467 2709 1692 2774 abesse
1750 2708 2175 2774 vehementer
2217 2718 2500 2792 cuperet.

556 2796 739 2879 Quid
781 2797 1074 2862 facturus
1117 2805 1289 2861 esset
1331 2794 1624 2860 nondum
1666 2795 1826 2859 satis
1868 2794 2249 2860 sciebamus.
2341 2792 2503 2858 Om-

552 2904 674 2949 nes
718 2894 937 2948 tamen
972 2883 1227 2958 fratres,
1274 2880 1599 2946 duntaxat
1631 2880 1745 2963 qui
1790 2880 1897 2944 hic
1938 2888 2260 2963 praesunt
2305 2878 2501 2944 verbo

553 2967 706 3047 Dei,
750 2970 820 3033 in
862 2967 987 3032 hac
1027 2965 1357 3032 sententia
1398 2966 1759 3049 persistunt
1803 2975 1879 3030 ut
1918 2963 2232 3047 Farelltae,
2276 2964 2335 3031 si
2375 2986 2503 3048 quo

550 3054 747 3120 modo
782 3062 1004 3136 posset
1030 3053 1405 3130 consistere,
1442 3049 1550 3118 hic
1585 3057 1962 3134 permaneat
1994 3052 2063 3116 in
2083 3049 2503 3116 administra-

551 3141 733 3205 tione
767 3138 1094 3205 ecclesiae.
1165 3138 1330 3204 Eius
1369 3139 1464 3202 rei
1497 3156 1728 3202 causas
1762 3146 1903 3202 tute
1939 3138 2082 3221 ipse
2115 3139 2275 3204 satis
2309 3138 2499 3202 nosti.

551 3224 697 3290 'Vos
736 3232 956 3290 autem
999 3222 1159 3307 quid
1202 3224 1501 3288 sentiatis
1535 3222 1777 3288 scribes
1817 3222 1899 3288 ad
1934 3245 2054 3289 nos
2087 3223 2300 3306 primo
2339 3244 2500 3306 quo-

550 3330 680 3394 que
722 3319 1030 3392 tempore.
1118 3309 1294 3374 Nam
1337 3318 1406 3374 et
1448 3310 1726 3373 fratrum
1758 3309 2051 3374 concioni
2092 3330 2169 3374 eo
2208 3311 2350 3392 ipso
2395 3308 2501 3374 die

600 3396 889 3461 lacuerat
928 3407 1005 3460 ut
1060 3393 1141 3460 de
1185 3394 1309 3460 hac
1352 3415 1426 3458 re
1467 3393 1966 3460 consulerentur
2008 3394 2322 3461 ecclesiae
2365 3395 2502 3479 gal·

549 3416 801 3560 Reae&
842 3488 1039 3563 atque
1075 3479 1238 3546 adeo
1272 3481 1704 3569 germanicae,
1750 3479 1809 3544 si
1829 3481 2164 3546 commode
2186 3481 2329 3546 fieri
2352 3502 2501 3565 pos-

552 3574 675 3634 set.
763 3566 869 3631 De
930 3565 1259 3650 legatione
1330 3565 1800 3646 Bernensium‚
1865 3576 1933 3631 et
1996 3567 2270 3632 caeteris
2335 3587 2500 3648 quae

548 3663 700 3739 post
760 3650 1116 3717 discessum
1184 3660 1375 3716 tunm
1432 3650 1835 3728 acciderunt,
1909 3653 2151 3736 partim
2214 3653 2500 3719 scribent

549 3737 693 3816 alii,
749 3737 989 3821 partim
1046 3735 1471 3802 nunciabunt.
1558 3736 1731 3802 Mihi
1788 3749 1965 3804 certe
2016 3739 2090 3803 in
2145 3746 2331 3804 tanta
2384 3739 2497 3804 do-

549 3821 743 3889 cendi
797 3842 953 3890 occu
1000 3823 1217 3888 atione
1266 3822 1383 3887 vix
1429 3822 1590 3889 haec
1640 3821 1784 3905 ipsa
1837 3823 2112 3890 licuerat
2162 3823 2497 3890 celerrime

550 3908 855 3975 scribere.
992 3929 1028 3973 e
1061 3928 1168 3973 me
1203 3905 1531 3974 nihildum
1565 3907 1810 3992 placuit
1836 3909 2147 3976 fratribus
2190 3918 2495 3990 statuere,

552 3992 761 4060 donec
802 3992 1049 4059 scilicet
1101 3992 1479 4076 expeditum
1531 3992 1801 4060 videant
1853 3995 1978 4061 hoc
2027 4003 2253 4062 tantae
2309 3997 2498 4063 molis

552 4079 909 4163 negotium.
1014 4078 1219 4144 Virdo
1272 4086 1342 4144 et
1391 4080 1634 4145 nostris
1690 4080 1993 4147 omnibus
2049 4102 2195 4146 meo
2249 4091 2316 4147 et
2366 4083 2497 4148 fra-

549 4171 731 4230 trum
777 4164 1041 4229 nomine
1096 4163 1374 4229 salutem
1417 4164 1629 4232 dicito.
1719 4165 2270 4234 Commendamus
2315 4168 2498 4234 vobis

551 4248 675 4316 hos
717 4257 852 4316 tres
892 4250 1209 4328 aurifices,
1251 4250 1363 4332 qui
1395 4250 1665 4318 Lutetia
1696 4250 1777 4317 ob
1811 4274 2052 4319 nomen
2075 4252 2226 4320 Iesu
2248 4253 2499 4320 Christi

550 4335 815 4421 profugi
855 4344 1029 4401 sunt.
1115 4335 1368 4402 Eorum
1412 4336 1739 4403 fortunam
1782 4337 1890 4405 hic
1931 4348 2155 4406 noster
2198 4338 2499 4406 Clemens

552 4421 744 4489 vobis
784 4441 1056 4487 narrare
1089 4422 1343 4505 poterit.
1410 4420 1597 4487 Vale.
1664 4423 1976 4493 Neocomi
2002 4427 2098 4492 16.
2120 4424 2260 4492 Gal.
2285 4424 2497 4509 Oct.⁸)

1783 4564 1964 4629 Tuus
2007 4562 2373 4631 Gorderius.

599 4778 1824 4864 m1)m0rqu1›anoca‚typ09rapm.

553 4847 1594 5045 mffissssm‘rm
1637 4922 2492 4993 mna-mmmmm

1316 5233 1727 5247 ..ψ

1955 374 2481 444 EPISTOLAE
2528 379 2869 442 356—368

4431 386 4560 450 284

3426 588 3436 601 ’
3504 566 3656 640 857.

2837 717 3248 789 SENATUS
3291 720 3885 791 GENEVENSIS
3931 721 4336 792 SENATUI

3148 824 4018 894 ARGENTORATENSI.

2788 991 3056 1062 Gratias
3099 1001 3291 1080 ayunt
3332 997 3407 1062 de
3452 998 3728 1063 restituto
3769 998 3892 1064 sibi
3940 996 4214 1066 Calvino.

2647 1163 2970 1233 (Exemplar
3002 1167 3372 1221 authenticum
3406 1169 3463 1221 in
3500 1168 3751 1224 Archivis
3786 1168 4080 1224 Thomanis
4119 1173 4519 1241 Argentorati.)

2779 1369 3321 1439 Prudentissimis
3376 1379 3446 1440 et
3485 1373 3864 1441 clarissimis
3923 1375 4086 1440 viris
4129 1376 4361 1443 vicinis
4403 1398 4558 1444 nos-

2608 1454 2731 1519 tris
2788 1465 2855 1520 et
2910 1456 3136 1523 amicis
3201 1457 3555 1542 plurimum
3627 1459 4054 1526 observandis
4111 1460 4431 1547 Magistro
4488 1474 4559 1531 et

2609 1537 2886 1606 Senatui
2929 1544 3398 1628 Argentinensi

3890 1633 4307 1716 Argentinae.
4336 1635 4384 1717 ¹)

2780 1762 3321 1832 Prudentissimis
3399 1774 3467 1832 et
3530 1766 3908 1833 clarissimis
3970 1768 4131 1836 viris
4196 1770 4426 1836 vicinis
4490 1780 4557 1837 et

2611 1849 2833 1914 amicis
2889 1849 3250 1933 plurimum
3318 1852 3743 1918 observandis
3795 1853 4117 1937 Magistro
4176 1865 4245 1920 et
4301 1857 4558 1923 senatui

2610 1934 3085 2019 Argentinensi
3128 1935 3198 2003 S.
3258 1944 3326 2003 et
3382 1937 3764 2020 obsequium
3815 1940 4391 2024 promptissimum.
4479 1940 4558 2010 Si

2610 2021 2786 2085 iusta
2826 2021 3014 2087 nobis
3057 2022 3241 2105 prius
3283 2024 3499 2101 fuerit,
3544 2024 3940 2090 ornatissimi
3985 2026 4130 2102 viri,
4174 2025 4361 2092 vobis
4403 2049 4555 2112 gra-

2610 2106 2737 2171 tias
2781 2106 3018 2190 agendi
3059 2109 3340 2187 occasi0‚
3401 2131 3481 2175 ea
3522 2130 3698 2174 nune
3740 2132 3810 2176 se
3854 2111 4047 2177 offert
4088 2112 4293 2178 multo
4337 2114 4556 2181 iustis-

2611 2191 2807 2270 sima,
2876 2202 3219 2275 postquam
3278 2194 3653 2275 declaratis,
3718 2217 3852 2261 non
3907 2196 4128 2262 verbis
4185 2197 4396 2265 solum
4439 2199 4556 2266 sed

2610 2276 2810 2342 etiam
2854 2299 2926 2344 re
2968 2279 3131 2361 ipsa,
3176 2299 3375 2362 quam
3415 2301 3739 2364 propensa
3779 2290 3999 2347 vestra
4039 2282 4130 2347 sit
4168 2285 4238 2349 in
4282 2305 4402 2351 nos
4445 2285 4555 2351 be-

2608 2361 2999 2443 nevolentia,
3035 2372 3102 2430 et
3124 2385 3321 2447 quam
3356 2376 3580 2433 sancto
3614 2366 3830 2433 studio
3864 2368 4141 2451 cupiatis
4175 2368 4371 2436 rebus
4404 2391 4556 2436 nos-

2609 2448 2730 2513 tris
2773 2449 3016 2532 optime
3068 2451 3467 2529 consultum,
3527 2451 3651 2518 hac
3709 2462 3934 2517 vestra
3976 2475 4108 2536 qua
4149 2455 4219 2519 in
4264 2476 4385 2522 nos
4429 2458 4554 2521 uti-

2609 2534 2774 2598 mini
2818 2534 3223 2601 humanitate
3265 2538 3332 2601 in
3394 2537 3797 2604 restituendo
3845 2538 4100 2605 Calvino
4153 2560 4309 2607 suae
4352 2540 4558 2608 eccle-

2609 2618 2765 2699 siae,
2807 2640 3005 2702 quam
3048 2621 3110 2685 ei
3130 2622 3224 2685 ita
3244 2622 3566 2689 Dominus
3599 2624 4033 2705 commiserat,
4078 2633 4154 2690 ut
4193 2648 4326 2691 non
4368 2626 4558 2694 facile

2608 2706 2903 2788 potuerit
2954 2706 3094 2771 eius
3151 2727 3374 2773 curam
3433 2708 3605 2773 bona
3660 2711 4052 2777 conscientia
4116 2711 4426 2792 abiicere,
4479 2732 4557 2778 ao

2609 2812 2685 2855 eo
2739 2811 2810 2856 se
2863 2792 3125 2874 penitus
3179 2813 3376 2860 onere
3431 2815 3790 2861 exonerare
3841 2795 4017 2878 quod
4080 2798 4281 2863 semel
4344 2798 4558 2864 fuerat

2609 2877 2752 2941 eius
2792 2874 3084 2944 humeris
3142 2899 3181 2942 a
3223 2877 3510 2944 Domino
3568 2881 3964 2963 impositum.
4067 2882 4326 2950 Vestris
4378 2882 4558 2950 haud

2608 2959 2803 3027 dubie
2842 2962 3051 3028 literis
3094 2964 3254 3030 satis
3297 2963 3744 3031 intelleximus
3786 2987 3983 3049 quam
4027 2976 4301 3052 gravate
4344 2969 4557 3036 homi-

2606 3068 2758 3112 nem
2792 3048 3158 3128 amiseritis,
3225 3061 3294 3114 et
3335 3072 3463 3134 quo
3506 3051 3727 3117 animo
3771 3051 3942 3118 bona
3983 3075 4133 3119 cum
4172 3054 4365 3122 venia
4406 3077 4554 3122 ves-

2607 3142 2715 3198 tra
2775 3135 3206 3216 permiseritis
3274 3147 3353 3201 ut
3407 3135 3586 3202 hunc
3639 3159 3832 3203 suum
3889 3159 4157 3223 gregem
4213 3140 4551 3207 reviseret:

2605 3240 2739 3283 non
2780 3218 2955 3301 quod
2984 3222 3424 3304 gravaremini
3465 3221 3534 3287 id
3577 3223 3763 3288 nobis
3806 3235 4138 3307 praestare
4179 3226 4391 3303 officii,
4436 3224 4554 3293 sed

2605 3302 2777 3386 quod
2821 3304 3006 3371 vobis
3049 3303 3230 3372 aliud
3265 3328 3397 3372 non
3437 3315 3699 3374 vestrae
3753 3308 3966 3375 solum
4005 3309 4121 3375 sed
4177 3317 4243 3376 et
4283 3312 4551 3378 univer-

2606 3410 2718 3455 sae
2763 3388 3075 3456 ecclesiae
3115 3393 3469 3458 necessitas
3529 3392 3804 3460 suadere
3862 3395 4220 3462 videretur.
4329 3400 4550 3480 Argu-

2605 3486 2844 3553 menta,
2889 3475 3123 3559 quibus
3165 3478 3563 3561 persuadere
3617 3481 3943 3545 conamini
3999 3502 4200 3564 quam
4255 3481 4322 3547 id
4378 3483 4552 3553 futu·

2603 3582 2753 3627 rum
2796 3562 2884 3627 sit
2924 3563 2996 3627 in
3040 3584 3182 3629 rem
3225 3563 3533 3629 ecclesiae
3575 3572 3651 3629 ut
3692 3565 3863 3648 apud
3905 3587 4024 3632 vos
4068 3575 4361 3647 maneat,
4415 3590 4550 3635 non

2604 3656 2847 3713 temere
2901 3647 3287 3715 damnamus
3345 3660 3462 3715 aut
3529 3670 3704 3714 vana
3768 3672 3908 3717 esse
3973 3652 4368 3719 iudicamus:
4435 3653 4550 3721 sed

2603 3754 2731 3815 quo
2773 3733 2985 3817 magis
3020 3733 3161 3799 eius
3195 3736 3632 3817 praesentiam
3668 3734 3857 3801 vobis
3892 3741 4328 3805 necessariam
4372 3740 4549 3805 affir-

2601 3818 2814 3897 matis,
2860 3840 2937 3884 eo
2973 3821 3184 3904 magis
3217 3828 3510 3886 nostram
3546 3820 3734 3886 nobis
3777 3825 4230 3890 necessitatem
4275 3825 4356 3891 ob
4398 3845 4548 3892 ocu-

2601 3904 2700 3970 los
2734 3903 3300 3989 contemplandam
3337 3906 3595 3989 ponitis,
3630 3916 3699 3972 et
3729 3909 3944 3993 magis
3977 3919 4277 3975 nostrum
4321 3932 4549 3978 accen·-

2603 3988 2758 4055 ditis
2802 3990 2942 4055 eius
2996 3989 3323 4056 retinendi
3379 3990 3790 4056 desiderium.
3887 3993 4071 4061 Nihil
4129 3996 4306 4061 enim
4357 3996 4548 4063 isthic

2601 4082 2934 4159 praestare
3022 4082 3217 4154 otest,
3273 4075 3444 4159 quod
3503 4077 3607 4143 hic
3652 4099 3785 4142 non
3828 4082 4031 4162 possit
4070 4081 4280 4148 multo
4319 4104 4547 4149 cumu-

2602 4160 2816 4225 latius.
2926 4097 3019 4225 Np
2992 4181 3100 4225 am
3164 4170 3622 4245 praeterquam
3687 4165 3859 4246 quod
3903 4164 4146 4233 ‘sacras
4207 4170 4548 4236 conciones

2603 4267 2734 4310 non
2791 4266 3022 4329 parum
3077 4248 3358 4330 acceptis
3412 4267 3452 4311 a
3504 4248 3790 4315 Domino
3851 4251 4235 4319 coelestibus
4289 4253 4549 4321 dotibus

2602 4337 2957 4397 ornaturus
3020 4341 3147 4410 est,
3209 4331 3388 4398 dictu
3452 4334 3828 4400 incredibile
3891 4346 4202 4419 quantum
4283 4339 4548 4406 scholae

2602 4424 2861 4482 nostrae
2904 4417 2993 4481 sit
3033 4417 3577 4498 commodaturus,
3632 4432 3699 4484 et
3755 4441 3950 4503 quam
3991 4424 4121 4489 late
4165 4424 4547 4508 praelectio-

2602 4523 2763 4566 num
2806 4501 2948 4568 eius
2983 4502 3393 4587 spargendus
3436 4504 3523 4570 sit
3564 4505 3827 4572 fructus.
3916 4506 4111 4589 Quod
4153 4510 4212 4576 si
4253 4533 4375 4577 sua
4415 4532 4547 4594 qua

2600 4586 2804 4670 pollet
2864 4588 3191 4655 scribendi
3257 4588 3564 4656 facultate
3622 4590 3959 4657 ecclesiam
4014 4593 4264 4661 Christi
4319 4595 4544 4663 aedifi·

2601 4691 2750 4737 care
2791 4673 2981 4751 velit,
3039 4694 3176 4739 non
3230 4676 3448 4740 minus
3492 4675 3603 4743 hio
3646 4697 3844 4761 quam
3884 4678 4082 4747 isthic
4124 4682 4184 4746 ei
4228 4681 4345 4747 otii
4386 4702 4544 4768 sup-

2599 4765 2792 4841 petet,
2839 4756 3138 4825 dabimus
3183 4781 3264 4826 ue
3324 4781 3586 4843 operam
3641 4771 3716 4828 ut
3765 4785 3965 4847 quam
4007 4767 4354 4833 minimum
4398 4768 4543 4837 fleri

2600 4842 2841 4952 poterit
2882 4846 3022 4912 eius
3064 4868 3106 4911 v
3173 4845 3367 4912 etudo
3424 4853 3747 4914 atteratur
3788 4860 3906 4916 aut
3947 4860 4260 4937 gravetur
4299 4853 4540 4921 labori·

2641 5012 2769 5074 857.
2804 5014 2864 5077 1)
2903 5013 3157 5069 Ordonne
3200 5016 3270 5069 de
3301 5015 3438 5071 faire
3473 5034 3574 5087 par
3605 5020 3813 5090 escript
3845 5022 3941 5076 des
3977 5024 4384 5079 remex-cimento
4417 5042 4452 5079 a
4484 5026 4542 5080 ln

2597 5083 2915 5152 Seignenrie
2940 5084 3023 5166 'de
3059 5084 3204 5207 Sti-g.
3252 5085 3322 5138 de
3365 5102 3428 5139 ce
3476 5086 3593 5167 quil
3637 5088 3756 5142 lem·
3790 5106 3825 5143 a
3859 5091 3984 5173 plen
4019 5108 4155 5146 nous
4189 5094 4381 5148 laisser
4411 5110 4539 5164 per-

2595 5159 2796 5206 mettre
2830 5169 2987 5207 venir
3022 5153 3116 5206 110·
3185 5154 3325 5207 ehan
3362 5153 3583 5217 Calvia,
3628 5156 3709 5211 les
3751 5167 4082 5215 avertissnnt
4132 5163 4246 5230 quil
4292 5167 4380 5217 est
4422 5174 4537 5217 tre·

2494 5242 2501 5255 ·
2594 5221 2818 5290 propiee
2861 5238 2930 5275 en
2976 5228 3123 5276 ceste
3166 5223 3335 5293 eglise
3380 5230 3440 5276 et
3473 5240 3580 5292 qne
3613 5241 3684 5279 en
3715 5227 3872 5282 icelle
3907 5236 3994 5282 est
4026 5234 4219 5285 retenn
4254 5230 4422 5302 (Bea-
4458 5233 4540 5289 ἡ

2599 5288 2760 5345 Gom.
2795 5288 2877 5344 16.
2915 5288 3087 5360 Sept.)
