5050 6167
467 410 583 471 381

463 595 826 661 intentare:
892 616 1095 678 quum
1173 593 1421 661 diceret
1499 616 1571 662 se
1633 593 1995 678 perdidisse
2059 594 2428 679 praeclaros

464 682 682 762 libros,
704 682 936 746 vocavi
955 681 1602 764 impudentissimum
1625 681 2039 747 nebulonem.
2098 680 2428 747 Postridie

466 787 818 852 aggressus
861 775 962 831 est
1002 787 1109 831 me
1154 765 1331 831 domi
1372 786 1560 831 meae
1594 788 1727 832 non
1770 763 1962 832 modo
2005 767 2428 833 contumelio-

467 854 742 919 sissimis
786 852 1025 930 verbis,
1071 852 1186 917 sed
1230 853 1476 917 furioso
1518 853 1802 935 impetu:
1861 873 2007 917 eam
2050 853 2134 917 ob
2169 874 2312 916 rem
2356 855 2428 916 in

467 936 829 1006 custodiam
873 936 1066 1003 datus
1109 946 1227 1003 est.
1330 937 1556 1019 Quum
1610 939 1783 1004 bona
1839 938 1968 1003 fide
2019 959 2136 1020 pro
2190 959 2267 1002 eo
2316 937 2427 1002 de-

466 1045 773 1110 precarer
826 1025 1320 1108 magistratum,
1378 1045 1455 1089 ac
1519 1023 1651 1088 iam
1706 1032 2056 1089 vocaretur
2110 1025 2251 1090 sine
2294 1024 2430 1088 ulla

465 1110 771 1176 molestia
812 1107 1258 1188 dimittendus,
1305 1110 1577 1174 nunciat
1619 1118 1838 1175 custos
1882 1110 2160 1175 carceris
2215 1110 2427 1173 multo

469 1196 753 1262 atrocius
795 1196 998 1260 fuisse
1040 1195 1174 1261 illic
1218 1195 1287 1258 in
1323 1216 1432 1260 me
1469 1195 1845 1277 loquutum:
1891 1196 1987 1258 ita
2021 1216 2156 1259 non
2192 1216 2427 1276 passus

469 1292 571 1348 est
627 1282 754 1347 sibi
808 1281 1150 1357 benefieri‚
1206 1292 1273 1345 et
1327 1295 1548 1346 tamen
1604 1281 1777 1345 infra
1829 1282 2134 1344 meritum
2183 1302 2426 1364 poenas

468 1368 610 1432 luit.
712 1366 905 1446 Quod
958 1375 1176 1430 autem
1232 1366 1565 1431 sublatum
1620 1365 1744 1431 sibi
1805 1366 2052 1449 aliquid
2108 1367 2423 1448 queritur,

470 1463 661 1519 vetus
728 1461 828 1517 est
893 1452 1035 1517 eius
1097 1452 1446 1518 cantilena.
1536 1451 1686 1516 Non
1752 1460 2009 1535 poterat
2072 1451 2228 1515 olim
2294 1450 2424 1516 tria

468 1558 785 1623 passuum
828 1536 1039 1602 millia
1081 1540 1415 1614 conficere,
1460 1538 1624 1620 quin
1663 1536 1981 1602 incideret
2008 1538 2077 1601 in
2115 1538 2421 1602 latrones.

467 1624 727 1705 Ubique
780 1625 984 1688 iactat
1027 1643 1096 1688 se
1137 1623 1379 1688 habere
1420 1642 1730 1706 magnam
1780 1621 2100 1688 librorum
2157 1623 2426 1687 inaesti-

468 1710 809 1775 mabilium
863 1709 1278 1790 farraginem.
1382 1706 1951 1788 Quemadmodum
2004 1706 2206 1771 libros
2258 1708 2426 1772 mihi

470 1791 962 1879 oppignerabat,
1014 1814 1174 1875 quos
1233 1791 1517 1857 habebat
1567 1793 1895 1869 Basileae,
1955 1813 2159 1874 quum
2202 1812 2425 1858 meum

469 1880 793 1947 auxilium
833 1881 906 1943 in
963 1878 1275 1943 solvenda
1326 1877 1615 1943 Badensi
1673 1877 2007 1943 obsidione
2061 1879 2421 1961 flagitaret:

470 1969 562 2032 ita
626 1965 830 2032 semel
893 1965 1186 2041 Bernae,
1251 1985 1452 2045 quum
1519 1984 1558 2027 a
1616 1985 1720 2028 me
1777 1974 1846 2027 et
1905 1963 2155 2029 Farello
2199 1963 2424 2029 decem

471 2061 813 2119 coronatos
892 2059 1175 2132 peteret,
1255 2048 1509 2113 dicebat
1587 2070 1656 2113 se
1720 2047 1962 2114 habere
2028 2048 2204 2113 domi
2273 2059 2424 2114 tuae

469 2159 788 2222 magnum
832 2135 1075 2201 dolium
1119 2135 1462 2210 librorum,
1521 2142 1591 2199 et
1632 2134 2111 2218 quinquaginta
2154 2134 2424 2201 ducatos

469 2223 860 2288 bohemicos.
967 2220 1196 2303 Nuper
1262 2221 1458 2285 etiam
1514 2220 1585 2283 in
1653 2221 1967 2303 cauponis
2020 2219 2187 2284 nihil
2245 2217 2426 2284 aliud

468 2307 904 2392 praedicabat,
947 2327 1142 2389 quam
1186 2304 1473 2370 nobilem
1516 2304 1994 2382 bibliothecam,
2042 2326 2238 2388 quam
2289 2307 2424 2370 Ba-

468 2395 665 2460 sileae
723 2393 1112 2475 reliquisset.
1202 2390 1594 2472 Quanquam
1648 2390 1993 2475 indignum
2046 2399 2162 2471 est,
2222 2399 2299 2456 ut
2343 2391 2424 2456 de

467 2500 615 2545 mea
656 2479 1043 2562 purgatione
1089 2475 1362 2541 verbum
1419 2477 1684 2543 faciam:
1742 2486 1899 2559 puto
1944 2477 2121 2540 enim
2172 2477 2265 2542 sic
2314 2497 2423 2541 me

467 2566 736 2641 vixisse,
782 2572 858 2628 ut
899 2564 1020 2628 sim
1065 2570 1254 2626 extra
1296 2563 1456 2626 furti
1492 2562 1944 2644 suspicionem.
2015 2561 2157 2626 Iam
2195 2562 2423 2627 literae

467 2651 709 2715 iterum
753 2661 1129 2732 poscuntur.
1219 2647 1389 2713 Vale
1445 2648 1690 2730 optime
1747 2655 1816 2713 et
1857 2646 2019 2711 mihi
2062 2647 2424 2729 plurimum

469 2733 877 2802 observande
931 2733 1154 2799 frater.
1252 2732 1581 2798 Dominus
1637 2732 1826 2798 Iesus
1882 2741 1947 2797 te
2016 2732 2249 2815 spiritu
2303 2753 2421 2798 suo

471 2821 556 2887 ad
618 2842 781 2903 opus
845 2841 1037 2887 suum
1103 2839 1361 2901 semper
1416 2819 1687 2903 dirigat,
1747 2840 1822 2885 ac
1881 2829 2060 2883 tuam
2103 2817 2420 2882 familiam

470 2907 810 2992 gubernet.
925 2905 1177 2971 Viretus
1232 2913 1298 2969 te
1351 2904 1706 2987 plurimum
1773 2924 1849 2969 ac
1898 2910 2276 2969 reverenter
2316 2925 2420 2969 sa-

467 2993 653 3059 lutat.
744 2992 1056 3059 Genevae
1099 2996 1192 3054 14.
1241 2991 1438 3055 Mart.

1165 3125 1451 3192 Ioannes
1495 3124 1811 3192 Calvinus
1853 3133 2033 3191 totus
2076 3134 2245 3193 tuus.

1245 3404 1648 3411 .——.-..-——--—

1367 3618 1520 3692 39⁰.

955 3756 1444 3825 MYCONIUS
1488 3755 1924 3824 OALVTNO.

646 3929 899 3998 Calvim'
934 3931 1172 3997 labores
1205 3929 1690 3996 deon-stantiam
1711 3929 2109 4007 conmmendat,
2144 3927 2221 3992 de
2235 3948 2419 4009 prae-

466 4017 743 4083 sentibus
806 4015 1180 4096 συμπαθών,
1245 4016 1321 4081 de
1379 4015 1621 4097 submi-3
1678 4034 1952 4079 securam.
2050 4012 2419 4096 Alberyium

469 4109 658 4169 ndat.
775 4102 1012 4167 Bucen?
1081 4107 1221 4167 ada
1279 4099 1669 4166 Coloniensia
1727 4100 1862 4182 spei
1923 4118 2116 4180 quam
2174 4099 2421 4180 fructus

455 4190 771 4272 pientiam.
864 4186 1130 4253 Gmnitia
1177 4186 1506 4268 Spirensia
1547 4185 1711 4250 nihil
1748 4185 1951 4268 fuisse
1990 4186 2289 4266 queritur.

707 4360 815 4427 (Ex
851 4358 1188 4429 autographo
1224 4357 1368 4412 Bibl.
1407 4356 1609 4411 Gener.
1646 4354 1776 4411 eod.
1814 4353 1931 4422 110,
1967 4353 2059 4408 fol.
2095 4354 2177 4420 8.)

641 4549 774 4613 Dn.
812 4547 1049 4612 Ioanni
1083 4545 1359 4612 Calvino
1403 4546 1544 4611 viro
1593 4542 1965 4609 doctissimo
2000 4542 2420 4626 piissimoque

463 4635 772 4701 ministro
835 4632 1088 4699 Christi
1139 4630 1637 4716 diligentissimo
1701 4641 2105 4715 symmystae
2157 4628 2226 4692 in
2281 4628 2420 4693 Do-

463 4722 650 4787 mino
691 4717 1099 4786 observando
1142 4738 1282 4783 suo.

645 4873 717 4940 S.
773 4874 880 4937 Ex
936 4871 1162 4937 morbo
1226 4870 1531 4935 familiari
1559 4875 1605 4945 ¹)
1671 4869 2018 4935 restitutus
2087 4879 2420 4951 utcunque

466 4960 795 5028 calamum
839 4958 912 5022 in
955 4977 1196 5022 manus
1237 4957 1473 5040 accepi,
1515 4964 1588 5021 ut
1632 4954 1875 5039 aliquid
1919 4954 2002 5021 ad
2046 4964 2210 5033 tuas,
2254 4975 2421 5037 quae

505 5250 637 5312 390.
674 5250 733 5316 1)
775 5249 955 5303 Pestis
997 5246 1213 5302 domum
1263 5246 1515 5317 Myconii
1557 5246 1793 5368 adeoffle
1835 5245 2015 5313 ipsum
2060 5243 2121 5297 ὄπ
2166 5246 2421 5313 suqqem

468 5323 882 5378 concionantur·
915 5319 1198 5372 §manerat
1229 5317 1300 5382 cf.
1340 5314 1669 5381 Kirehhofer
1771 5331 1852 5384 με.
1883 5329 1945 5382 p.
1979 5311 2097 5366 532.

2038 412 2201 473 1542
2237 405 2923 473 MART.·—APR1L.

4367 417 4493 481 382

2532 593 2744 658 multo
2800 593 3214 677 gratissimae
3269 595 3565 674 fuerunt,
3622 596 4102 680 responderem.
4193 601 4326 684 Qui
4369 606 4497 672 tibi

2533 679 2789 744 labores
2833 679 2967 743 sint
3009 680 3281 758 ferendi,
3328 680 3489 745 dum
3532 684 3865 750 instauras
3899 686 4240 752 ecclesiam
4274 690 4491 770 istam,

2532 766 2675 849 ipse
2731 765 2891 830 satis
2945 766 3120 831 novi.
3224 763 3555 833 Dominus
3624 769 3935 835 concedat
4001 785 4074 836 ut
4136 776 4492 855 perdurare

2536 850 2784 928 valeas,
2854 851 3244 933 praesertim
3298 853 3367 916 in
3424 853 3735 919 falsorum
3802 856 4078 921 fratrum
4137 859 4351 925 medio
4407 862 4490 927 de

2533 936 2770 1019 quibus
2847 953 2913 1001 et
2978 936 3274 1001 Farellus
3341 938 3442 1003 his
3519 938 3749 1005 diebus
3820 941 4123 1007 flebiliter
4201 949 4486 1029 scripsit:

2532 1031 2801 1105 propter
2842 1043 2953 1087 eos
3011 1042 3294 1103 namque
3347 1025 3490 1089 sine
3549 1025 3756 1091 Vireto
3798 1039 3863 1090 te
3904 1048 4095 1110 posse
4136 1032 4489 1112 persistere

2534 1107 2798 1172 difficile
2851 1115 3056 1189 putat.
3158 1108 3408 1172 Mirum
3463 1131 3646 1189 vero,
3702 1112 3856 1193 quid
3916 1113 4098 1192 tales,
4144 1127 4488 1200 postquam

2533 1192 2880 1260 Christum
2924 1193 3333 1276 profitentur,
3378 1196 3673 1278 impellat
3716 1209 3790 1260 ut
3846 1200 4157 1264 resistant
4200 1204 4485 1269 veritati.

2531 1277 2914 1343 Adfectibus
2965 1277 3157 1344 malis
3208 1277 3543 1345 exundare
3596 1292 3849 1364 oportet
3902 1285 4138 1366 quibus
4181 1289 4486 1354 satisfieri

2530 1364 2834 1446 cupiunt,
2913 1386 3242 1446 quousque
3320 1366 3585 1430 tandem
3620 1446 3624 1450 .
3663 1365 4093 1434 dissimulent.
4202 1373 4292 1436 Et
4356 1374 4484 1440 nisi

2529 1448 2894 1531 periculum
2939 1452 3108 1514 soret
3149 1451 3404 1514 interea
3438 1452 3765 1530 ecclesiae,
3804 1454 4145 1519 suaderem
4191 1467 4267 1522 ut
4308 1460 4481 1524 sine-

2530 1555 2636 1598 res
2683 1555 2793 1598 eos
2840 1535 2963 1598 hac
3004 1535 3118 1598 via
3159 1538 3474 1618 grassari:
3532 1559 3687 1603 nam
3744 1559 3877 1603 non
3932 1540 4045 1603 diu
4105 1543 4318 1606 ferent
4358 1546 4481 1609 im-

2528 1640 2722 1702 pune.
2791 1621 3123 1702 Expertus
3167 1620 3413 1703 loquor,
3461 1631 3527 1686 et
3568 1621 3740 1705 quod
3775 1625 4071 1707 equidem
4108 1629 4231 1693 feci
4276 1628 4483 1696 liben-

2530 1713 2632 1768 ter
2672 1704 2820 1769 aliis
2862 1704 3121 1782 suade0,
3182 1708 3467 1771 maxime
3511 1716 3859 1790 postquam
3911 1711 4065 1775 finis
4117 1724 4218 1778 est
4260 1733 4483 1781 conse-

2530 1800 2774 1872 quutus
2818 1811 3013 1872 quem
3058 1812 3097 1855 a
3141 1790 3425 1856 Domino
3469 1794 3830 1859 manebam.
3918 1797 4197 1862 Constat
4237 1808 4480 1880 tamen,

2530 1895 2725 1957 quam
2750 1875 2961 1940 multa
3002 1889 3414 1942 succrescant
3455 1878 3726 1956 interea,
3772 1900 3940 1962 quae
3973 1882 4208 1948 deinde
4239 1887 4483 1952 maiore

2529 1960 2913 2025 difficultate
2949 1972 3109 2025 sunt
3143 1961 3583 2045 exstirpanda.
3643 1965 3788 2048 Age
3824 1987 4001 2044 vero,
4046 1967 4481 2036 laborandum

2529 2056 2631 2109 est
2686 2044 2891 2123 nobis,
2956 2046 3269 2128 quamdiu
3324 2068 3550 2114 sumus
3603 2050 3671 2113 in
3731 2049 3854 2116 hoc
3910 2072 4067 2136 agro
4110 2057 4479 2121 constituti:

2528 2140 2785 2195 tantum
2818 2131 2982 2197 illud
3005 2131 3331 2199 Dominus
3364 2133 3704 2219 largiatur,
3740 2146 3815 2200 ut
3849 2138 4100 2204 fructus
4135 2150 4483 2207 enascatur

2529 2218 2641 2299 qui
2685 2216 2810 2299 ipsi
2853 2216 3122 2300 placeat.

2698 2302 3004 2367 Proderit
3060 2315 3287 2368 contra
3339 2324 3578 2387 pravos
3633 2306 3790 2371 istos
3850 2307 4141 2373 amicitia
4180 2311 4480 2377 Bernen-

2529 2387 2721 2465 sium,
2750 2390 2808 2461 2)
2853 2407 3048 2470 quam
3090 2388 3369 2455 feliciter
3410 2390 3924 2475 redintegratam
3958 2392 4150 2459 valde
4194 2395 4475 2479 gaudeo:

2528 2494 2738 2556 neque
2782 2494 2903 2557 ego
2958 2474 3136 2539 solus
3193 2476 3307 2540 sed
3351 2485 3420 2539 et
3461 2475 3752 2543 Bucerus
3788 2499 4062 2543 mecum.
4153 2478 4480 2563 Optamus

2529 2567 2750 2623 autem
2791 2572 2866 2624 ut
2910 2580 2988 2624 ea
3028 2580 3161 2624 non
3205 2560 3417 2625 solum
3463 2572 3862 2644 permaneat,
3908 2562 4023 2628 sed
4056 2565 4127 2629 in
4163 2565 4305 2631 dies
4339 2587 4481 2632 ma-

2528 2645 2632 2728 gis
2673 2665 2749 2709 ac
2790 2645 3001 2729 magis
3044 2645 3381 2712 adcrescat
3422 2646 3492 2710 in
3526 2649 3840 2713 Domino:
3887 2650 3981 2714 sic
4023 2651 4138 2715 fiet
4180 2652 4356 2716 enim
4400 2660 4481 2718 ut

2525 2728 2781 2794 malitia
2822 2730 2955 2795 ista
2987 2730 3217 2797 cedere
3253 2740 3525 2815 cogatur
3559 2733 3925 2817 aliquando.
3995 2736 4285 2802 Tametsi
4319 2759 4479 2804 vero

2526 2814 2844 2898 supplicio
2887 2817 3155 2898 gravius
3198 2818 3421 2884 vivere
3475 2819 3649 2883 inter
3692 2819 4064 2885 huiusmodi
4119 2821 4310 2905 lupos
4363 2845 4480 2888 ex·-

2528 2901 2723 2978 sistit,
2768 2902 3145 2966 consolatur
3188 2923 3294 2967 me
3338 2910 3560 2968 tamen
3603 2904 3774 2987 quod
3819 2905 4067 2985 scribis,
4111 2908 4479 2974 etiamnum

2524 2988 2597 3051 in
2639 3008 2842 3052 manu
2886 2996 3001 3051 tua
3042 3008 3184 3053 esse
3228 2995 3304 3053 ut
3356 2987 3718 3073 abigantur.
3809 2988 3886 3055 Si
3940 2991 4273 3058 ecclesiam
4327 2994 4479 3076 plus

2523 3073 2696 3137 iusto
2739 3092 3035 3155 premere
3068 3074 3498 3156 perrexerint,
3540 3075 3753 3140 facere
3787 3083 4044 3160 oportet
4082 3078 4368 3144 invitum
4411 3088 4479 3146 te

2524 3156 2698 3240 quod
2753 3158 2878 3242 ipsi
2934 3169 3431 3225 commorentur.
3520 3161 3710 3226 Bono
3769 3161 3860 3226 sis
3924 3161 4129 3245 igitur
4189 3183 4265 3229 ac
4326 3164 4479 3230 forti

2526 3243 2777 3309 animo:
2824 3245 2999 3310 nosti
3035 3245 3214 3309 enim
3256 3246 3402 3327 quis
3446 3245 3535 3309 sit
3567 3246 3681 3328 qui
3723 3246 4093 3313 laborantes
4126 3249 4337 3331 ipsius
4379 3249 4476 3316 la-

2523 3327 2745 3394 borem
2789 3328 3049 3395 fortiter
3087 3328 3378 3397 adiuvat.

2696 3416 2759 3480 A
2802 3414 3253 3482 Beruensibus
3309 3416 3475 3481 nihil
3520 3415 3600 3482 de
3658 3416 3868 3484 Virdo
3919 3419 4217 3502 responsi
4259 3417 4479 3488 adhuc

2521 3498 2747 3565 habeo.
2776 3502 2834 3583 ⁸)
2921 3501 3159 3568 Nescio
3217 3503 3328 3584 qui
3384 3503 3502 3567 fiat
3566 3502 3738 3585 quod
3800 3503 4224 3570 tabellionum
4290 3514 4480 3572 tanta

2523 3586 2760 3650 raritas
2826 3594 2943 3652 est.
3043 3587 3314 3669 Aliquot
3376 3587 3757 3671 septimanis
3819 3589 3988 3654 nihil
4052 3591 4476 3674 scripserunt.

2521 3671 2800 3736 Interim
2850 3680 3076 3738 tamen
3117 3692 3357 3757 urgere
3409 3694 3544 3737 non
3587 3670 3901 3753 desinam,
3958 3673 4164 3741 donec
4207 3676 4316 3740 vel
4358 3675 4478 3741 ali-

2523 3754 2679 3839 quid
2723 3757 3014 3835 effecero,
3075 3758 3185 3824 vel
3226 3758 3574 3842 desperare
3616 3779 3829 3844 cogar.
3920 3760 4275 3845 Caeterum
4318 3761 4505 3845 quid-

2524 3842 2626 3906 vis
2669 3840 2749 3907 de
2788 3844 3087 3926 Alberyio
3128 3843 3408 3909 scribam
3421 3843 3452 3906 ?
3519 3843 3759 3910 Nescio
3799 3845 4069 3911 ubinam
4112 3847 4216 3911 sit.
4284 3848 4479 3913 Post-

2523 3947 2720 4009 quam
2753 3926 3005 4012 legatos
3040 3936 3297 3994 vestros
3331 3930 3405 3993 in
3440 3937 3740 3994 senatum
3774 3929 3882 3996 hic
3917 3938 4334 4015 pertraxerat
4365 3955 4479 3998 ve·

2523 4013 2749 4078 niebat
2794 4013 2875 4079 ad
2922 4035 3045 4092 me,
3091 4023 3157 4079 et
3197 4015 3369 4096 quod
3412 4014 3661 4080 factum
3705 4023 3848 4081 erat
3880 4017 4266 4099 exponebat.
4332 4018 4481 4102 Ego

2522 4099 2851 4182 protinus:
2898 4099 3204 4182 profecto,
3250 4099 3526 4183 Alberyi,
3571 4121 3714 4166 rem
3758 4122 4029 4185 gravem
4065 4103 4362 4186 coepisti:
4405 4115 4481 4169 tu

2521 4183 2692 4248 ferre
2736 4204 2873 4248 non
2920 4186 3192 4267 poteris:
3252 4186 3499 4250 bonum
3553 4195 3724 4252 esset
3777 4188 3833 4252 si
3888 4187 4117 4254 relicta
4159 4209 4358 4253 causa
4410 4190 4481 4254 in

2523 4276 2816 4352 tempore
2862 4271 3094 4335 abires.
3182 4270 3355 4335 Mihi
3419 4271 3693 4337 forsitan
3749 4292 3885 4336 non
3954 4271 4483 4356 obtemperasset,

2523 4355 2653 4419 nisi
2693 4355 3154 4421 Amorbachius
3177 4357 3236 4439 ⁴)
3279 4355 3457 4420 idem
3511 4356 3836 4422 suasisset.
3912 4357 4058 4423 Hoc
4108 4357 4316 4442 igitur
4358 4380 4477 4424 au-

2525 4437 2663 4504 dito
2708 4440 3023 4519 discessit,
3067 4461 3176 4506 me
3218 4440 3594 4507 insalutato.
3662 4440 3741 4507 Si
3774 4462 3933 4525 quos
3975 4442 4178 4509 libros
4219 4444 4327 4511 hic
4370 4467 4476 4510 re-

2523 4524 2718 4607 liquit
2760 4545 2882 4609 ego
2926 4527 3162 4605 nesci0,
3221 4526 3395 4609 apud
3441 4548 3547 4591 me
3598 4526 3768 4591 nihil
3822 4549 4112 4610 unquam
4158 4529 4473 4612 deposuit.

2523 4609 2728 4675 Dedit
2760 4611 2924 4676 mihi
2969 4620 3123 4676 ante
3165 4633 3372 4676 annos
3408 4612 3654 4695 aliquot
3696 4613 3953 4697 pignori
3990 4614 4150 4680 duos
4187 4616 4290 4680 vel
4336 4623 4473 4680 tres

2525 4715 2754 4762 aureos
2796 4699 3144 4781 ungaricos
3188 4719 3306 4782 pro
3343 4697 3585 4782 viginti
3617 4697 3768 4780 plus
3812 4700 4027 4766 minus
4049 4700 4278 4766 batziis
4313 4721 4475 4783 quos

2726 4966 2782 5034 2)
2821 4971 3208 5023 ministrorum.

2729 5041 2787 5100 3)
2828 5039 3254 5092 Intercesserant
3301 5038 3645 5093 Basileenses
3686 5055 3791 5109 pro
3840 5041 4020 5094 Vim-eto
4072 5038 4476 5094 Genevensibus

2521 5105 3016 5239 wncedzdgfionif.
3056 5175 3376 5240 Amor-bach,
3403 5175 3554 5243 prof.
3590 5177 3735 5230 iuris
3769 5182 3819 5230 et
3852 5178 4063 5229 eimau
4096 5175 4405 5229 Basiliensi
4436 5191 4473 5230 a

2524 5242 2769 5295 consiliis
2825 5242 3107 5308 iuridicis,
3162 5239 3393 5297 Erasmi
3441 5260 3508 5298 ex
3560 5251 3871 5299 testamento
3924 5245 4130 5298 haeres.
4223 5245 4473 5312 (Adami,

2528 5310 2715 5380 helin,
2757 5311 2987 5366 Kirchh.
3026 5311 3170 5381 Myc.
3203 5329 3260 5381 p.
3295 5311 3416 5367 316.
4032 5346 4038 5350 <
