5050 6167
393 462 515 522 769

554 696 774 763 Fideli
828 697 1080 765 Christi
1142 717 1336 765 servo
1395 697 1481 764 D.
1540 698 1781 764 Ioanni
1839 698 2119 767 Calvino
2168 702 2354 767 verbi

386 782 687 849 ministro

1761 872 2091 938 Genevae.

557 1003 627 1071 S.
701 1004 918 1088 Quem
999 1006 1166 1072 mihi
1230 1006 1701 1073 commendasti
1766 1009 2039 1074 fratrem
2114 1008 2349 1075 lubens

384 1091 697 1157 iuvissem
757 1094 814 1157 si
871 1114 1002 1177 qua
1058 1095 1419 1177 potuissem
1476 1095 1746 1159 ratione.
1860 1092 2053 1174 Quod
2117 1094 2349 1160 scribis

386 1176 467 1242 de
523 1176 836 1244 Ferraria
861 1180 914 1262 ¹)
968 1180 1352 1246 audiveram
1411 1180 1628 1263 aliqua
1684 1201 1769 1244 ex
1824 1189 2043 1263 parte,
2101 1179 2352 1246 scilicet

385 1261 805 1331 Franci-scam
821 1265 880 1347 ²)
923 1286 1066 1332 esse
1110 1268 1178 1330 in
1226 1265 1522 1343 vinculis,
1566 1272 1911 1348 praeterea
1953 1265 2139 1330 nihil.
2207 1267 2348 1331 Do-

383 1348 609 1414 minus
654 1371 772 1416 suo
809 1351 1044 1434 spiritu
1079 1352 1259 1435 piam
1292 1351 1656 1435 principem
1690 1351 1788 1415 ita
1824 1350 2069 1435 dirigat
2101 1358 2180 1416 ut
2212 1373 2349 1417 non

383 1433 446 1499 ei
489 1434 744 1501 accidat
788 1436 962 1519 quod
1006 1438 1152 1503 aliis
1193 1436 1529 1520 plerisque
1563 1438 1982 1520 evangelium
2017 1438 2346 1521 professis,

382 1540 423 1584 a
476 1540 607 1603 quo
664 1542 735 1586 se
794 1523 1057 1605 penitus
1117 1523 1504 1589 alienarunt.
1593 1523 1852 1589 Isthinc
1893 1524 2155 1589 rediens
2196 1545 2347 1589 cum

383 1605 649 1673 Nioozao
693 1607 804 1672 diu
851 1629 997 1673 sum
1040 1609 1473 1691 colloquutus.
1565 1607 1777 1691 Spero
1820 1610 1959 1675 fore
2018 1622 2095 1675 ut
2136 1611 2198 1674 ei
2241 1630 2347 1674 ae-

378 1690 571 1757 cedat
613 1693 860 1776 aliquid
901 1715 985 1760 ex
1029 1705 1148 1760 tua
1190 1694 1452 1759 vicinia.
1541 1694 1749 1760 Dabis
1791 1716 2075 1778 operam,
2133 1695 2348 1778 quoad

377 1778 527 1844 eius
566 1779 710 1843 fieri
840 1780 1025 1857 terit,
1083 1788 1158 1844 ut
1214 1780 1548 1845 hominem
1600 1779 1672 1843 in
1729 1781 1942 1845 officio
1985 1782 2344 1861 contineas,

377 1877 445 1930 et
486 1870 571 1928 ut
611 1864 684 1929 in
806 1865 942 1949 ‘gat
984 1876 1050 1930 te
1093 1864 1337 1931 sentire
1372 1864 1453 1929 de
1494 1864 1816 1949 religione
1851 1874 1918 1931 et
1950 1868 2094 1932 eius
2129 1887 2345 1934 sacra-

377 1950 627 2015 mentis
670 1950 846 2032 quod
888 1971 1118 2016 verum
1163 1950 1472 2015 eeclesiae
1514 1961 1846 2033 pastorem
1893 1953 2093 2018 decet.

557 2035 835 2102 Postero
858 2033 965 2100 die
986 2036 1256 2100 interfui
1278 2039 1634 2103 conventui
1655 2038 2134 2123 Morgiensium
2157 2058 2197 2102 a
2217 2059 2344 2123 quo

377 2122 734 2188 abfuerunt
775 2121 1049 2205 plurimi
1091 2121 1233 2188 eius
1276 2122 1535 2198 classis,
1601 2123 1887 2190 decanus
1943 2132 2013 2190 et
2055 2125 2167 2189 alii
2210 2146 2344 2189 non

462 2208 575 2272 uci
619 2207 734 2290 qui
778 2208 1026 2291 primas
1081 2208 1217 2272 fere
1261 2215 1489 2273 tenere
1539 2208 1865 2275 videntur.
1955 2211 2064 2274 Ex
2107 2211 2344 2275 iuratis

419 2314 511 2358 uo
545 2300 806 2358 tantum
845 2294 1137 2359 aderant.
1205 2294 1457 2359 Aberat
1481 2293 1842 2360 Morandus
1876 2296 2101 2360 uxoris
2146 2314 2346 2361 causa

372 2400 548 2462 quae
624 2378 961 2445 dicebatur
1038 2380 1327 2444 animam
1391 2400 1603 2464 agere.
1729 2379 1908 2461 Quid
1986 2380 2346 2446 obtinuerit

373 2464 690 2530 Enardus
743 2465 823 2530 ab
879 2487 987 2540 eo,
1047 2475 1113 2530 te
1167 2464 1452 2529 arbitror
1504 2465 1928 2531 intellexisse.
2019 2464 2215 2546 Quod
2261 2466 2345 2531 ad

372 2551 718 2633 negotium
745 2550 1121 2616 Carmelitae
1135 2549 1191 2637 ⁸)
1227 2551 1480 2629 attinet,
1518 2551 1765 2634 placuit
1787 2553 2115 2616 sententia
2150 2573 2347 2635 quam

370 2635 548 2701 mihi
594 2637 724 2700 tuis
778 2636 990 2703 literis
1045 2637 1477 2721 significabas.
1568 2638 1740 2701 Eam
1784 2638 2070 2721 primum
2106 2658 2345 2722 propo-

373 2723 481 2786 sui
532 2722 717 2804 quasi
761 2741 978 2786 meam
1021 2722 1402 2805 priusquam
1445 2723 1545 2786 tui
1580 2724 1919 2789 interiecta
1954 2731 2127 2788 esset
2160 2745 2346 2788 men-

371 2809 481 2873 tio.
567 2806 796 2889 Quum
842 2817 1061 2872 autem
1104 2807 1369 2889 quidam
1412 2830 1499 2873 ex
1540 2810 1621 2873 iis
1664 2829 1825 2891 quos
1867 2809 1986 2874 tibi
2029 2810 2347 2891 putabam

371 2895 603 2959 minus
662 2893 884 2958 favere
939 2893 1235 2958 audirem
1289 2904 1474 2958 tuam
1531 2914 1787 2978 quoque
1842 2895 2144 2972 reiicere,
2204 2902 2347 2959 tum

370 2980 602 3063 palam
655 2977 946 3044 indicavi
1003 2978 1280 3043 eandem
1342 3000 1485 3045 esse
1540 3001 1693 3046 cum
1750 3000 1829 3044 ea
1885 3000 2082 3063 quam
2137 3000 2177 3043 a
2240 3001 2348 3045 me

373 3065 745 3131 audierant.

554 3150 639 3214 In
682 3151 795 3214 via
840 3149 1269 3215 Marcunium
1312 3151 1601 3216 salutavi
1613 3153 1671 3232 4)
1728 3173 1768 3216 a
1822 3173 1950 3235 quo
2007 3152 2348 3236 cupiebam

376 3236 613 3303 audire
669 3236 839 3318 quod
907 3255 977 3301 se
1037 3257 1297 3302 meeum
1364 3237 1533 3302 velle
1592 3237 2077 3303 communicare
2129 3237 2350 3303 isthuc

374 3321 680 3390 venienti
727 3321 1004 3387 dixerat.
1091 3324 1187 3387 At
1221 3320 1400 3387 aliud
1436 3330 1578 3387 erat
1626 3343 1824 3405 quam
1865 3320 2037 3406 quod
2082 3343 2349 3405 exspec-

373 3409 619 3474 tabam.
710 3408 1028 3473 Narravit
1086 3429 1156 3473 se
1207 3427 1389 3472 meos
1444 3406 1737 3491 dialogos
1751 3407 1808 3492 ⁶)
1864 3408 2129 3490 legisse,
2187 3427 2348 3490 quos

375 3493 578 3562 valde
643 3493 990 3578 probabat,
1073 3515 1471 3559 enumerans
1550 3494 1831 3559 virtutes
1910 3512 2070 3574 quas
2132 3493 2207 3556 in
2272 3513 2348 3557 eo

375 3579 616 3664 scripti
657 3601 900 3665 genere
944 3580 1071 3645 sibi
1094 3580 1426 3729 (placuisse
1465 3578 1737 3644 dicebat.
1826 3577 2050 3642 Pauca
2088 3598 2232 3642 esse
2274 3578 2348 3641 in

375 3666 618 3750 quibus
663 3666 748 3731 ali
793 3665 909 3730 uid
952 3666 1088 3731 desi
1138 3676 1381 3742 eraret,
1441 3665 1513 3729 in
1557 3664 1784 3747 quinto
1845 3661 2166 3726 duntaxat
2210 3662 2348 3726 dia-

375 3751 552 3837 log0,
596 3751 707 3816 ubi
800 3773 836 3816 e
881 3751 1259 3817 animarum
1301 3751 1618 3818 felicitate
1662 3769 1787 3832 ago
1832 3756 1898 3812 et
1940 3745 2346 3832 angelorum,

377 3836 559 3922 quod
602 3838 866 3902 viderer
910 3838 1164 3921 angelis
1199 3857 1562 3902 moerorem
1600 3834 1890 3899 tribuere
1925 3853 2122 3917 super
2156 3832 2351 3897 malis

377 3922 660 4002 nostris,
729 3925 896 3988 sicut
953 3937 1020 3987 et
1074 3923 1399 4005 scriptura
1456 3931 1735 3987 testatur
1792 3928 2019 3984 nostra
2075 3938 2348 3984 conver-

380 4011 572 4076 sione
651 4009 955 4093 gaudere.
1072 4009 1311 4073 Paucis
1388 4007 1542 4072 huic
1619 4005 1968 4071 obiectioni
2040 4004 2346 4070 satisfeci.

377 4096 692 4161 Alterum
738 4101 879 4159 erat
922 4093 1002 4159 de
1038 4095 1392 4158 infantium
1436 4103 1502 4156 et
1543 4091 1963 4157 obstetricum
2008 4090 2347 4175 baptismo,

380 4199 586 4265 quom
627 4187 966 4265 tantopere
1009 4179 1475 4263 improbarem:
1521 4178 1595 4242 in
1631 4197 1760 4260 qua
1794 4186 1869 4240 tu
1905 4196 2162 4260 quoque
2206 4197 2351 4241 sen-

380 4265 596 4332 tentia
636 4285 736 4342 es,
793 4273 1207 4349 repugnante
1250 4266 1329 4328 iis
1374 4283 1538 4347 quae
1582 4263 1653 4326 in
1698 4262 1862 4327 libro
1907 4263 2349 4328 caeremonia-

381 4441 733 4455 ——-———--——-—-—-
752 4443 791 4448 -.-

421 4557 562 4619 584.
608 4559 671 4622 1)
698 4556 770 4609 Α.
814 4555 943 4608 1543
980 4553 1200 4608 Paulus
1234 4553 1361 4607 111.
1397 4553 1612 4607 cariam
1629 4551 2048 4607 Fero-ariensem
2080 4551 2351 4606 inviserat

380 4631 531 4697 μετὰ
574 4623 767 4688 πολλῆς
816 4627 1126 4690 φαντασίας
1174 4622 1508 4688 (Mmatori,
1560 4622 1765 4676 antica.
1814 4620 1939 4675 Est.
1986 4620 2074 4674 ΙΙ.
2114 4621 2260 4687 382),
2299 4624 2352 4673 et

383 4695 629 4764 tortasse
661 4693 798 4747 haec
823 4692 1014 4772 prima
1044 4690 1159 4757 fuit
1192 4692 1407 4746 occasio
1430 4692 1496 4743 in
1527 4689 1682 4742 illum
1717 4689 1981 4743 ducatum
2014 4705 2141 4743 mox
2173 4688 2345 4743 intro-

382 4764 589 4820 ductae
618 4760 1020 4831 inquis-tionis,
1057 4759 1124 4814 de
1158 4775 1272 4828 qua
1306 4776 1357 4813 v.
1396 4757 1685 4829 Raynaldi
1716 4757 2066 4813 Amalesad
2100 4775 2155 4811 a.
2195 4757 2346 4812 1545.

599 4833 661 4896 2)
702 4830 844 4899 Quis
875 4829 967 4882 hic
1008 4828 1181 4895 fua-it
1213 4829 1503 4882 nescimus.
1582 4827 1668 4880 Tu
1699 4826 1935 4890 tortasse
1981 4825 2047 4879 de
2089 4826 2183 4879 illo
2218 4841 2345 4880 con-

388 4902 677 4957 cionatore
711 4897 1038 4968 cogitaveris
1071 4912 1229 4966 quem
1265 4897 1324 4951 C.
1360 4898 1483 4966 ipae
1515 4895 1646 4949 olim
1677 4899 1966 4949 notaverat
2002 4895 2075 4947 N.
2114 4894 2232 4948 374.

602 4969 660 5037 3)
699 4968 789 5023 De
833 4967 935 5021 hoc
990 4970 1181 5036 postea
1224 4981 1341 5019 non
1386 4965 1561 5020 smel.
1648 4964 1787 5033 Qm’e
1838 4979 1966 5018 vero
2016 4962 2188 5029 suem
2234 4978 2349 5018 non

384 5038 529 5164 εἶναι
559 5042 899 5162 yber-spectum
933 5034 1211 5089 habemus.
1283 5034 1550 5089 Senzousa
1583 5033 1650 5088 de
1683 5034 1911 5088 Bolseeo
1945 5031 2166 5100 cogitat,
2202 5031 2349 5102 quod

467 5123 566 5163 eur
601 5124 697 5162 um
729 5111 827 5162 eet.

605 5176 666 5237 4)
703 5176 919 5244 Nempe
954 5169 1222 5228 Neodnmi
1264 5170 1363 5224 abi
1396 5172 1755 5226 Marem-tiae
1799 5169 2054 5225 ecelesiae
2099 5169 2351 5223 mistos·

389 5249 519 5302 emt
548 5245 682 5301 inde
715 5247 784 5300 ab
821 5261 872 5298 a.
916 5242 1061 5298 1540.
1131 5239 1397 5308 (Riochat,
1433 5240 1544 5295 IV.
1580 5240 1728 5304 480.)
2249 5305 2261 5318 .

607 5316 669 5378 5)
704 5312 1084 5383 Disputations
1132 5310 1526 5377 chi-cetimum,
1578 5310 1646 5365 de
1689 5309 1890 5380 quibua
1937 5307 2052 5362 iam
2105 5321 2347 5375 saeptus.

395 5381 674 5454 GfiOpp.
716 5376 1747 5449 T.IX.p.863etProk99.p.66.

609 5465 834 5524 Calvia-0·
865 5480 1058 5535 opera.
1134 5462 1253 5518 Vol.
1285 5462 1403 5519 XI.

2102 464 2268 528 1544
2308 461 2727 530 NOVEMB.

4303 477 4426 540 770

2456 671 2607 716 rum
2666 650 3302 736 Wittebergensium
3318 651 3375 737 ⁰)
3452 652 3577 718 hac
3641 653 3722 720 de
3796 677 3869 721 re
3934 659 4182 741 scripta
4244 669 4426 728 sunt.

2454 736 2651 802 Hane
2707 744 3000 802 nostram
3059 738 3452 803 sententiam
3508 741 3604 805 ait
3667 739 3861 805 valde
3916 763 4211 827 pugnare
4269 767 4423 814 cum

2453 822 2788 887 sententia
2811 822 3173 906 Augustini
3217 830 3284 888 et
3327 824 3528 891 totius
3569 829 3812 892 veteris
3855 828 4185 896 ecclcsiae.
4252 832 4420 898 Pro-

2453 907 2608 973 inde
2664 908 2921 973 dicebat
2984 929 3056 973 se
3116 908 3454 994 collegisse
3508 910 3828 994 quaedam
3891 912 4207 981 adversus
4271 938 4421 984 mea

2455 1002 2850 1078 argumenta
2892 1014 3057 1076 quae
3101 993 3187 1058 ad
3229 1017 3337 1061 me
3379 997 3701 1062 missurus
3744 1006 3943 1079 esset,
4002 1023 4135 1065 non
4179 1023 4420 1087 repug-

2453 1079 2660 1144 nandi
2704 1079 2821 1145 sed
2865 1080 3271 1144 exercitandi
3316 1083 3561 1165 gratia,
3623 1090 3691 1147 et
3746 1084 3890 1150 eius
3947 1088 4207 1169 generis
4252 1110 4419 1172 quae

2454 1165 2621 1230 solvi
2665 1187 2797 1230 non
2842 1172 3126 1248 possent.
3193 1167 3324 1249 Egi
3369 1170 3646 1251 gratias:
3690 1168 3757 1233 id
3802 1180 3875 1234 ut
3917 1173 4259 1254 perficeret
4301 1195 4418 1241 ve-

2455 1250 2803 1316 hementer
2844 1252 3045 1318 oravi.
3135 1252 3471 1336 Exspecto
3516 1255 3854 1337 scriptum,
3913 1259 4020 1323 cui
4062 1280 4251 1343 spero
4297 1281 4418 1328 nos

2453 1336 2712 1401 facilius
2747 1357 3176 1420 responsuros
3213 1359 3406 1421 quam
3445 1342 3765 1423 opinetur.
3837 1343 4021 1410 Haec
4057 1355 4214 1410 sunt
4247 1367 4419 1429 quae

2452 1422 2522 1486 in
2567 1424 2938 1506 praesentia
2981 1431 3046 1488 te
3090 1425 3257 1490 scire
3300 1425 3498 1491 volui.
3586 1425 3822 1492 Saluta
3865 1430 4122 1496 amicos.
4189 1432 4418 1498 Nostri

2454 1514 2520 1572 te
2566 1516 2634 1572 et
2675 1516 2826 1574 tuos
2870 1528 3100 1576 omnes
3144 1510 3401 1577 salvere
3443 1510 3687 1576 iubent.
3755 1511 3940 1579 Vale.
4018 1515 4417 1584 Lausannae

2455 1596 2513 1658 9.
2561 1593 2879 1660 Novemb.
2933 1599 3115 1661 1544.

3588 1683 3771 1748 Tuus
3819 1685 3897 1750 P.
3946 1684 4242 1753 Viretus.

3364 2141 3519 2215 585.

2936 2278 3439 2348 FARELLUS
3484 2280 3924 2350 GALVINO.

2630 2448 2884 2527 Calvini
2951 2451 3038 2516 ad
3107 2451 3553 2519 Neocomenses
3616 2454 3832 2520 literae
3895 2477 4076 2538 quem
4136 2459 4416 2540 effectum

2450 2535 2796 2602 habuerint.
2886 2536 3262 2604 Metensimn
3301 2559 3406 2604 res
3445 2539 3814 2621 deploratae.

2450 2707 2557 2774 OEx
2612 2708 2950 2777 autographo
2995 2707 3359 2763 bibliothecae
3404 2703 3685 2779 pastorum
3733 2711 4199 2768 Neooomensium.
4268 2716 4414 2786 Epp.

3045 2777 3246 2830 Fareui
3279 2778 3456 2832 fascic.
3492 2778 3560 2832 H.
3599 2779 3665 2832 N.
3702 2778 3815 2848 24.)

2625 2980 3032 3047 Doctissimo
3086 2983 3308 3067 gregis
3362 2982 3612 3049 Ohristi
3672 2987 3918 3068 pastori
3972 2988 4206 3054 Ioanni
4261 2989 4417 3057 Oal-

2454 3067 2615 3135 vino
2659 3067 2850 3133 fratri
2894 3076 2963 3132 et
3005 3075 3412 3152 symmystae
3453 3071 3526 3134 in
3571 3070 3859 3137 Domino
3861 3072 4310 3225 digsgwrxgndo

2628 3288 2704 3354 S.
2766 3290 3043 3355 Utinam
3084 3297 3222 3354 tam
3265 3309 3520 3373 possem
3566 3291 3775 3356 vitare
3820 3300 3889 3358 et
3930 3295 4279 3361 emendare
4335 3317 4416 3362 ea

2456 3395 2735 3458 quorum
2787 3397 2892 3441 me
2947 3374 3259 3440 admones
3318 3383 3386 3439 et
3452 3374 3533 3440 de
3590 3376 3825 3458 quibus
3885 3380 4160 3462 corripis
4216 3402 4416 3465 quam

2455 3468 2695 3543 exopto
2740 3468 2808 3524 et
2849 3461 3016 3525 mihi
3059 3468 3322 3545 gratum
3366 3480 3509 3526 esse
3551 3462 3780 3527 fecisti.
3867 3463 4042 3529 Novi
4090 3465 4214 3530 hoc
4249 3465 4416 3533 mihi

2455 3553 2522 3609 et
2576 3545 2801 3610 amicis
2853 3546 3078 3611 obesse
3135 3546 3526 3629 plurimum,
3595 3546 3755 3612 dum
3808 3569 3940 3614 non
3998 3550 4336 3635 intelligor
4365 3553 4415 3636 ¹)

2455 3650 2659 3712 quum
2722 3630 3093 3695 existimem
3158 3651 3264 3695 me
3332 3632 3550 3697 omnia
3604 3634 4011 3716 apertissime
4073 3635 4414 3703 indicasse.

2454 3714 2602 3779 Iam
2653 3734 2883 3798 sapere
2927 3714 3242 3794 dolerem,
3303 3716 3672 3801 impingens
3717 3740 3975 3802 semper
4016 3722 4087 3785 in
4135 3721 4413 3787 eundem

2456 3799 2760 3884 lapidem.
2850 3800 3305 3865 Festinantius
3358 3822 3561 3883 quum
3609 3802 3842 3868 abierit
3885 3804 4223 3872 Einardus
4265 3827 4413 3890 pos·-

2456 3907 2594 3951 sem
2638 3884 2884 3970 aliquid
2940 3895 3339 3969 praetexere.
3428 3886 3600 3951 Nam
3647 3886 3962 3954 Fatonum
4004 3900 4191 3973 peste
4234 3891 4413 3958 labo-

2456 3979 2713 4036 rantem
2755 3971 2984 4054 procul
3001 3973 3061 4050 2)
3105 3971 3488 4051 invisebam,
3535 3978 3604 4036 et
3629 3973 3934 4038 Thomam
3948 3977 4004 4050 ⁸)
4051 3985 4410 4060 aegrotum.

2457 4055 2754 4134 Gaudeo,
2794 4055 2964 4140 quod
3008 4077 3048 4121 a
3089 4056 3277 4121 nobis
3317 4065 3658 4139 peccatum
3699 4059 3840 4134 fuit,
3886 4080 4003 4141 per
4045 4069 4110 4124 te
4150 4062 4413 4145 plenius

2457 4141 2879 4206 emendatum
2924 4143 3055 4208 tuis
3103 4150 3241 4206 tam
3286 4142 3596 4225 appositis
3653 4143 3881 4220 literis,
3899 4146 3959 4221 4)
4004 4167 4169 4228 quae
4213 4169 4414 4231 supra

2456 4226 2728 4292 modum
2783 4226 3019 4293 fratres
3077 4247 3308 4292 omnes
3349 4229 3850 4307 confirmarunt,
3908 4251 4060 4295 cum
4113 4231 4414 4298 doctrina

2451 4333 2590 4380 non
2634 4313 2892 4397 vulgari
2927 4310 3166 4397 gaudio
3203 4311 3411 4376 multo
3454 4312 3938 4396 perfundentes.
4031 4315 4231 4383 Solus
4275 4326 4409 4384 tor-

2455 4398 2780 4483 quebatur
2824 4399 2936 4480 qui
2977 4399 3273 4482 graviter
3305 4398 3378 4463 in
3400 4397 3823 4482 Bulinyerum
3855 4399 4084 4467 invehi
4127 4403 4409 4484 volebat,

2455 4484 2630 4568 quod
2699 4493 2835 4548 tam
2915 4482 3086 4548 male
3150 4482 3479 4549 ὑποπασὶν
3493 4485 3552 4568 ⁵)
3625 4483 3800 4568 apud
3865 4485 4415 4571 Chrysostomum

2453 4570 2932 4637 convictionem
2967 4569 3143 4634 dicat
3175 4591 3319 4635 esse
3354 4590 3430 4634 ac
3463 4571 3658 4655 legat,
3695 4592 3896 4655 quum
3933 4592 4121 4640 secus
4154 4574 4413 4656 habeat,

2660 4826 2720 4892 6)
2757 4827 2882 4880 Imo
2928 4824 3517 4894 Wirtemberyenaium,
3555 4825 3623 4880 de
3656 4828 3856 4895 quibus
3884 4844 4059 4898 cupra
4092 4830 4319 4900 σαρκο·
4339 4845 4412 4887 0oe

2451 4910 2560 4965 quo
2595 4893 3216 4962 Mombelyardeneibua
3250 4894 3473 4950 obn-adi
3503 4902 3812 4962 coeperunt.

2487 4963 2622 5024 585.
2661 4964 2717 5032 1)
2755 4964 2870 5042 ⁸⁶⁸²:
2902 4978 3010 5044 pro
3044 4979 3191 5018 more
3225 4964 3452 5030 confisae
3485 4964 3745 5044 seribem.
3885 5035 3896 5046 ι

2657 5031 2718 5163 {3
2756 5031 3025 5180 me
3057 5039 3179 5155 af
3213 5033 3598 5157 <ww
3657 5033 3955 5170 ‘imm
3868 5035 4069 5158 ...a
4102 5103 4170 5157 .,.
4205 5105 4405 5171 ...ω

2453 5168 2579 5224 Nm
2657 5238 2718 5301 4)
2755 5186 2975 5293 Nm582
3009 5237 3093 5308 (³)
3144 5238 3244 5320 ij
3287 5239 3638 5308 sequentibus
3681 5244 3865 5294 tamen
3911 5241 4189 5322 callemi-2⁸⁸
4220 5243 4409 5311 potius

2450 5306 2519 5361 de
2553 5312 2930 5444 wageriam
2963 5307 3276 5377 dean-atam
3308 5323 3432 5363 cim
3471 5309 3796 5378 Cap-ammo
3830 5325 3945 5378 aqu.

3921 5464 3991 5518 42
