5050 6167
616 423 744 488 115

1535 604 1684 677 255.

1120 760 1495 831 PARENS
1526 768 1576 841 Ι)
1621 759 2086 829 FARELLO.

800 933 886 1002 Se
939 937 1009 1002 in
1059 934 1308 1003 Calvini
1353 934 1630 1001 absentis
1685 935 1883 1000 locum
1936 935 2254 1016 suffectum
2312 934 2587 1014 nunciat,

620 1043 817 1107 quum
871 1023 1296 1088 modestiorem
1359 1022 1767 1087 conditionem
1822 1021 1965 1086 huie
2028 1020 2280 1084 muneri
2332 1025 2590 1101 pradu-

624 1108 815 1175 lisset.
907 1109 1268 1174 ministerii
1310 1109 1588 1192 diym‘tas
1648 1112 1704 1171 et
1742 1108 2043 1190 yravitas.
2138 1106 2260 1170 Rei
2300 1106 2590 1171 demesti-

623 1213 732 1261 cae
776 1195 1094 1280 anqustiis
1125 1214 1397 1276 pressus
1442 1193 1690 1259 farelli
1733 1192 2052 1258 auxilium
2083 1193 2260 1275 petit.

625 1365 739 1431 (Ex
775 1365 1116 1435 autographo
1150 1364 1526 1419 Bibliothecae
1573 1368 1854 1445 pastorum
1901 1363 2369 1444 Neecomensium.
2439 1362 2586 1431 Apo-

620 1437 834 1505 grapha
877 1436 1151 1489 habentur
1198 1435 1254 1487 iu
1295 1435 1438 1488 Bibl.
1487 1435 1640 1485 civic.
1678 1434 1953 1486 Turicensi
2005 1433 2115 1487 MS.
2154 1434 2219 1486 B.
2254 1431 2357 1485 217
2393 1449 2447 1501 p.
2482 1430 2588 1485 108

1174 1510 1233 1556 et
1269 1504 1416 1572 apud
1452 1502 1741 1556 Simlcrnm
1778 1503 1882 1556 vol.
1917 1500 2030 1568 48.)

793 1674 1050 1740 Pietate
1093 1682 1164 1740 et
1204 1672 1574 1739 eruditione
1615 1673 1912 1756 praedito
1952 1673 2284 1740 Guilelme
2319 1671 2586 1738 Farello

620 1761 808 1827 verbi
849 1761 982 1826 Dei
1024 1761 1333 1827 ministro
1378 1761 1811 1826 Neocomensi

2076 1861 2407 1927 Neocomi.

794 1997 865 2065 S.
936 1998 1159 2081 Quum
1205 2007 1340 2063 tam
1382 1996 1606 2063 scdulo
1642 1996 2002 2082 perscribat
2037 1996 2119 2063 ad
2164 1999 2584 2063 teDominus

627 2083 932 2153 Calvinus
973 2107 1053 2151 ca
1095 2108 1261 2168 quae
1298 2086 1405 2150 hie
1439 2087 1627 2161 fiunt,
1674 2085 1761 2148 mi
1791 2083 2057 2164 Farelle,
2102 2105 2233 2148 non
2272 2095 2375 2148 est
2409 2083 2581 2166 quod

618 2172 688 2237 in
734 2173 830 2238 eis
876 2169 1283 2254 exponendis
1329 2185 1393 2235 te
1451 2170 1699 2235 diutius
1744 2169 2094 2234 detineam.
2182 2171 2361 2235 Puto
2402 2170 2576 2234 enim

621 2278 764 2323 esse
808 2259 994 2322 nefas
1039 2269 1346 2340 agentem
1384 2256 1556 2320 seria
1599 2256 1954 2320 earundem
1992 2276 2212 2320 rerum
2255 2255 2577 2338 frequenti

620 2341 901 2409 subinde
926 2345 1317 2426 repetitione
1362 2343 1825 2420 interturbare,
1872 2342 1974 2407 vel
2021 2341 2241 2424 potius
2284 2342 2576 2406 obrucre.

617 2426 751 2495 Sed
802 2440 1025 2494 tamen
1072 2440 1139 2493 et
1181 2440 1343 2494 sunt
1386 2427 1707 2511 quaedam
1744 2449 1910 2509 quae
1946 2438 2014 2492 et
2052 2427 2167 2491 tibi
2203 2428 2578 2511 siguificare

615 2536 765 2579 mea
807 2516 1165 2598 plurimum
1212 2519 1445 2591 refert,
1501 2523 1569 2578 et
1611 2524 1676 2578 te
1720 2514 1904 2592 seire,
1950 2513 2007 2577 si
2050 2534 2186 2577 non
2230 2515 2429 2590 iuvet,
2475 2526 2577 2578 ta-

616 2622 768 2665 men
838 2600 1229 2667 incommodi
1300 2600 1470 2664 nihil
1537 2598 1892 2664 allaturum
1951 2598 2251 2664 arbitror.
2340 2600 2576 2665 Habeo

615 2687 794 2752 enim
830 2697 897 2752 te
932 2701 1006 2752 ut
1030 2685 1282 2752 Christi
1320 2706 1608 2762 servum,
1655 2695 1722 2749 et
1765 2706 1913 2750 eum
1964 2696 2025 2750 te
2071 2705 2354 2768 agnosco
2390 2687 2576 2751 cuius

615 2794 812 2857 opera
867 2782 933 2837 et
987 2772 1358 2837 ministerio
1416 2771 1724 2855 dignatus
1779 2781 1879 2835 est
1930 2772 2256 2836 Dominus
2322 2772 2425 2835 uti
2490 2770 2574 2835 ad

612 2881 891 2943 regnum
914 2879 1105 2922 suum
1130 2858 1624 2941 propagandum
1671 2865 1736 2922 et
1778 2878 1967 2922 suam
2012 2856 2349 2922 ecclesiam
2395 2856 2573 2921 aedi·

610 2945 936 3010 ficandam
983 2945 1090 3010 cui
1129 2944 1226 3007 rei
1273 2944 1592 3007 hactenus
1650 2942 1924 3007 intentis
1966 2942 2195 3008 nervis
2238 2941 2570 3007 studuisti.

608 3030 817 3095 Faxit
860 3031 917 3094 is
962 3030 1074 3112 qui
1118 3028 1349 3111 eoepit,
1407 3038 1485 3092 ut
1527 3027 1777 3094 felicius
1822 3025 2034 3093 indies
2078 3049 2332 3113 pergae.
2420 3029 2571 3113 Ego

608 3117 808 3198 paulo
854 3124 1206 3197 antequam
1255 3116 1513 3179 abirent
1552 3112 1759 3178 nostri
1793 3113 2268 3193 Wormatiam,
2325 3114 2569 3181 missus

609 3223 757 3266 sum
817 3200 901 3265 ad
966 3200 1293 3284 evangelii
1352 3199 1935 3283 praedicationem,
1992 3200 2285 3284 mihique
2327 3223 2567 3268 manus

607 3297 767 3352 sunt.
809 3286 1158 3370 impositae
1201 3285 1513 3351 aBucero
1554 3296 1623 3350 et
1662 3283 1922 3351 Calvino
1958 3286 2178 3364 simul,
2219 3286 2413 3353 XIV.
2459 3286 2567 3352 die

608 3371 918 3438 Octobris
962 3374 1031 3437 in
1074 3393 1261 3438 sacro
1308 3385 1533 3437 nostro
1577 3381 1906 3437 conventu
1951 3373 2175 3437 statim
2223 3382 2371 3457 post
2414 3394 2566 3439 con-

606 3458 864 3525 eioncm
934 3460 1382 3541 vespertinam
1454 3462 1626 3541 (erat
1678 3469 1899 3521 autem
1955 3457 2094 3524 dies
2149 3457 2564 3546 dominicus),

608 3544 1005 3626 relictusque
1048 3564 1197 3609 sum
1254 3544 1335 3609 ab
1394 3542 1490 3608 eis
1543 3554 1618 3607 ut
1672 3543 1950 3625 pastoris
2005 3565 2282 3610 munere
2326 3547 2567 3631 fungar

604 3628 714 3695 hie
758 3633 1083 3713 tantisper
1125 3629 1283 3693 dum
1329 3628 1540 3694 aberit
1577 3628 1879 3695 Calvinus
1913 3643 2156 3695 noster.
2223 3632 2370 3716 Ego
2405 3653 2565 3698 vero

602 3715 673 3781 id
719 3735 1135 3799 nequaquam
1180 3715 1671 3798 exspectabam,
1729 3715 1861 3780 imo
1907 3737 2062 3781 vero
2106 3738 2372 3799 sperare
2415 3725 2565 3782 tan-

606 3808 747 3866 tum
795 3823 1037 3866 munus
1082 3822 1212 3866 non
1272 3801 1538 3866 fuissem
1594 3822 1822 3880 ausus,
1882 3803 2269 3885 praesertim
2319 3804 2393 3868 in
2440 3803 2566 3870 hae

605 3897 835 3951 nestra
869 3886 1159 3952 ecclesia.
1228 3884 1376 3952 Scis
1411 3896 1630 3953 autem
1668 3909 1832 3970 quae
1859 3887 2033 3970 apud
2070 3911 2174 3954 me
2211 3889 2563 3972 aliquando

601 3993 1068 4056 proponerem:
1117 3971 1652 4038 deliberationem
1699 3974 1874 4037 enim
1913 3974 2115 4039 animi
2160 3976 2289 4039 mei
2335 3976 2564 4058 paucis

602 4059 719 4124 tibi
767 4060 1257 4124 manifestarum
1304 4057 1483 4124 domi
1530 4058 1809 4139 Calvini,
1865 4080 2068 4142 quum
2122 4058 2207 4123 ad
2261 4082 2382 4127 nos
2426 4062 2562 4145 pri-

600 4166 784 4209 mum
835 4145 1225 4220 venisses.²)
1314 4145 1635 4210 Consului
1673 4143 1973 4228 equidem
2020 4153 2084 4211 te
2129 4167 2288 4211 num
2325 4168 2561 4230 operae

599 4231 887 4314 pretium
934 4230 1271 4296 videretur
1314 4243 1388 4295 ut
1429 4231 1510 4296 ad
1554 4243 1861 4315 parentes
1905 4230 2207 4309 redirem,
2254 4232 2563 4299 docturus

599 4337 740 4394 eos,
801 4318 855 4383 si
915 4338 1047 4400 qna
1101 4317 1359 4383 ratione
1419 4317 1562 4381 fieri
1622 4329 1839 4399 posset
1892 4317 1962 4381 in
2008 4316 2324 4397 Domine,
2383 4320 2561 4385 viam

598 4403 901 4468 veritatis
946 4415 1013 4467 et
1056 4402 1474 4487 evangelium
1520 4403 1791 4469 Christi.
1879 4402 2109 4486 Neque
2151 4425 2373 4469 meum
2419 4406 2562 4470 ani-

599 4509 781 4553 mum
837 4489 1035 4553 etiam
1093 4511 1169 4555 eo
1228 4488 1560 4554 videbaris
1616 4486 2013 4572 improbare,
2073 4488 2244 4572 quod
2297 4498 2366 4556 et
2420 4492 2562 4575 ipse

600 4574 922 4640 iudicares
964 4595 1163 4657 quam
1208 4587 1397 4642 caute
1434 4575 1601 4640 mihi
1644 4585 1816 4641 esset
1858 4575 1927 4639 in
1970 4597 2050 4641 ea
2092 4597 2165 4640 re
2209 4575 2559 4661 agendum,

632 4796 764 4857 255.
811 4797 860 4864 1)
898 4795 1031 4849 Nic.
1074 4794 1304 4863 Parent,
1334 4811 1447 4864 pro
1480 4801 1720 4864 tempore
1752 4797 1971 4851 Caluini
2004 4798 2207 4866 collega
2240 4812 2284 4851 s.
2322 4799 2557 4853 adiunc-

596 4870 687 4919 aa
732 4864 798 4918 in
843 4864 1152 4919 ministerio
1206 4871 1389 4920 metm
1437 4865 1723 4920 Gallorum
1765 4867 2157 4934 Argenteo-ati,
2204 4868 2558 4934 postmodum

592 4934 706 5000 fuit
750 4934 815 4987 V.
856 4933 934 4988 D.
972 4934 1058 4987 M.
1096 4935 1255 5002 apud
1278 4935 1693 4989 Neoeomenses.
1754 4935 1853 4989 Ea:
1887 4952 1948 4991 eo
1987 4937 2135 5005 quod
2168 4937 2327 5003 infra
2360 4937 2427 4990 de
2461 4938 2553 4991 de-

596 5003 871 5058 bitoribus
905 5006 1027 5057 suis
1063 5003 1215 5070 dicit,
1252 5004 1491 5069 fortasse
1524 5005 1870 5072 efficiendum
1901 5006 2093 5075 ipsum
2129 5006 2554 5061 Neocomensem

592 5072 802 5138 [ὶιὶεεες
841 5072 938 5127 sed
972 5079 1228 5136 ,arentes
1262 5074 1452 5126 saltem
1488 5075 1609 5128 eius
1636 5074 1771 5129 alibi
1786 5074 2029 5130 locorum
2064 5091 2306 5145 quaeras
2340 5081 2554 5143 oportet

594 5157 762 5209 quum
798 5143 1121 5230 evanqelica
1154 5158 1320 5197 sacra
1356 5143 1602 5198 nondum
1635 5143 1879 5213 amplat·
1907 5145 2085 5212 titisse
2117 5145 2432 5199 videam.

800 5212 860 5279 2)
896 5211 1163 5265 bai-ellus
1205 5218 1289 5266 ter
1332 5214 1552 5267 videtur
1585 5215 1946 5282 Aryentorati
1976 5214 2172 5280 fuisse,
2202 5215 2399 5282 prim
2432 5213 2551 5268 vice

593 5278 779 5334 statim
816 5287 938 5340 post
973 5281 1198 5335 Caluini
1230 5282 1547 5351 adveutum,
1583 5284 1847 5351 secunda,
1885 5284 1963 5338 ad
1996 5284 2118 5338 eius
2150 5285 2401 5352 nuptias,
2436 5289 2546 5336 ter-

592 5348 677 5402 tia
724 5346 1096 5404 Wormaciam
1124 5356 1313 5420 petens
1344 5369 1418 5406 m.
1455 5352 1751 5408 Decembre
1790 5352 1937 5407 1540.

2169 417 2700 488 EPISTOLAE
2746 424 3087 488 255-258

4532 425 4655 487 116

2694 607 3063 692 agendique
3147 608 3418 674 modum
3516 607 4011 692 praescriberes.
4159 607 4657 676 Constitueram

2694 696 2891 759 etiarn
2935 705 3003 760 et
3045 694 3233 774 illud,
3275 717 3383 761 me
3419 695 3666 761 scilicet
3701 705 4187 760 transactarum
4231 705 4492 778 tempus
4534 695 4656 760 ali-

2693 781 2867 863 quod
2904 802 3088 846 mcae
3132 782 3496 847 iuventutis
3538 782 3610 845 in
3653 780 3962 847 docendis
3995 780 4219 863 pueris
4256 800 4545 864 uuquam
4581 782 4656 847 in

2693 866 2776 932 iis
2819 868 2980 932 locis
3022 867 3136 934 ubi
3180 867 3512 932 nihildum
3558 887 3645 931 ex
3690 866 4033 950 evangelio
4078 875 4253 932 esset
4295 867 4652 952 cognitum,

2693 963 2770 1016 ut
2813 954 3012 1017 etiam
3069 954 3315 1037 aliquid
3370 954 3654 1019 facerem
3711 954 3966 1018 fructus
4022 950 4094 1016 in
4149 973 4355 1036 regno
4401 952 4654 1018 Christi

2693 1039 2822 1103 mci
2867 1039 3004 1104 illie
3047 1040 3334 1123 fungens
3377 1039 3822 1123 evangelistae
3863 1059 4158 1114 munere,
4205 1039 4411 1104 donce
4455 1039 4652 1122 paulo

2693 1124 3008 1208 grandior
3050 1125 3122 1189 in
3148 1126 3416 1191 Christo
3460 1126 3689 1202 faetus,
3737 1123 4047 1208 depositis
4093 1124 4196 1189 his
4240 1124 4460 1190 carnis
4497 1147 4651 1191 con·

2692 1212 3108 1293 cupiscentiis
3149 1232 3384 1295 meque
3424 1212 3566 1295 ipso
3610 1212 3962 1295 abnegate,
4023 1210 4239 1293 aptior
4295 1232 4508 1276 essem
4565 1210 4650 1276 ad

2689 1316 2966 1379 regnum
3013 1296 3265 1362 Christi
3320 1296 3889 1373 annunciandum,
3950 1296 4016 1360 id
4073 1304 4176 1361 est
4229 1297 4651 1381 evangelium

2692 1383 3009 1448 veritatis.
3099 1382 3568 1449 Subduxcram
3625 1381 3930 1465 equidem
3984 1380 4066 1446 ad
4111 1389 4376 1465 tempus
4417 1404 4523 1447 me
4566 1383 4647 1450 ab

2692 1467 2815 1534 hoc
2857 1488 3053 1533 onere
3097 1469 3536 1535 annunciandi
3582 1469 3940 1552 evangelii,
3997 1469 4102 1533 eui
4161 1489 4270 1532 me
4323 1468 4649 1551 imparem

2691 1565 2758 1616 et
2800 1555 2976 1619 sensi
3023 1564 3089 1619 et
3132 1557 3358 1621 sentio.
3450 1554 3621 1636 Quis
3656 1556 3835 1619 enim
3874 1555 4206 1620 terrestris
4250 1563 4318 1619 et
4355 1554 4648 1620 imbecil-

2690 1639 2774 1704 lis
2818 1638 3015 1705 homo
3061 1662 3255 1724 agere
3307 1641 3514 1725 possit
3564 1661 3729 1724 opus
3787 1653 3923 1704 tam
3977 1639 4310 1719 divinum,
4367 1641 4647 1707 sublime

2692 1737 2758 1790 et
2796 1726 3109 1805 arduum,
3164 1749 3367 1809 quum
3412 1727 3627 1792 omnis
3673 1726 3866 1791 homo
3910 1726 4195 1791 mendax
4240 1738 4309 1791 et
4350 1727 4647 1793 vanitate

2688 1811 2834 1893 ipsa
2875 1813 3106 1878 vanior
3148 1814 3252 1892 sit,
3298 1821 3366 1878 et
3407 1814 3477 1878 in
3511 1813 3858 1895 ipsissimis
3899 1813 4312 1896 ignorantiae
4357 1814 4645 1880 tenebris

2690 1911 3017 1962 versetur:
3075 1899 3396 1982 quomodo
3442 1908 3690 1964 tantam
3738 1900 4117 1976 veritatem,
4172 1907 4307 1963 tam
4367 1897 4647 1966 solidam

2689 1981 3084 2060 doctrinam,
3151 1992 3417 2067 tamque
3482 1984 3733 2051 claram
3797 1984 4124 2068 evangelii
4186 1985 4343 2050 Iesu
4408 1984 4641 2064 lucem,

2689 2090 2820 2132 non
2867 2069 3008 2135 dico
3052 2069 3199 2136 aliis
3241 2091 3604 2155 proponere
3648 2080 3716 2135 et
3757 2071 4104 2154 explicare,
4150 2069 4267 2135 sed
4301 2071 4504 2136 etiam
4535 2070 4644 2137 vel

2690 2154 2910 2219 videre
2975 2155 3082 2220 vel
3148 2158 3474 2224 sustinere
3539 2156 3785 2239 possit?
3897 2157 4030 2221 Hie
4083 2166 4260 2222 certe
4323 2178 4642 2241 magnum

2686 2239 2813 2304 Dei
2838 2261 3018 2323 opus,
3056 2262 3364 2326 magnam
3405 2243 3545 2308 eius
3581 2264 3740 2326 erga
3775 2242 4077 2308 homines
4111 2242 4643 2309 benevolentiam

2685 2328 3118 2410 agnoscimus
3209 2329 3515 2410 Denique
3570 2337 3638 2394 et
3692 2328 3857 2393 illud
3917 2328 4184 2406 addam,
4241 2349 4373 2393 non
4426 2329 4640 2395 videri

2683 2414 3103 2496 praecipuum
3165 2415 3451 2479 ministri
3507 2415 3694 2479 verbi
3751 2415 3822 2479 in
3890 2414 4012 2478 hoe
4068 2435 4211 2480 esse
4264 2414 4498 2492 situm,
4565 2422 4642 2479 ut

2682 2499 2900 2564 verbis
2958 2498 3222 2581 quidem
3282 2500 3637 2565 annunciet
3696 2500 4145 2584 evangelium,
4205 2502 4333 2565 nisi
4389 2501 4641 2585 etipse

2682 2604 2758 2648 eo
2825 2586 3154 2650 afficiatur
3218 2587 3290 2650 in
3345 2586 3602 2667 corde„
3635 2586 3972 2668 vitamque
4027 2608 4217 2651 suam
4270 2588 4510 2653 formet
4551 2586 4635 2652 ad

2680 2670 2823 2734 eius
2867 2672 3379 2754 praescriptum,
3440 2693 3568 2754 quo
3623 2671 3768 2737 aliis
3822 2681 4047 2738 sancto
4105 2675 4282 2737 vitae
4336 2673 4637 2756 exemplo

2679 2765 2963 2838 praeeat.
3054 2755 3190 2822 Sed
3233 2756 3388 2841 quid
3435 2778 3550 2823 sus
3592 2757 4013 2823 Minervam?
4102 2758 4289 2826 Haeo
4333 2758 4497 2839 dico,
4543 2759 4637 2823 mi

2679 2840 2946 2922 Farelle,
2991 2849 3067 2907 ut
3109 2844 3239 2908 mei
3285 2844 3486 2908 animi
3533 2842 3881 2909 candorem
3930 2842 4192 2910 habeas.
4282 2845 4426 2910 Vae
4467 2844 4637 2911 mihi

2674 2928 2734 2993 si
2787 2950 2917 2995 nou
2974 2930 3374 2995 annunciem
3429 2929 3557 2995 Dei
3611 2928 3889 2996 salutem
3945 2951 4063 3014 per
4118 2929 4464 2999 Christum
4528 2932 4636 3001 Ie-

2674 3033 2850 3079 sum:
2897 3037 3023 3081 vae
3065 3025 3133 3080 et
3174 3015 3343 3080 mihi
3385 3017 3442 3083 si
3483 3015 3793 3099 spiritum
3836 3018 4372 3102 regenerationis
4433 3021 4632 3086 bene-

2673 3100 2893 3165 ficium
2941 3101 3197 3167 Christi
3241 3123 3403 3186 erga
3446 3124 3552 3167 me
3596 3123 3751 3168 vere
3797 3102 3940 3185 ipse
3983 3125 4116 3168 nen
4162 3106 4473 3184 sentiam,
4522 3126 4631 3171 eo-

2674 3208 2800 3269 que
2842 3208 2952 3251 me
2995 3187 3449 3254 sanctificante
3493 3196 3559 3253 et
3610 3189 3694 3253 ad
3739 3189 3908 3254 bona
3952 3210 4148 3274 opera
4192 3199 4632 3270 consecrante,

2672 3273 3062 3354 innocentia,
3107 3274 3395 3340 bonitate
3439 3282 3508 3340 et
3549 3274 3836 3358 puritate
3871 3277 4045 3341 vitae
4081 3277 4230 3342 aliis
4265 3298 4398 3342 non
4444 3299 4629 3360 prae-

2671 3357 2942 3425 luceam.
3031 3360 3133 3424 Tu
3176 3380 3362 3443 ergo,
3415 3361 3512 3425 mi
3554 3362 3639 3426 D.
3693 3361 3963 3441 Farelle‚
4022 3362 4301 3428 admone
4356 3363 4626 3431 obsecro

2671 3445 2728 3509 si
2772 3444 2930 3527 quid
2972 3445 3128 3510 olim
3175 3446 3536 3513 adverteris
3589 3447 3664 3511 in
3705 3467 3812 3512 me
3870 3445 4042 3531 quod
4086 3448 4626 3532 parum⁸Christi

2670 3530 3045 3596 ministrum
3091 3530 3368 3598 deceret.
3453 3533 3717 3598 Instrue
3760 3554 3885 3611 me,
3930 3555 4106 3617 roge,
4149 3543 4226 3600 ut
4267 3543 4623 3602 veteranus

2671 3624 2739 3682 et
2781 3617 3070 3683 bellandi
3110 3620 3394 3701 peritus,
3450 3618 3520 3684 id
3564 3627 3683 3699 est,
3738 3618 3959 3685 hostes
4001 3620 4361 3687 invadendi
4399 3630 4467 3687 et
4513 3643 4623 3689 eo-

2669 3724 2817 3768 rum
2875 3703 3163 3769 insultus
3218 3704 3616 3788 excipiendi:
3677 3705 3961 3784 instrue,
4018 3708 4321 3788 inquam,
4387 3729 4494 3775 me
4543 3719 4621 3773 ut

2672 3789 2952 3854 tironem
3008 3800 3078 3855 ct
3130 3789 3347 3857 adhuc
3400 3790 3674 3856 militiae
3727 3791 3981 3857 rudem.
4069 3793 4402 3860 Existimo
4445 3801 4623 3862 certe

2668 3896 2981 3957 magnam
3036 3897 3077 3941 a
3121 3876 3265 3941 Deo
3318 3877 3486 3941 mihi
3538 3877 3821 3960 gratiam
3876 3877 4048 3957 fieri,
4104 3879 4160 3944 si
4218 3900 4259 3944 a
4302 3889 4369 3944 te
4411 3889 4480 3946 et
4522 3880 4623 3945 tui

2666 3961 2994 4028 similibus
3049 3960 3245 4028 officii
3294 3963 3426 4028 mei
3481 3965 4011 4044 commonefiam,
4071 3972 4138 4029 et
4191 3965 4246 4029 si
4292 3967 4494 4032 etiam
4536 3966 4621 4033 ab

2668 4046 2814 4112 aliis
2869 4046 3247 4114 admonitus
3302 4048 3823 4114 benevolentiam
3885 4050 3958 4115 in
4022 4071 4129 4116 me
4186 4051 4315 4115 Dei
4381 4074 4620 4136 agnos-

2667 4130 2907 4217 cam.⁸)
2995 4133 3101 4198 De
3160 4133 3264 4198 his
3318 4135 3496 4200 satis.
3596 4134 3948 4200 Caeterum
4001 4136 4219 4202 nescio
4287 4158 4415 4221 qua
4469 4160 4623 4205 eon-

2665 4218 2938 4284 scientia
2952 4218 3214 4284 tandem
3240 4220 3537 4285 tantillae
3557 4222 3872 4304 pecuniae
3894 4221 4289 4287 solutionem
4314 4223 4625 4290 differant

2669 4304 2994 4370 debitores
3010 4305 3158 4373 mci.
3203 4306 3494 4371 'santum
3511 4307 3698 4372 abest
3713 4318 3789 4372 ut
3802 4306 3968 4372 mihi
3983 4305 4229 4391 aliquid
4245 4306 4327 4373 de
4343 4331 4459 4375 suo
4477 4332 4621 4376 mu·

2669 4399 2874 4468 tuent,
2920 4391 3084 4456 mihi
3119 4391 3386 4474 inquam
3423 4394 3496 4458 in
3531 4393 3771 4459 scholis
3806 4395 4121 4471 versanti,
4159 4393 4273 4459 ubi
4308 4417 4439 4461 non
4477 4397 4620 4461 sine

2666 4498 2908 4561 magno
2947 4487 3217 4561 sumptu
3254 4478 3519 4557 vivitur,
3565 4500 3768 4561 quum
3805 4478 4004 4544 etiam
4049 4479 4115 4543 id
4159 4480 4333 4563 quod
4379 4479 4622 4548 debent

2666 4584 2798 4628 nen
2844 4564 3242 4646 persolvunt.
3334 4565 3529 4631 Certe
3585 4584 3819 4649 parum
3864 4565 4256 4631 considerati
4299 4576 4458 4632 sunt
4501 4567 4618 4632 ho-

2666 4650 2899 4728 mines,
2943 4671 3029 4715 ne
3074 4650 3287 4717 dicam
3331 4671 3565 4734 parum
3609 4651 3719 4733 pii.
3807 4650 3982 4715 Puto
4030 4661 4252 4717 autem
4294 4652 4460 4718 mihi
4504 4653 4617 4719 de·

2664 4736 2804 4800 beri
2850 4734 3065 4801 adhue
3108 4744 3448 4802 coronatos
3485 4746 3618 4801 tres
3661 4741 3778 4800 aut
3812 4736 4089 4817 circiter,
4131 4738 4366 4820 quibus
4407 4740 4463 4805 si
4508 4737 4617 4806 vel

2661 4828 2736 4886 tu
2780 4822 2882 4887 vel
2928 4823 3252 4904 quispiam
3297 4822 3463 4888 alius
3519 4821 3758 4886 addere
3815 4820 4019 4886 vellet
4061 4835 4370 4905 quartum
4414 4846 4616 4908 quum

2660 4905 2745 4971 ad
2786 4928 2889 4972 me
2927 4907 3275 4973 mittentur
3319 4907 3580 4993 (missos
3619 4928 3770 4972 vere
3803 4908 3939 4972 iam
3975 4908 4262 4990 vellem),
4306 4910 4616 4993 polliceor

2659 5013 2766 5058 me
2809 4991 3219 5058 redditurum
3265 4992 3537 5077 posthac
3580 4999 3648 5057 et
3692 4992 3892 5059 brevi.
3958 4994 4105 5079 Ego
4151 4996 4327 5061 enim
4370 4996 4614 5080 hospiti

2659 5098 2804 5143 meo
2841 5079 2973 5143 iam
3018 5079 3257 5164 incipio
3300 5078 3567 5158 debere,
3626 5077 3971 5145 deficiente
4025 5082 4303 5163 pecunia
4352 5092 4421 5147 et
4467 5081 4610 5150 Gal-

2654 5165 2800 5230 vino
2846 5165 3141 5244 absente,
3207 5165 3317 5249 qui
3372 5165 3485 5231 ubi
3549 5164 3832 5230 adfuerit
3900 5167 4141 5232 certior
4201 5188 4313 5233 ero
4378 5175 4609 5235 eorum

2855 5349 4321 5424 3)Reliquaomieit8.usquead.....offerat.
