5050 6167
609 389 737 455 30⁷

609 593 745 653 rae,
788 592 954 656 quae
1001 593 1043 637 a
1084 577 1297 637 morte
1337 577 1623 649 revocat,
1668 590 1836 654 quae
1878 569 1961 635 ad
2005 568 2358 635 salutarem
2401 588 2555 651 poe-

611 659 956 725 nitentiam
1017 656 1309 723 excitat?
1399 655 1536 722 Sed
1594 655 1822 722 dicetis
1861 657 2173 721 fortasse:
2242 655 2403 720 haec
2447 675 2559 737 ag-

608 745 938 811 noscimus
982 742 1273 827 plerique
1314 750 1382 807 et
1425 742 1603 807 hunc
1644 746 1898 808 verae*
1939 739 2094 807 fidei
2135 748 2203 806 et
2242 741 2362 805 zeli
2406 762 2556 823 pro·

608 830 932 898 batissimi
996 828 1246 894 Christi
1308 828 1687 892 ministrum
1766 834 2021 910 patrem
2099 836 2166 891 et
2226 835 2557 909 pastorem

606 925 906 981 nostrum
960 916 1243 979 retinere
1298 915 1628 996 cupimus,
1694 914 2031 995 multoque
2095 912 2294 977 huius
2358 909 2557 976 duras

610 1000 1096 1083 obiurgationes
1172 1020 1368 1081 quam
1435 999 1712 1063 aliorum
1789 998 2136 1063 blanditias
2206 997 2555 1061 malumus.

609 1087 707 1152 At
749 1086 904 1151 dum
942 1085 1236 1149 nonnulli
1273 1106 1357 1149 ex
1392 1085 1633 1150 nostris
1672 1084 1846 1148 ferre
1890 1105 2043 1148 eum
2086 1105 2215 1148 non
2262 1093 2554 1166 possunt,

607 1172 811 1237 alium
847 1172 1045 1235 laturi
1074 1175 1108 1209 ¹*
1145 1172 1432 1236 fructum
1469 1170 1612 1253 paci
1647 1181 1715 1234 et
1748 1168 2213 1251 tranquillitati
2246 1167 2556 1233 ecclesiae

602 1263 674 1324 et
712 1256 1137 1340 reipublicae,
1195 1265 1492 1321 nostrum
1544 1255 1652 1320 hic
1708 1254 2102 1319 desiderium
2171 1253 2556 1337 posthabere

609 1342 940 1409 debemus.
1030 1342 1155 1407 Cui
1199 1361 1439 1425 quaeso
1482 1344 1661 1424 paci,
1716 1341 1982 1415 fratres,
2037 1339 2139 1405 cui
2186 1339 2553 1420 tranquilli-

605 1427 775 1493 tati?
862 1427 1013 1493 Non
1060 1437 1271 1510 potest
1313 1447 1455 1491 esse
1499 1448 1630 1509 pax
1689 1427 1757 1490 in
1804 1447 1881 1490 ea
1944 1425 2048 1489 vel
2107 1425 2378 1490 ecclesia
2448 1424 2554 1489 vel

605 1514 874 1578 civitate
894 1513 966 1577 in
989 1534 1120 1596 qua
1142 1533 1276 1577 non
1298 1534 1418 1576 suo
1461 1511 1600 1578 loco
1644 1512 1973 1576 habentur
1990 1510 2353 1575 administri
2377 1510 2554 1592 pacis

605 1620 819 1676 verae,
864 1619 1059 1680 quam
1103 1618 1252 1662 cum
1289 1599 1431 1662 Deo
1476 1618 1593 1681 per
1627 1598 1965 1662 Christum
2012 1596 2346 1660 habemus.
2422 1595 2553 1659 Re·

608 1686 892 1750 vertitur
933 1685 1106 1748 enim
1150 1683 1231 1747 ad
1274 1683 1453 1766 ipsos
1498 1704 1627 1766 pax
1650 1682 1920 1746 Domini
1957 1702 2154 1763 quam
2191 1681 2333 1745 eius
2368 1679 2554 1744 iussu

609 1770 989 1849 attulerant,
1032 1790 1237 1851 quum
1284 1768 1619 1851 repellitur
1661 1766 1991 1831 Dominus
2035 1768 2193 1849 ipse,
2238 1780 2312 1831 ut
2354 1774 2553 1829 testa-

608 1863 719 1920 tur
762 1856 1104 1919 Dominus.
1194 1855 1283 1918 Et
1341 1854 1646 1919 irascitur
1703 1851 1863 1917 adeo
1919 1873 2035 1916 rex
2080 1853 2262 1916 Deus
2304 1852 2388 1916 iis
2439 1852 2552 1932 qui

599 1960 827 2006 servos
868 1945 1110 2018 suos*,
1167 1941 1402 2020 quibus
1446 1948 1637 2004 vocat
1689 1936 1773 2002 ad
1816 1937 2038 2002 beatas
2082 1936 2198 2002 filii
2242 1938 2343 2001 sui
2387 1957 2552 2018 nup·

595 2026 745 2105 tias,
792 2025 1118 2107 repellunt
1173 2034 1290 2089 aut
1331 2023 1727 2089 contumelia
1790 2022 1928 2087 ulla
1971 2022 2268 2088 afficiunt
2313 2042 2432 2086 nec
2477 2032 2551 2085 ut

598 2111 866 2194 angelos
890 2112 1034 2187 Dei,
1079 2110 1348 2194 angelos
1381 2109 1613 2174 salutis
1648 2116 1717 2172 et
1757 2110 1957 2190 pacis,
1995 2123 2290 2172 amanter
2334 2117 2402 2171 et
2444 2128 2549 2171 re-

597 2206 902 2263 verenter
943 2196 1426 2278 amplectuntur
1461 2205 1654 2277 atque
1697 2193 1960 2271 habent,
2006 2201 2086 2257 ut
2129 2214 2239 2259 eos
2283 2192 2547 2275 penitus

596 2281 940 2347 exscindat
980 2289 1049 2347 et
1089 2283 1322 2346 urbem
1365 2281 1657 2363 ipsorum
1703 2279 2002 2343 incendio
2038 2280 2355 2343 absumat.
2423 2278 2546 2341 Di-

595 2375 773 2445 cunt,
818 2386 1044 2431 eorum
1088 2386 1229 2432 esse
1272 2366 1610 2430 ministros
1654 2363 1983 2429 dimittere
2018 2386 2293 2445 quorum
2329 2383 2546 2430 accer-

595 2472 756 2516 sere.
844 2452 937 2517 Et
988 2472 1141 2517 vere
1198 2451 1265 2515 id
1321 2450 1566 2516 dicunt.
1654 2451 1749 2514 At
1790 2450 2125 2527 Christus,
2187 2459 2261 2513 ut
2313 2450 2546 2527 omnis,

593 2536 687 2602 ita
729 2544 798 2601 et
834 2548 1089 2604 vestrae
1132 2536 1441 2603 ecclesiae
1484 2544 1684 2617 caput
1725 2542 1792 2600 et
1831 2550 2018 2617 pater
2059 2535 2360 2613 familias,
2417 2534 2571 2599 Fa-·

592 2623 818 2688 rellum
840 2623 1023 2688 vobis
1045 2622 1298 2705 corpori
1323 2642 1442 2685 suo
1482 2631 1550 2685 et
1572 2620 1855 2685 familiae
1898 2641 2057 2684 suae
2099 2621 2296 2697 misit,
2343 2617 2541 2696 dedit,

594 2706 862 2785 addixit,
903 2718 981 2773 ut
1001 2730 1191 2773 suum
1215 2706 1397 2772 vobis
1419 2705 1785 2771 dimensum
1808 2705 2243 2783 distribueret,
2289 2705 2543 2770 dimen-

592 2813 741 2859 sum
784 2795 958 2859 vitae
1001 2804 1323 2857 aeternae.
1414 2789 1638 2872 Quare
1684 2790 1859 2856 hunc
1913 2812 1953 2855 a
1997 2789 2262 2857 Christo
2319 2791 2541 2855 datum

591 2878 778 2944 vobis
821 2888 1148 2961 pastorem
1199 2898 1333 2941 non
1379 2898 1465 2941 ex
1509 2878 1892 2941 sententia*
1934 2874 2185 2942 Christi
2228 2898 2270 2942 a
2312 2876 2539 2942 minis-

592 2964 756 3030 terio
800 2963 1109 3029 ecclesiae
1160 2972 1410 3029 vestrae
1453 2962 1765 3046 relegare,
1811 2969 1913 3027 est
1933 2960 2278 3028 Christum
2321 2964 2538 3046 ipsum

591 3057 659 3115 et
696 3048 1059 3115 salvificum
1104 3069 1382 3132 regnum
1428 3048 1568 3114 eius
1610 3049 1896 3125 reiicere,
1942 3068 2139 3129 seque
2181 3048 2262 3112 iis
2305 3048 2539 3113 adiun-

590 3154 747 3218 gere
789 3135 902 3216 qui
945 3133 1210 3200 Christo
1263 3133 1680 3200 renunciant:
1748 3133 2101 3213 (Nolumus
2156 3132 2332 3198 hunc
2389 3155 2537 3218 reg-

588 3239 749 3285 nare
791 3240 989 3301 super
1032 3219 1220 3298 nosl)
1264 3240 1470 3303 eoque
1513 3240 1584 3284 se
1624 3219 1802 3302 ipsos
1845 3218 2160 3302 supplicio
2203 3219 2377 3301 quod
2408 3220 2539 3284 Do·

587 3304 811 3370 minus
844 3303 1082 3370 talibus
1118 3304 1404 3369 minatus
1445 3314 1547 3369 est
1587 3304 1898 3370 obnoxios
1940 3306 2167 3369 faeere.
2242 3303 2537 3389 Spiritus

588 3398 853 3454 sanctus
908 3409 1025 3472 per
1094 3400 1386 3455 sanctam
1448 3389 1632 3453 illam
1695 3398 1764 3455 et
1823 3399 1959 3454 tam
2018 3391 2535 3456 consentientem

586 3473 878 3539 omnium
901 3472 1206 3539 ordinum
1227 3474 1536 3540 ecclesiae
1578 3483 1830 3540 vestrae
1854 3474 2197 3554 Farellum,
2240 3477 2537 3558 sacrique

585 3559 953 3633 ministerii,
998 3569 1267 3625 senatus
1309 3560 1647 3643 utriusque
1690 3572 1758 3624 et
1800 3559 2006 3643 plebis
2047 3561 2426 3627 electionem
2469 3572 2538 3627 et

586 3645 990 3712 vocationem
1014 3646 1326 3710 intervos
1348 3645 1717 3728 episcopum
1758 3647 2126 3712 constituit:
2169 3668 2325 3731 ergo
2358 3669 2533 3714 nunc

584 3752 815 3796 rursus
859 3751 1006 3796 eum
1053 3730 1176 3795 hoc
1214 3751 1487 3795 munere
1530 3730 1917 3810 destituere,
1975 3742 2239 3814 propter
2281 3732 2534 3816 aliquos

585 3816 699 3899 qui
743 3836 909 3898 opus
951 3815 1220 3899 spiritus
1263 3817 1492 3893 sancti,
1539 3818 1933 3882 severiorem
1971 3826 2236 3901 propter
2268 3827 2536 3900 peccata

583 3901 1127 3985 increpationem,
1186 3902 1357 3967 male
1399 3904 1684 3967 ferentes
1730 3902 2056 3969 Farellum
2099 3903 2340 3968 habere
2383 3925 2535 3987 pas-

590 3994 799 4052 torem
843 3985 1107 4062 nolunt,
1159 3985 1316 4069 quid
1372 3986 1494 4053 hoc
1549 3987 1726 4053 aliud
1770 3988 1859 4053 sit
1912 4008 2108 4071 quam
2164 4010 2535 4074 repugnare

591 4072 852 4155 spiritui
896 4071 1168 4138 sancto?
1256 4073 1349 4137 Et
1392 4081 1467 4137 ut
1516 4094 1648 4138 non
1704 4073 1788 4138 ad
1831 4073 2082 4139 Christi
2135 4074 2535 4155 missionem,

590 4178 720 4223 non
759 4157 844 4223 ad
878 4158 1149 4240 spiritus
1181 4159 1388 4223 sancti
1421 4158 1903 4224 institutionem
1943 4160 2263 4244 respicere
2305 4160 2428 4227 hae
2463 4162 2537 4225 in

590 4263 665 4308 re
707 4243 964 4310 velletis
1008 4242 1210 4327 (quod
1254 4243 1432 4308 nullo
1471 4243 1662 4308 modo
1697 4244 1966 4321 facietis,
2012 4247 2166 4328 quia
2201 4254 2535 4312 extremae

587 4327 946 4412 impietatis
990 4327 1210 4415 esset),
1252 4338 1474 4394 tamen
1516 4350 1646 4395 non
1685 4330 1734 4395 ii
1775 4329 1897 4396 soli
1932 4329 2256 4395 Farellum
2299 4332 2364 4396 in
2413 4333 2536 4397 mi-

591 4412 875 4479 nistrum
899 4414 1206 4480 eeclesiae
1229 4423 1483 4480 vestrae
1524 4415 1865 4499 elegerunt
1906 4417 2018 4499 qui
2062 4436 2242 4481 nunc
2284 4417 2535 4502 relega-

592 4508 733 4564 tum
788 4499 1089 4583 cupiunt,
1146 4498 1259 4565 sed
1328 4520 1448 4565 vos
1501 4521 1757 4579 omnes,
1825 4511 2036 4566 totum
2081 4502 2534 4567 ministrorum

592 4585 917 4668 evangelii
959 4584 1336 4668 collegium,
1389 4593 1566 4650 totus
1618 4588 1825 4650 maior
1878 4596 1947 4651 et
1988 4587 2204 4652 minor
2246 4598 2534 4665 senatus,

588 4668 777 4753 plebs
820 4669 1144 4735 universa.
1210 4673 1306 4736 At
1346 4691 1539 4754 quam
1581 4671 1772 4737 multi
1812 4671 2082 4737 indubie
2126 4693 2207 4737 ex
2254 4673 2360 4739 his
2395 4695 2532 4738 om-

591 4755 788 4821 nibus
848 4754 1184 4822 ordinibus
1246 4766 1404 4822 sunt
1473 4756 1709 4839 quibus
1760 4758 1929 4822 nihil
1984 4768 2180 4840 queat
2242 4759 2534 4825 accidere

591 4843 862 4925 gravius
905 4862 1101 4923 quam
1144 4842 1197 4906 si
1242 4843 1508 4925 spoliari
1566 4864 1676 4908 eos
1733 4845 2072 4927 contingat
2125 4853 2263 4908 tam
2306 4854 2533 4911 sancto

588 4938 661 4993 et
703 4927 1124 5010 praecellenti
1166 4926 1409 4993 Farelli
1450 4927 1830 5004 ministerio,
1874 4927 2106 5013 quibus
2156 4929 2531 5012 incompen-

589 5011 863 5077 sabilem
903 5011 1215 5077 iniuriam
1248 5013 1524 5080 fecerint
1558 5014 1929 5098 quicunque
1962 5015 2162 5080 talem
2194 5014 2357 5097 ipsis
2391 5016 2531 5081 ani-

590 5117 849 5163 marum
889 5119 1160 5164 suarum
1204 5108 1598 5179 curatorem,
1653 5109 1790 5164 tam
1850 5108 2080 5166 saneta
2142 5101 2394 5166 ratione
2449 5102 2531 5167 ab

588 5182 731 5266 ipso
753 5182 1023 5250 Christo
1057 5184 1153 5250 eis
1186 5185 1478 5262 missum,
1523 5207 1565 5251 a
1604 5186 1839 5268 spiritu
1882 5194 2109 5253 sancto
2148 5186 2531 5253 institutum

588 5268 970 5351 eripuerint.
1059 5268 1247 5352 Quae
1286 5270 1529 5337 iniuria
1568 5271 1689 5337 toti
1730 5292 1985 5356 quoque
2028 5272 2336 5338 ecclesiae
2377 5294 2528 5357 gra·

2243 377 2771 447 EPISTOLAE
2816 381 2939 445 367

4477 382 4605 449 308

2656 567 2999 634 vissimum
3041 567 3241 632 simul
3295 567 3536 634 vulnus
3578 589 3655 634 eo
3694 568 3979 654 infliget,
4044 569 4216 652 quod
4269 570 4604 635 sanctissi-

2656 674 2836 717 mam
2881 662 2947 717 et
2989 652 3340 718 salutarem
3386 653 3568 717 illam
3608 654 3821 738 legem
3867 668 3933 720 et
3974 654 4410 720 constituendi
4454 675 4603 737 pas-

2659 748 2876 803 torum
2923 739 3261 819 rationem,
3300 760 3494 821 quam
3538 739 3804 805 indubie
3845 741 3987 823 ipse
4028 741 4298 823 spiritus
4339 749 4604 806 sanctus

2663 823 2846 888 vobis
2902 823 3215 903 instituit,
3272 825 3554 890 violabit.
3657 825 4028 890 Admodum
4095 825 4274 890 enim
4331 846 4602 891 consen-

2663 909 2901 973 tienter
2943 909 3024 973 ad
3086 912 3493 975 verissimam
3547 912 3866 975 rationem
3920 909 4202 994 eligendi
4255 922 4322 975 et
4376 913 4605 994 praefi-

2661 994 2877 1059 ciendi
2920 995 3210 1059 ecelesiis
3268 1008 3565 1078 pastores
3621 997 3864 1080 eligere
3915 1006 3983 1060 et
4034 997 4427 1062 constituere
4481 1017 4602 1062 vos

2660 1092 2953 1163 pastores
2997 1081 3204 1144 solere
3257 1082 3659 1160 audivimus,
3718 1081 3887 1164 quod
3945 1083 4279 1165 singulare
4335 1083 4605 1163 spiritus

2660 1167 2868 1230 sancti
2897 1167 3279 1230 beneficium
3305 1167 3489 1232 vobis
3512 1168 3708 1232 etiam
3734 1189 4127 1251 magnopere
4172 1167 4596 1249 gratulamur.

2661 1251 2806 1314 Hoc
2850 1254 3022 1315 enim
3069 1262 3136 1316 et
3190 1253 3269 1317 ab
3327 1253 3638 1335 apostolis
3694 1252 3856 1335 ipsis
3911 1268 3976 1316 et
4019 1253 4262 1317 sanctis
4305 1253 4600 1335 patribus

2659 1336 2727 1399 in
2775 1337 3047 1401 ecclesia
3081 1360 3339 1420 semper
3372 1348 3704 1403 servatum
3741 1350 3857 1413 est,
3906 1348 3978 1402 ut
4013 1338 4311 1403 electioni
4346 1347 4414 1402 et
4446 1359 4600 1403 con-

2660 1423 2980 1486 stitutioni
3021 1425 3467 1488 ministrorum
3506 1425 3554 1489 ii
3592 1434 3970 1507 praeessent
4004 1433 4072 1487 ct
4106 1424 4601 1489 moderarentur

2660 1509 2770 1589 qui
2815 1509 2885 1573 in
2930 1509 3294 1573 ministerio
3335 1511 3467 1573 iam
3513 1511 3764 1593 probati
3808 1517 4045 1584 essent,
4092 1530 4292 1592 eoque
4338 1509 4417 1574 de
4461 1509 4598 1575 ido-

2661 1594 2800 1657 neis
2845 1592 2928 1657 ad
2988 1594 3108 1659 hoc
3167 1595 3607 1659 ministerium
3663 1595 3947 1659 iudicare
4003 1595 4255 1660 facilius
4300 1608 4364 1659 et
4409 1615 4600 1659 exac-

2660 1679 2790 1742 tius
2858 1692 3139 1759 possent.
3239 1679 3404 1745 Inde
3456 1687 3710 1747 veteres
3765 1701 4045 1745 canones
4111 1682 4336 1745 iubent
4403 1681 4602 1746 totius

2657 1765 3030 1845 provinciae
3074 1767 3405 1848 episcopos
3450 1767 3820 1844 convenire,
3864 1767 3920 1830 si
3964 1766 4220 1848 quando
4262 1767 4600 1848 episeopus

2656 1849 2850 1913 alicui
2891 1851 3201 1915 ecelesiae
3245 1850 3688 1916 instituendus
3732 1852 3847 1928 sit,
3904 1860 3980 1915 ut
4024 1851 4332 1915 nimirum
4375 1851 4600 1917 multis

2656 1936 3125 2017 praesentibus,
3170 1938 3283 2018 qui
3327 1948 3392 2002 et
3428 1936 3851 2002 assumendos
3887 1936 3968 2000 ad
4009 1957 4268 2001 sacrum
4305 1938 4598 2002 ministe-

2655 2020 2823 2083 rium
2881 2022 3228 2102 perfectius
3283 2032 3579 2099 nossent,
3652 2034 3720 2087 et
3776 2043 3944 2105 quae
4010 2022 4092 2085 ad
4148 2043 4402 2086 sacrum
4477 2024 4599 2088 hoo

2653 2105 3091 2171 ministerium
3126 2108 3251 2171 rite
3285 2108 3652 2173 obeundum
3690 2109 4116 2190 requiruntur
4152 2130 4282 2171 non
4321 2108 4596 2174 lectione

2651 2198 2909 2255 tantum
2965 2192 3072 2255 vel
3127 2193 3458 2257 auditione
3514 2193 3628 2257 sed
3681 2215 3803 2258 usu
3849 2195 4045 2258 etiam
4090 2203 4156 2257 ct
4194 2194 4598 2275 experientia

2652 2277 3063 2358 exploratum
3108 2277 3348 2342 habere
3394 2289 3687 2360 possent,
3743 2279 3962 2343 minus
4021 2279 4317 2343 valerent
4358 2280 4595 2344 studiis

2650 2362 3122 2443 imperitiorum
3199 2362 3538 2427 hominum
3604 2367 3892 2447 irrepere
3954 2365 4024 2428 in
4103 2365 4316 2428 locum
4397 2365 4595 2431 huius

2649 2448 3099 2513 sanctissimae
3142 2449 3512 2525 functionis,
3555 2449 3668 2531 qui
3710 2470 3850 2513 eam
3891 2461 4062 2514 recte
4097 2451 4275 2514 obire
4318 2473 4450 2514 non
4494 2450 4592 2514 di-

2648 2532 2977 2597 dicissent.
3065 2534 3206 2598 Iam
3256 2544 3330 2598 ut
3358 2535 3429 2599 hi
3454 2546 3785 2617 nunquam
3816 2535 4098 2617 aliquem
4125 2536 4378 2618 populis
4421 2537 4592 2619 epis·

2647 2640 2880 2701 copum
2927 2640 3058 2683 non
3102 2621 3298 2684 etiam
3343 2620 3425 2684 ab
3469 2621 3627 2702 ipsis
3682 2620 4167 2704 comprobatum
4225 2631 4294 2685 et
4345 2622 4591 2705 expeti-

2648 2713 2786 2767 tum
2831 2703 3215 2781 ordinarint,
3263 2705 3355 2769 ita
3397 2706 3702 2770 audimus
3746 2708 3943 2771 etiam
3990 2705 4163 2787 apud
4207 2727 4339 2783 vos,
4385 2729 4590 2788 quum

2645 2790 2929 2854 ministri
2973 2789 3377 2872 dispexerint
3419 2791 3530 2874 qui
3573 2792 3727 2875 eligi
3762 2813 3803 2856 a
3846 2792 4042 2867 vobis,
4088 2793 4169 2857 ab
4213 2793 4371 2873 ipsis
4414 2792 4589 2857 ordi-

2646 2876 2789 2938 nari
2831 2876 2902 2939 in
2947 2876 3386 2941 ministerium
3421 2876 3729 2942 ecclesiae
3764 2898 3952 2960 posse
3995 2876 4314 2954 videatur,
4359 2877 4590 2943 sistere

2643 2981 2796 3024 eum
2839 2963 3127 3041 senatui,
3183 2963 3288 3028 cui
3332 2962 3580 3028 scilicet
3632 2964 3859 3027 inter*
3901 2964 4122 3028 omnia
4163 2963 4428 3046 publica
4470 2985 4588 3029 ne-

2643 3046 2822 3129 gotia
2873 3046 3101 3130 religio
3171 3055 3240 3113 et
3297 3047 3493 3113 huius
3550 3048 4029 3114 administratio
4087 3070 4280 3114 curae
4336 3050 4589 3132 primae

2641 3148 2784 3196 esse
2828 3130 3037 3211 debet,
3098 3140 3239 3197 tum
3283 3133 3485 3198 etiam
3525 3134 3720 3216 plebi,
3766 3155 3893 3216 quo
3939 3134 4053 3216 qui
4096 3154 4402 3216 praeesse
4446 3155 4587 3198 om-

2640 3215 2833 3281 nibus
2898 3217 3092 3283 debet
3165 3218 3447 3302 eligatur
3522 3220 3720 3285 otiam
3785 3221 3866 3285 ab
3931 3221 4251 3286 omnibus.
4363 3218 4587 3301 Quum

2640 3301 2815 3366 enim
2859 3303 3197 3369 ministros
3241 3313 3537 3387 oporteat
3578 3306 3820 3387 absque
3863 3305 4134 3371 crimine
4178 3326 4338 3383 esse,
4394 3327 4587 3371 nemo

2638 3387 2712 3451 in
2754 3390 2932 3453 omni
2977 3389 3249 3456 ecclesia
3305 3412 3439 3455 non
3484 3391 3698 3455 audiri
3742 3390 4038 3469 deberet,
4095 3391 4154 3456 si
4210 3412 4404 3472 quam
4459 3392 4588 3458 cri-

2639 3473 3067 3539 minationem
3140 3474 3244 3540 vel
3311 3476 3734 3542 verisimilem
3807 3487 4035 3542 contra
4111 3477 4588 3542 instituendum

2639 3558 3014 3625 ministrum
3070 3560 3325 3626 adferre
3379 3562 3558 3626 velit.
3661 3562 3810 3627 Hac
3864 3563 4087 3644 itaque
4137 3563 4392 3628 ratione
4446 3573 4585 3628 tam

2636 3656 2880 3723 sancta,
2927 3658 3060 3711 tam
3096 3668 3254 3712 vere
3296 3648 3626 3722 canonica,
3671 3656 3803 3711 tam
3841 3656 4017 3713 certo
4052 3648 4135 3714 ab
4170 3649 4313 3731 ipso
4355 3649 4589 3730 spiritu

2638 3741 2862 3796 sancto
2905 3733 3266 3798 constituta
3321 3754 3522 3815 quum
3573 3731 3913 3797 Phar-ellus
3965 3734 4052 3798 sit
4108 3734 4278 3816 apud
4337 3755 4459 3799 vos
4515 3735 4587 3800 in

2638 3817 3012 3882 ministrum
3050 3817 3333 3901 quidem,
3372 3825 3441 3883 et
3472 3819 3848 3882 ministrum
3883 3819 4174 3883 omnium
4197 3824 4231 3858 ¹*
4273 3818 4414 3904 (sed
4451 3841 4587 3885 non

2639 3912 2717 3965 ut
2774 3905 3089 3985 cuiusque
3147 3903 3518 3968 hominibus
3572 3904 3941 3979 affectibus,
4015 3904 4132 3969 sed
4186 3915 4263 3970 ut
4319 3904 4585 3971 Christo

2637 3987 2923 4053 Domino
2979 3987 3154 4071 apud
3214 4008 3331 4054 vos
3373 3989 3734 4068 ministret,
3789 3999 3857 4053 et
3897 3989 4173 4055 salutem
4216 3991 4358 4057 eius
4401 3991 4585 4057 vobis

2639 4068 3081 4156 administret)
3134 4095 3339 4157 eoque
3396 4095 3526 4139 non
3577 4074 3650 4138 in
3718 4076 4146 4156 mancipium,
4202 4097 4319 4159 pro
4372 4076 4581 4159 quali-

2640 4180 2892 4241 cunque
2935 4160 3273 4225 voluntate
3326 4159 3790 4238 abiiciendum,
3849 4160 3963 4225 scd
4022 4162 4087 4224 in
4142 4172 4469 4244 pastorem
4515 4170 4583 4228 et

2640 4262 2891 4327 patrem
2919 4256 3228 4323 vestrum,
3253 4244 3405 4310 dum
3430 4245 3676 4310 vixerit
3697 4250 3749 4322 ¹⁵,
3787 4267 3906 4311 nec
3928 4246 4057 4311 alio
4081 4247 4165 4312 ob
4185 4248 4521 4313 meliorem
4542 4253 4581 4291 ὓ

2638 4330 3056 4395 ecclesiarum
3129 4333 3584 4397 necessitatem
3643 4330 3936 4414 legit-ime
3999 4340 4320 4398 vocatus*
4381 4334 4581 4398 suerit

2637 4415 3227 4481 commutandum*
3284 4438 3326 4482 a
3380 4415 3646 4482 Christo
3709 4420 3850 4500 ipso
3914 4427 3983 4481 et
4041 4418 4277 4500 spiritu
4332 4430 4578 4498 sancto,

2637 4515 2775 4566 tum
2823 4501 3019 4566 etiam
3063 4504 3144 4568 ab
3186 4503 3487 4569 omnibus
3529 4502 3833 4567 eeclesiae
3875 4510 3942 4567 et
3995 4504 4391 4586 reipublicae
4431 4525 4577 4572 ves·

2638 4596 2780 4653 trae
2822 4586 3160 4654 ordinibus
3195 4588 3458 4654 indubie
3497 4587 3734 4671 spiritu
3778 4586 4027 4654 Christi
4063 4588 4145 4654 ad
4181 4588 4247 4654 id
4286 4591 4355 4654 in
4388 4612 4576 4656 sane-

2639 4674 2724 4738 tis
2781 4673 3059 4751 electus,
3116 4675 3471 4756 expetitus,
3532 4683 3905 4757 assumptus
3963 4684 4031 4739 et
4080 4673 4419 4742 ordinatus
4471 4676 4575 4756 sit,

2636 4756 2828 4824 debet
2889 4760 3175 4841 profecto
3229 4760 3418 4825 vobis
3473 4758 3672 4825 huius
3714 4759 4148 4824 ministerium
4206 4761 4300 4827 sic
4362 4783 4576 4829 saero-

2636 4853 2933 4911 sanctum
2978 4845 3224 4923 haberi,
3269 4865 3348 4909 ea
3387 4845 3810 4910 veneratione
3852 4859 3919 4910 et
3961 4845 4378 4911 observant-ia
4429 4848 4573 4926 coli,

2636 4937 2713 4993 ut
2767 4950 2903 4994 non
2958 4930 3166 4995 solum
3221 4930 3384 4995 illud
3441 4930 3606 4995 nulli
3659 4930 4000 4995 hominum
4043 4933 4575 5016 perturbatorum

2634 5014 3151 5081 inconsideratae
3206 5015 3641 5100 indignationi
3700 5016 4023 5099 prodatis,
4073 5017 4187 5083 sed
4231 5040 4273 5084 a
4313 5021 4574 5085 nemine

2632 5101 2829 5165 etiam
2872 5103 3219 5176 contemni,
3264 5101 3437 5185 quod
3475 5101 3737 5186 quidem
3775 5102 3847 5167 in
3882 5102 4574 5171 vobisesseDominus

2633 5185 2904 5265 dederit,
2925 5188 3299 5270 patiamini:
3338 5209 3467 5252 non
3491 5188 3866 5253 dubitantes
3885 5187 4134 5255 Christi
4166 5190 4572 5255 maiestatem

2629 5270 2797 5337 laedi
2841 5282 2910 5337 et
2950 5272 3229 5338 salutem
3262 5281 3470 5340 morte
3513 5274 3654 5339 eins
3687 5284 3944 5357 partam
3984 5274 4234 5358 repelli,
4276 5274 4334 5341 si
4377 5275 4573 5342 huius
