5050 6167
642 413 767 477 167

1548 630 1695 700 285.

1173 766 1644 837 GALVINUS
1688 767 2058 835 VIRETO.

814 940 1097 1026 Exponit
1136 962 1249 1007 cur
1280 942 1552 1007 reditum
1593 941 1970 1021 reformidet,
2015 961 2139 1006 non
2179 937 2483 1020 refuyiat,
2539 942 2596 1002 et

630 1049 763 1113 quo
794 1033 982 1111 pacto
1014 1048 1137 1110 pro
1170 1032 1432 1109 tempore
1473 1028 1809 1111 impeditus
1841 1027 2023 1094 illum
2060 1027 2131 1090 in
2153 1024 2334 1091 aliud
2354 1027 2596 1105 tempus

636 1115 1259 1283 ggmptfoeg'ioecgpatur.
1353 1113 1518 1179 Tum
1573 1134 1712 1179 vero
1769 1134 1909 1181 eum
1963 1111 2210 1179 Bucero
2267 1114 2594 1176 venturum

643 1370 756 1435 (Ex
793 1369 1128 1440 autographo
1164 1369 1293 1424 eod.
1331 1369 1492 1424 Goth.
1527 1367 1648 1436 404,
1685 1370 1778 1425 fol.
1813 1367 1863 1437 3,
1900 1369 2021 1423 coll.
2071 1385 2116 1422 c.
2164 1384 2352 1438 apogr.
2387 1366 2590 1421 Genev.

640 1438 773 1493 0οᾶ.
811 1437 952 1505 111⁸,
987 1439 1077 1492 fol.
1119 1438 1161 1491 l.
1238 1438 1315 1492 Cf.
1353 1439 1516 1493 etiam
1573 1437 1831 1509 Cypriani
1884 1438 2177 1507 Abgedrun
2216 1453 2346 1490 ener
2388 1436 2592 1490 Unter-

634 1508 786 1562 richt
819 1516 919 1561 eto.
992 1508 1123 1561 Beil.
1159 1523 1213 1577 p.
1248 1507 1315 1559 41
1365 1513 1422 1561 et
1464 1524 1605 1561 vers.
1644 1508 1784 1577 angl.
1820 1508 1867 1560 Ι.
1902 1522 1955 1576 p.
1994 1506 2110 1561 206.
2218 1522 2463 1576 mpressa
2508 1510 2593 1559 est

638 1578 700 1630 in
748 1577 830 1629 ed.
886 1576 1090 1630 Genev.
1136 1593 1191 1644 p.
1228 1574 1312 1638 25,
1348 1577 1609 1699 algerum.
1647 1593 1700 1645 p.
1738 1575 2028 1707 δῗίξιειιιε.
2066 1594 2116 1645 p.
2154 1574 2236 1641 53,
2276 1574 2499 1629 Chouet.
2537 1590 2590 1644 p.

1419 1685 1434 1711 ,
1603 1651 1643 1698 t.
1677 1663 1732 1714 p.

814 1831 1027 1900 Docto
1068 1843 1136 1898 et
1168 1834 1277 1916 pio
1309 1835 1450 1898 viro
1469 1834 1672 1899 Petro
1694 1832 1949 1912 Viret0,
1994 1833 2301 1898 ecclesiae
2336 1832 2594 1899 Christi

634 1917 817 1984 fideli
861 1920 1178 1998 ministro,
1224 1920 1415 1984 fratri
1456 1939 1602 1985 meo
1645 1919 2001 1985 carissimo.

815 2054 1043 2137 Quum
1075 2055 1242 2120 mihi
1263 2056 1490 2121 literae
1518 2064 1668 2120 tuae
1691 2054 2140 2134 redderentur,
2177 2057 2308 2120 iam
2330 2076 2592 2121 eramus

638 2140 725 2207 ad
767 2141 896 2207 iter
930 2142 1221 2208 accincti.
1285 2142 1377 2206 Et
1410 2164 1543 2207 non
1577 2142 1848 2207 memini
1883 2143 2349 2225 profectionem
2390 2141 2593 2208 fuisse

636 2226 805 2293 mihi
848 2227 921 2291 in
963 2227 1101 2293 vita
1143 2227 1356 2310 magis
1400 2227 1887 2293 tumultuosam.
1957 2227 2187 2310 Itaque
2221 2248 2421 2309 quum
2455 2249 2592 2293 non

636 2333 899 2397 possem
941 2313 1085 2395 ipse
1127 2310 1539 2396 respondere,
1584 2313 1893 2380 mandavi
1940 2311 2209 2379 OEaudio
2258 2311 2492 2379 Feraeo
2520 2316 2591 2395 ¹),

641 2419 835 2482 quem
875 2418 1130 2463 mecum
1174 2396 1403 2464 vidisti
1443 2398 1765 2476 Basileae,
1810 2406 1878 2464 et
1920 2399 2110 2464 fratri
2153 2420 2298 2463 meo
2341 2406 2418 2464 ut
2462 2398 2591 2466 Fa-

637 2484 792 2550 rello
833 2484 1293 2563 rescriberent,
1351 2483 1509 2567 quid
1566 2483 1876 2550 haberem
1920 2484 2165 2550 animi:
2231 2484 2427 2550 Nunc
2470 2484 2591 2550 ali-

639 2568 1031 2653 quantulum
1074 2569 1190 2635 otii
1234 2580 1467 2636 nactus
1510 2570 1794 2636 scribere
1837 2570 2036 2635 etiam
2082 2569 2197 2635 tibi
2248 2592 2333 2636 ex
2375 2570 2590 2637 medio

634 2654 900 2721 itineris
949 2675 1145 2722 cursu
1201 2655 1398 2721 volui.
1497 2655 1866 2721 Excusabis
1923 2663 2144 2721 autem
2199 2655 2367 2740 quod
2433 2677 2589 2723 con-

636 2741 779 2806 fuse
823 2739 943 2805 tibi
986 2747 1052 2805 et
1093 2741 1382 2807 breviter
1426 2740 1815 2823 respondeo,
1868 2743 2021 2823 quia
2074 2763 2195 2807 nec
2245 2742 2590 2825 epistolam

635 2832 820 2891 tuam
874 2824 1083 2892 habeo
1139 2826 1220 2891 ad
1280 2846 1581 2905 manum,
1640 2834 1714 2891 ut
1767 2826 2029 2911 singula
2085 2827 2299 2911 capita
2341 2828 2589 2917 possim

636 2911 864 2978 ordine
919 2919 987 2977 et
1035 2912 1401 2995 perspicere
1455 2917 1524 2977 et
1566 2917 1899 2993 excutere,
1954 2933 2074 2977 nec
2118 2919 2377 2978 tantum
2422 2922 2588 2979 tem-

631 2998 810 3082 poris
854 2996 1048 3063 datur
1095 2996 1329 3064 viatori
1372 2998 1442 3062 in
1486 3017 1796 3081 caupona,
1842 3005 1920 3063 ut
1962 2997 2208 3082 aliquid
2250 3000 2416 3065 bene
2449 3020 2589 3065 me-

634 3082 921 3149 ditatum
964 3090 1031 3149 et
1067 3084 1255 3167 quasi
1297 3089 1674 3150 concoctum
1691 3085 1748 3159 ²)
1783 3084 1978 3151 liceat
2011 3084 2324 3151 mandare
2358 3085 2585 3151 literis.

634 3168 974 3252 Quantum
1018 3178 1238 3235 autem
1281 3170 1594 3235 memoria
1649 3176 1840 3235 teneo
1854 3221 1871 3249 ,
1930 3168 2096 3235 duae
2139 3179 2298 3236 sunt
2339 3172 2588 3254 pracci-

634 3274 805 3338 puae
862 3254 1205 3320 literarum
1257 3260 1519 3320 tuarum
1585 3264 1822 3338 partes.
1924 3255 2229 3333 Priore⁸)
2299 3256 2588 3322 ostendis

634 3359 773 3404 non
828 3361 969 3406 esse
1025 3341 1192 3405 mihi
1249 3339 1675 3406 deserendam
1719 3341 2059 3408 000Ιο810111
2108 3340 2585 3422 Genevensem,

634 3425 841 3491 altera
882 3425 1221 3491 contendis
1265 3426 1731 3493 maturandum
1774 3448 2027 3511 quoque
2081 3448 2225 3493 0880
2279 3429 2585 3509 reditum,

631 3531 717 3576 ne
763 3510 917 3596 quid
960 3512 1052 3576 im
1138 3510 1447 3589 dimenti,
1506 3512 1563 3577 si
1619 3511 1876 3597 longius
1922 3511 2326 3593 differamus,
2373 3513 2587 3580 Satan

629 3596 909 3663 obiiciat.
976 3597 1041 3662 A
1128 3596 1312 3662 illam
1355 3618 1489 3662 non
1533 3597 1726 3663 aliter
1767 3599 2128 3683 respondeo
2172 3620 2371 3683 quam
2413 3599 2587 3684 quod

630 3702 891 3766 semper
934 3682 1162 3749 solitus
1206 3701 1385 3749 sum:
1444 3683 1699 3748 nullum
1756 3704 1897 3751 esse
1949 3683 2166 3752 locum
2219 3687 2341 3752 sub
2406 3686 2584 3752 coelo

631 3788 827 3852 quem
887 3769 1095 3852 magis
1157 3767 1604 3849 reformidem3
1679 3790 1812 3835 non
1879 3769 2051 3855 quod
2114 3771 2392 3851 oderim,
2467 3771 2584 3837 sed

630 3854 942 3936 quoniam
986 3862 1086 3919 tot
1122 3852 1537 3921 difficultates
1577 3854 1714 3922 illic
1756 3856 1921 3920 mihi
1963 3858 2327 3942 propositas
2374 3856 2581 3939 vidae,

671 3938 867 4004 uibus
920 3939 1307 4023 superandis
1360 3940 1571 4006 sentio
1626 3962 1731 4007 1110
1784 3942 1976 4027 longe
2034 3963 2177 4009 esse
2241 3944 2577 4028 imparem.

698 4025 905 4090 uoties
946 4026 1356 4109 superiorum
1400 4033 1769 4111 temporum
1814 4027 1989 4094 subit
2047 4028 2425 4109 recordatio,
2483 4030 2579 4095 fa·

626 4132 774 4178 0010
818 4132 1068 4195 nequeo
1112 4112 1271 4193 quin
1315 4118 1452 4177 toto
1490 4120 1748 4195 pectore
1784 4113 2262 4193 exhorrescam,
2302 4115 2361 4181 si
2385 4134 2582 4200 cog-ar

624 4216 735 4262 me
777 4197 1018 4261 iterum
1075 4199 1361 4281 antiquis
1413 4198 1543 4263 illis
1599 4200 2064 4267 certaminibus
2117 4201 2411 4267 obiicere.
2502 4199 2579 4267 Si

623 4282 791 4347 mihi
835 4303 985 4349 cum
1029 4282 1300 4348 00010810
1342 4282 1458 4348 illa
1492 4293 1751 4350 tantum
1774 4294 1948 4352 esset
1969 4288 2322 4371 negotium,
2360 4286 2579 4352 animo

624 4388 837 4433 essem
883 4368 1216 4451 quietiore,
1262 4378 1437 4435 certe
1472 4370 1692 4437 minus
1728 4381 2024 4437 terrerer.
2094 4370 2229 4438 Sed
2252 4371 2503 4438 vicinos
2519 4371 2577 4456 ⁴)

622 4454 858 4537 cogito,
905 4454 1018 4538 qui
1060 4455 1220 4519 mihi
1256 4454 1413 4520 olim
1448 4463 1710 4522 tantum
1743 4458 2081 4524 molestiae
2117 4456 2575 4523 exhibuerunt.

621 4536 907 4606 Necesse
951 4546 1052 4605 est
1093 4547 1160 4605 te
1203 4540 1408 4607 11111110
1463 4543 1613 4625 plus
1666 4543 2031 4628 intelligere
2086 4564 2279 4626 quam
2344 4543 2573 4609 dicam.

620 4622 772 4691 Hoc
817 4623 984 4691 habe
1030 4647 1160 4691 uno
1205 4627 1418 4693 verb0.
1508 4627 1691 4693 Dum
1734 4629 1961 4696 multis
2005 4629 2214 4715 signis
2256 4629 2574 4713 intellige,

623 4710 766 4776 eius
809 4710 920 4794 qui
962 4710 1318 4794 plurimum
1362 4734 1597 4780 nocere
1641 4723 1855 4798 potest
1907 4713 2301 4801 inexpiabile
2356 4716 2423 4780 in
2469 4734 2574 4780 me

653 4912 792 4975 285.
831 4914 888 4981 1)
926 4913 1077 4972 Edd.
1111 4919 1389 4975 exhibent.-
1422 4921 1639 4974 Ferrex.

828 4982 887 5048 2)
926 5001 1089 5041 001100
1131 4988 1270 5041 tum'

828 5051 887 5120 3)
930 5054 1002 5109 N.
1108 5053 1159 5109 5.

828 5121 888 5188 4)
940 5124 1138 5180 Verba:
1181 5126 1386 5180 vicinos
1423 5165 1438 5181 .
1476 5162 1489 5175 .
1527 5166 1539 5178 .
1575 5166 1591 5181 .
1629 5124 1994 5179 exhibuerunt
2011 5126 2262 5182 omittunt
2291 5125 2569 5196 editiones,

614 5191 783 5246 eiiam
830 5193 1061 5262 anglica.
1144 5195 1220 5249 In
1265 5194 1605 5262 autoqrapho
1650 5193 1908 5249 vocabulo
1945 5194 2150 5248 vicinos
2197 5210 2235 5249 a
2279 5197 2572 5250 recentiore

616 5275 791 5343 stagna
824 5276 889 5316 eu
913 5263 1277 5344 'nemptums
1312 5264 1530 5323 multos,
1566 5263 1627 5315 in
1650 5262 1798 5344 βοά.
1834 5261 2006 5317 111·.:
2054 5264 2203 5318 alios.
2289 5263 2569 5320 Caeterum

610 5343 829 5385 mame
899 5347 950 5386 ιο
983 5332 1120 5387 decit
1152 5332 1471 5399 Beruenses,
1506 5346 1738 5386 maxume
1778 5330 2081 5388 Consanum
2114 5338 2165 5389 et
2198 5338 2485 5389 emortuo.

2190 404 2716 474 EPISTOLAE
2761 409 3101 472 285—286

4528 404 4648 470 168

2699 593 2920 658 odium
2977 615 3271 675 manere;
3340 594 3496 662 dum
3557 619 3630 664 re
3676 605 3790 663 uto
3847 603 4006 679 quot
4062 594 4479 662 circumcirca
4533 613 4649 677 pa-

2701 685 2884 744 teant
2935 679 3033 744 illi
3100 679 3316 747 aditus
3378 682 3462 748 ad
3529 619 4072 748 malefaciendum
4086 733 4101 760 ,
4171 689 4327 764 quot
4391 677 4650 744 flabella

2700 786 2957 849 semper
2996 767 3225 831 inflata
3259 768 3393 833 sint
3414 768 3495 834 ad
3526 767 3901 835 excitandos
3923 767 4410 834 contentionum
4434 766 4643 849 ignes,

2698 858 2856 935 quot
2897 853 3278 931 occasiones,
3325 874 3493 937 quae
3535 875 3714 920 1111110
3757 877 3798 920 0
3836 875 3945 920 1110
3997 850 4327 937 provideri
4375 852 4645 916 minime

2696 946 2988 1087 possunt,
3036 958 3178 1004 sese
3223 938 3496 1005 daturae
3541 940 3693 1019 sint,
3739 960 4003 1024 prorsus
4046 946 4228 1003 metu
4287 937 4643 1003 exanimor.

2754 1034 2877 1087 unt
2921 1032 2986 1088 et
3027 1023 3313 1107 plurima
3368 1026 3496 1091 alia
3548 1027 3617 1091 in
3671 1026 3814 1111 ipsa
3866 1025 4028 1091 urbe
4081 1046 4247 1107 quae
4301 1024 4463 1088 mihi
4515 1043 4648 1089 non

2696 1128 2931 1191 parum
2972 1109 3422 1177 sollicitudinis
3457 1112 3772 1178 iniiciunt.
3861 1110 4010 1193 Quo
4068 1110 4217 1194 plus
4267 1108 4648 1195 progredior

2698 1215 2773 1259 00
2815 1194 3050 1261 melius
3092 1218 3286 1262 cerno
3328 1219 3527 1280 quam
3560 1198 3840 1264 arduum
3862 1200 3950 1263 sit
3969 1217 4209 1262 munus
4231 1195 4571 1262 ecclesiam
4585 1194 4643 1277 ⁵)

2697 1301 2942 1364 regere.
3032 1281 3260 1365 Neque
3299 1291 3522 1348 tamen
3558 1285 3778 1349 omnia
3819 1283 3982 1348 haec
4018 1282 4329 1360 efficiunt,
4366 1281 4525 1365 quin
4562 1280 4646 1347 ad

2697 1386 2884 1450 opem
2929 1368 3206 1434 miserae
3250 1369 3557 1436 ecclesiae
3600 1369 3935 1436 ferendam
3990 1368 4118 1434 sim
4166 1368 4644 1450 paratissimus,

2698 1454 2755 1517 si
2810 1454 2967 1536 quid
3021 1476 3128 1519 me
3181 1454 3402 1521 valere
3456 1456 3860 1521 intellexere
3964 1453 4410 1537 Quaecunque
4468 1453 4647 1518 enim

2696 1560 2802 1603 me
2837 1539 2907 1604 in
2953 1539 3075 1606 1100
3118 1561 3191 1604 10
3233 1540 3503 1606 turbant
3545 1543 3989 1627 cogitationes,
4033 1542 4295 1606 tametsi
4338 1538 4645 1605 nonnihil

2697 1625 2982 1697 afferunt
3060 1647 3386 1706 remorae,
3468 1628 3624 1694 dum
3700 1629 3995 1694 animum
4068 1647 4292 1691 meum
4372 1626 4645 1693 anxium

2696 1716 2953 1790 tenent,
3013 1712 3178 1777 mihi
3236 1721 3457 1778 tamen
3511 1722 3816 1779 excutere
3870 1712 3992 1778 hoc
4056 1719 4419 1796 nequeunt,
4487 1712 4645 1797 quin

2695 1796 2988 1862 facturus
3041 1799 3168 1863 sim
3221 1799 3442 1864 omnia
3500 1820 3665 1883 quae
3723 1801 3793 1864 in
3833 1799 3991 1873 ,eius
4045 1798 4327 1864 salutem
4391 1799 4647 1865 factura

2696 1892 3030 1965 putavero.
3131 1884 3346 1950 Testis
3415 1893 3516 1951 est
3568 1885 3892 1963 FarelluS,
3960 1906 4066 1949 me
4121 1905 4453 1968 nunquam
4513 1905 4643 1949 uno

2696 1969 2899 2034 verbo
2944 1968 3336 2035 detrectasse
3378 1971 3560 2036 illam
3606 1972 4030 2050 vocationem,
4073 1969 4187 2037 sed
4224 1968 4645 2055 deprecatum

2697 2074 2838 2119 esse
2884 2054 3202 2119 duntaxat
3245 2078 3328 2120 ne
3371 2057 3544 2121 male
3601 2056 3998 2123 consulendo
4055 2055 4396 2131 ecclesiam
4441 2055 4642 2121 semel

2697 2138 3017 2222 perditam
3078 2141 3175 2206 1110
3234 2141 3553 2226 perderet.
3642 2143 3918 2208 Interim
3963 2144 4125 2208 satis
4169 2141 4425 2208 ostendi
4469 2141 4641 2206 nihil

2696 2225 2860 2289 mihi
2904 2227 3116 2310 magis
3160 2248 3301 2293 esse
3344 2229 3414 2293 in
3456 2229 3646 2308 votis,
3692 2250 3890 2311 quam
3930 2227 4040 2293 vel
4094 2228 4385 2293 animam
4428 2247 4644 2293 meam

2695 2310 3091 2393 impendere,
3138 2312 3250 2377 ubi
3274 2332 3438 2396 opus
3478 2324 3664 2380 esset.
3737 2314 4010 2380 Possem
4054 2313 4172 2378 tibi
4195 2334 4414 2380 coram
4455 2314 4643 2379 lucu-

2695 2395 2892 2461 lentis
2948 2399 3355 2482 argumentis
3410 2400 3681 2482 planum
3736 2400 3976 2479 facere,
4041 2421 4233 2483 quam
4303 2399 4469 2466 1111111
4533 2400 4643 2464 1110

2695 2482 3165 2551 simulaverim.
3267 2483 3401 2551 Sed
3458 2485 3581 2551 hoc
3633 2486 3799 2550 mihi
3858 2485 4289 2551 certissimum
4359 2485 4638 2566 videtur,

2695 2568 2866 2651 quod
2936 2590 3137 2652 quum
3205 2572 3541 2637 venissent
3595 2572 3794 2656 legati
3854 2571 4318 2649 Wormatiam,
4386 2578 4641 2638 nostros

2694 2654 2921 2720 multis
2958 2676 3110 2721 cum
3144 2655 3452 2741 lacrymis
3491 2679 3609 2740 per
3644 2658 3864 2723 omnia
3886 2677 4070 2722 sacra
4091 2679 4236 2724 sum
4258 2659 4638 2739 obtestatus,

2694 2749 2768 2805 ut
2806 2739 2935 2806 mei
2982 2739 3161 2805 obliti
3204 2740 3602 2827 dispicerent
3643 2764 3863 2810 coram
3909 2743 4067 2824 Dec,
4130 2743 4282 2828 quid
4332 2744 4640 2810 ecclesiae

2693 2824 2891 2891 fidem
2967 2847 3192 2892 eorum
3267 2828 3646 2912 imploranti
3721 2830 4006 2894 maxime
4082 2838 4253 2896 esset
4331 2830 4636 2896 salutare.

2692 2911 2824 2977 Ubi
2869 2909 3135 2977 domum
3152 2914 3209 2995 ⁶)
3256 2923 3528 2979 ventum
3563 2922 3679 2997 est,
3715 2915 4013 2999 quamvis
4061 2937 4252 2981 nemo
4288 2916 4638 2997 insisteret,

2693 3017 2829 3062 non
2889 2998 3137 3064 cessavi
3189 2999 3638 3083 interpellare,
3694 3009 3772 3066 ut
3824 3020 3967 3065 eam
4012 3020 4234 3067 curam
4284 3003 4453 3068 serio
4498 3020 4640 3069 sus-

2694 3082 3001 3165 ciperent.
3069 3083 3207 3151 Nec
3230 3085 3357 3168 ipsi
3378 3086 3597 3167 etiam,
3623 3086 3811 3153 crede
3832 3087 4016 3165 mihi,
4041 3088 4252 3155 officio
4275 3109 4393 3154 suo
4415 3088 4637 3154 defue-

2692 3176 2867 3233 runt.
2967 3167 3104 3235 Sed
3158 3170 3325 3254 quod
3386 3173 3875 3257 suspicabamur
3944 3174 4100 3256 fore,
4121 3179 4173 3252 ⁷)
4227 3173 4422 3259 paulo
4492 3180 4640 3258 post

2694 3253 3025 3321 decretum
3091 3264 3218 3336 est,
3286 3263 3363 3322 ut
3425 3256 3673 3325 Bucero
3726 3259 4209 3347 adiungererfl)
4308 3260 4453 3326 Hoc
4505 3280 4637 3324 non
4706 3314 4710 3318 .

2692 3340 2904 3407 videri
2965 3341 3130 3406 mihi
3196 3343 3442 3408 factum
3505 3346 3890 3429 composite,
3971 3353 4046 3410 ut
4121 3354 4316 3413 antea
4382 3344 4637 3413 Farelzo

2693 3428 2950 3511 scripsi,
3010 3428 3108 3493 ita
3171 3449 3347 3496 nunc
3403 3429 3521 3494 tibi
3584 3438 3804 3498 sancte
3860 3452 4178 3499 assevero.
4279 3433 4387 3499 Ita
4459 3433 4636 3499 enim

2690 3512 3158 3598 propemodum
3213 3516 3639 3582 constitutum
3695 3519 3877 3602 prius
3933 3519 4147 3585 fuerat
4189 3540 4385 3601 quam
4432 3519 4634 3583 Wor-

2690 3600 2891 3664 matia
2925 3599 3307 3679 rediremus,
3347 3601 3544 3686 idque
3574 3624 3802 3668 eorum
3826 3605 4095 3672 consilio
4120 3604 4233 3688 qui
4255 3603 4335 3670 de
4362 3604 4636 3671 Geneva

2689 3686 2959 3751 minime
2982 3687 3365 3771 cogitabant.
3454 3688 3796 3771 Equidem,
3842 3691 3898 3757 si
3936 3711 4041 3755 me
4077 3691 4455 3775 interroges,
4498 3710 4632 3756 non

2689 3770 2880 3836 video
2936 3793 3198 3837 causam
3253 3795 3370 3839 cur
3425 3774 3668 3840 mittar.
3772 3776 4024 3841 Verum
4075 3784 4154 3842 ut
4194 3777 4463 3842 minime
4508 3778 4631 3841 sim

2686 3855 2979 3935 idoneus,
3026 3878 3159 3922 non
3194 3864 3416 3923 tamen
3455 3860 3579 3925 fuit
3610 3883 3829 3926 meum
3863 3883 4185 3929 recusare.
4251 3861 4633 3928 Necessario

2686 3943 2893 4028 igitur
2945 3943 3337 4010 veniendum
3393 3952 3562 4025 erat,
3620 3948 3747 4012 nisi
3803 3948 4041 4014 vellem
4096 3949 4342 4033 passim
4405 3947 4631 4014 audire

2686 4030 2983 4112 pessime.
3050 4029 3339 4094 Proinde
3382 4028 3536 4094 dum
3581 4031 3811 4099 literae
3855 4041 4010 4100 tuae
4046 4039 4385 4113 venerunt,
4431 4054 4632 4116 quum

2685 4115 3019 4199 integrum
3076 4115 3205 4178 iam
3251 4135 3380 4179 non
3427 4125 3597 4182 esset
3641 4117 4032 4200 deliberare,
4089 4122 4316 4205 putavi
4357 4140 4465 4185 me
4508 4119 4630 4185 tibi

2687 4200 2846 4266 satis
2899 4221 3220 4283 superque
3272 4200 3409 4266 fore
3465 4214 3846 4271 excusatum
3911 4228 3982 4271 re
4050 4206 4215 4272 bene
4278 4204 4627 4271 intellecta.

2685 4285 2910 4351 Habes
2974 4306 3148 4352 nunc
3220 4285 3299 4351 ad
3368 4294 3717 4373 utrumque
3788 4300 3976 4356 tuum
4041 4292 4445 4375 postulatum
4501 4311 4628 4375 quo

2685 4370 2963 4436 satisfiat
3004 4371 3085 4436 ad
3128 4372 3304 4438 hunc
3345 4394 3551 4456 usque
3596 4375 3796 4442 diem:
3843 4400 3947 4443 me
3979 4378 4227 4445 scilicet
4254 4399 4375 4444 nec
4402 4378 4630 4442 venire

2683 4476 2970 4539 unquam
3025 4477 3383 4537 recusasse,
3436 4482 3556 4527 nec
3598 4464 3885 4545 potuisse
3926 4464 4263 4530 hactenus.
4353 4463 4434 4528 In
4481 4482 4629 4546 pos-

2681 4552 2895 4606 terum
2955 4543 3079 4609 hoc
3134 4543 3251 4610 tibi
3303 4566 3422 4628 pro
3479 4555 3653 4613 certo
3705 4548 4042 4632 polliceor,
4109 4572 4216 4616 1110
4280 4548 4629 4617 consilium

2679 4627 2851 4693 istuc
2893 4629 3343 4712 proficiscendi
3386 4653 3721 4715 nunquam
3766 4645 4194 4714 mutaturum,
4250 4637 4375 4701 nisi
4419 4636 4630 4700 maior

2679 4714 2898 4797 aliqua
2949 4716 3055 4779 vis
3112 4715 3273 4780 mihi
3330 4720 3503 4782 viam
3567 4720 4003 4800 praecluserit.
4118 4723 4381 4807 'Pangor
4447 4724 4628 4787 enim

2675 4798 2856 4867 illius
2897 4802 3205 4866 ecclesiae
3261 4823 3445 4881 cura,
3504 4814 3576 4868 ut
3618 4825 3739 4888 par
3782 4815 3912 4885 est,
3970 4817 4034 4873 et
4076 4809 4209 4874 iam
4250 4809 4470 4875 nescio
4513 4810 4626 4892 qui

2674 4885 2921 4951 factum
2982 4888 3067 4951 sit
3121 4896 3196 4951 ut
3252 4889 3471 4954 animo
3528 4892 3836 4975 incipiam
3896 4914 4037 4962 esse
4090 4895 4498 4962 inclinatiore
4541 4893 4625 4959 ad

2677 5045 2770 5053 ——.—
2869 5046 3082 5051 -‚-—--

2880 5126 2940 5194 51
2979 5127 3130 5183 Beea
3145 5152 3159 5180 .·
3195 5131 3629 5186 ecclesiasticum.
3702 5131 3844 5187 Inde
3880 5134 4056 5191 Laus.
4093 5136 4370 5192 emendat.-
4414 5151 4623 5205 gerere.

2878 5196 2938 5333 (71))
2971 5197 3401 5322 ἰξζὲεὲιᾶῗαωηι
3434 5216 3507 5256 ec.
3541 5217 3721 5258 meme
3752 5202 4043 5260 Ianuario.

2878 5334 2938 5404 8)
2973 5336 3086 5392 scil.
3123 5336 3183 5391 in
3218 5337 3485 5408 legatione
3522 5336 3927 5396 Rati-ebonem.
4022 5389 4025 5393 ,
