5050 6167
454 462 572 524 201

454 654 657 714 testes
668 648 989 733 utrinque.
1031 648 1112 714 Id
1128 650 1481 733 Imperator
1493 651 1565 716 in
1579 650 2114 719 deliberationem
2129 655 2392 739 recepit,

452 740 520 798 et
540 754 771 800 rursus
785 735 1078 820 graviter
1096 735 1398 802 hortatus
1420 744 1538 815 est,
1570 745 1646 803 ut
1665 737 1837 804 hanc
1860 760 2121 805 causam
2146 742 2395 825 optima

451 818 581 885 fide
758 842 996 887 remus.
1093 821 1422 905 Deditque
1476 821 1774 888 dextram
1829 826 2244 891 venientibus
2258 878 2273 904 ,
2329 836 2396 891 et

452 903 935 973 discedentibus
976 915 1056 972 ut
1098 906 1221 974 hoc
1261 929 1396 973 non
1429 907 1743 992 ignoretis
1776 909 2037 976 scilicet.
2122 910 2396 977 Invenit

452 999 675 1057 tamen
718 994 895 1057 viam
948 1006 1026 1057 ut
1081 993 1271 1059 nobis
1313 994 1612 1072 satisfiat,
1670 1015 1867 1078 quam
2000 1007 2062 1061 st
2099 1006 2393 1063 nostram

451 1076 954 1161 appellationem
987 1078 1371 1163 Lantqravio
1413 1081 1700 1164 aperuit:
1743 1089 1822 1145 ut
1863 1103 1901 1147 a
1951 1081 2172 1148 bibitis
2214 1092 2393 1148 utra-

449 1182 578 1245 que
655 1172 844 1246 parte
921 1163 1173 1230 duobus
1250 1164 1544 1243 testibus,
1563 1166 1621 1250 ⁶)
1697 1187 1817 1250 per
1893 1167 2394 1234 Praesidentem

451 1268 646 1331 quem
719 1248 1088 1334 designavit
1155 1249 1599 1317 Friderichum
1660 1250 2061 1317 Palatinum.
2187 1253 2394 1320 Orate

449 1333 829 1400 Dominum.
937 1336 1023 1400 In
1063 1335 1297 1401 heram
1339 1344 1791 1420 exspectamus
1834 1347 1910 1402 ut
1951 1339 2211 1404 initium
2256 1340 2389 1405 fiat.

449 1419 706 1486 Deleeti
751 1427 905 1485 sunt
946 1422 1027 1487 ab
1073 1421 1284 1487 altera
1327 1435 1513 1505 parte
1555 1422 1769 1490 Iulius
1819 1422 2150 1509 Phluyius,
2195 1426 2392 1491 Ioan-

448 1526 567 1571 nes
610 1504 881 1586 Eckiue,
937 1516 1003 1572 et
1051 1506 1414 1589 Groppenae
1457 1507 1882 1575 coloniensis.
1905 1511 1962 1593 ⁷)
2047 1512 2112 1576 A
2167 1521 2392 1577 nostra

446 1589 826 1742 {bxi-lilffl'
883 1591 1207 1658 Pistor-ius
1220 1596 1278 1671 ⁸)
1337 1601 1404 1658 et
1471 1614 1608 1678 ege.
1704 1593 2047 1679 Vigesima
2101 1596 2392 1663 secunda

1212 1939 1619 1948 ———-—.

1347 2121 1495 2191 301.

758 2260 1255 2329 LU'I'HERUS
1297 2260 2068 2330 MELANOHTHONI.

618 2429 990 2498 Consolatur
1035 2454 1177 2498 eum
1232 2433 1308 2498 de
1350 2453 1579 2500 manus
1633 2433 1964 2501 laxatione.
2055 2435 2275 2501 Etiam
2318 2437 2389 2502 in

444 2517 788 2584 maioribus
840 2517 979 2584 Deo
1027 2519 1350 2600 fidendum
1366 2570 1382 2599 ‚
1450 2520 1562 2602 qui
1615 2519 1711 2585 vel
1765 2540 1891 2602 pro
1943 2522 2390 2603 quiescentibus

432 2603 757 2686 mabit·

442 2773 1621 2927 are.22.÷0;?0s52.:.‡..0331012217·133·
1651 2775 2387 2927 ξιξ-...ιιρέξέιιοιιι

445 2928 479 2965 a
509 2910 655 2965 Besa
707 2917 985 2982 receptum
1034 2930 1068 2965 a
1112 2920 1303 2967 nostra
1346 2914 1585 2968 editione
1630 2915 1789 2969 absit.
1876 2916 1944 2969 In
1991 2915 2230 2985 Corpore
2348 2918 2386 2971 s.

444 2995 552 3033 non
588 2980 803 3050 legitur,
839 2998 1015 3052 neque
1050 2982 1194 3051 apud
1225 2981 1622 3119 Βξιξὲξιιίιιίιι,
1665 2983 2084 3038 Seidemannum
2120 2995 2177 3038 et
2209 2985 2384 3040 Burk·

1433 3069 1538 3106 um.

957 3238 1295 3306 Lutherus
1340 3237 1857 3308 Melanchthoni.

610 3375 1003 3460 Accepimus
1044 3377 1177 3443 iam
1220 3376 1459 3444 alteras
1502 3385 1755 3446 vestras
1781 3378 2042 3457 literas,
2086 3379 2179 3443 mi
2230 3377 2386 3444 Phi-

438 3459 622 3548 lippe.
711 3462 804 3527 Et
846 3461 1000 3528 lieet
1043 3462 1312 3528 dextrae
1354 3470 1508 3529 tuae
1557 3465 1924 3531 confractae
1950 3464 1998 3552 ¹)
2040 3485 2147 3529 me
2189 3465 2383 3531 mise-

438 3555 600 3625 reat,
646 3553 869 3613 tamen
911 3567 1033 3631 ego
1075 3568 1290 3631 neque
1332 3550 1465 3614 tuis
1506 3551 1848 3632 ominibus,
1869 3553 1928 3635 ²)
1962 3571 2172 3633 neque
2214 3551 2382 3616 meis

439 3632 649 3698 credo.
737 3633 874 3698 Res
939 3640 1204 3699 nostrae
1254 3655 1387 3700 non
1443 3654 1629 3715 casu,
1686 3634 1799 3703 sed
1859 3644 2035 3703 certo
2090 3636 2380 3716 eonsili0,

439 3739 569 3785 non
615 3718 880 3801 quidem
913 3718 1028 3784 illo
1071 3726 1296 3785 nostro
1339 3729 1479 3785 tam
1522 3720 1726 3801 felici,
1779 3721 2055 3800 scilieet,
2102 3722 2233 3788 imo
2277 3743 2381 3788 so-

436 3802 569 3871 lius
615 3805 744 3870 Dei
801 3812 1139 3889 geruntur.
1242 3804 1541 3872 Verbum
1597 3807 1833 3888 currit,
1890 3807 2097 3874 oratio
2151 3809 2378 3887 fervet,

438 3910 586 3974 spes
650 3890 906 3970 tolerat,
971 3889 1134 3956 fides
1196 3891 1404 3958 vincit
1459 3899 1535 3957 ut
1601 3892 1867 3977 palpare
1937 3894 2250 3978 cogimur,
2313 3902 2382 3958 et

436 3977 564 4041 nisi
632 3997 783 4043 caro
852 3998 1170 4055 essemus,
1248 3976 1535 4043 dormire
1608 4000 1947 4063 possemus
2014 3979 2378 4063 feriarique,

438 4061 689 4129 seilicet
751 4084 1070 4129 memores
1147 4063 1422 4129 Mosaiei
1499 4064 1715 4130 illius:
1794 4063 1934 4131 Vos
2012 4064 2379 4147 quiescetis,

435 4146 768 4214 Dominus
825 4158 1076 4233 pugnat
1132 4169 1250 4232 pro
1316 4150 1522 4215 vobis.
1626 4150 1800 4215 Nam
1842 4150 2100 4216 etiamsi
2161 4150 2381 4216 omnia

437 4232 626 4299 aliter
705 4234 984 4300 velimus
1054 4232 1414 4314 consulere,
1487 4234 1720 4316 dicere,
1790 4236 2021 4315 faeere,
2102 4236 2379 4320 vigilan-

436 4319 694 4400 tissimi,
764 4321 818 4385 si
874 4321 1062 4385 Deus
1124 4341 1258 4385 non
1336 4322 1662 4405 pugnarit,
1742 4322 1988 4387 frustra
2062 4321 2380 4406 vigilave-

436 4407 676 4471 rimus:
740 4405 853 4470 illo
911 4427 1068 4472 vero
1124 4414 1490 4489 pugnante,
1560 4428 1693 4472 non
1748 4407 1993 4474 frustra
2044 4406 2381 4472 dormieri-

436 4513 604 4558 mus.
693 4491 785 4557 Et
828 4500 1081 4557 certum
1139 4501 1239 4557 est
1292 4492 1508 4576 ipsum
1559 4514 1650 4575 pu
1746 4514 1884 4569 are,
1941 4502 2008 4558 et
2063 4492 2380 4577 paulatim

437 4584 502 4642 et
558 4574 968 4728 (pedetentim
1027 4577 1419 4644 descendere
1482 4577 1562 4643 de
1628 4585 1657 4642 t
1706 4599 1867 4643 reno
1922 4576 2005 4644 ad
2059 4576 2378 4644 iudicium

436 4661 556 4727 illu
659 4663 1311 4746 exspectatissimum.
1427 4664 1644 4729 Multa
1706 4671 1866 4730 sunt
1927 4664 2122 4730 nimis
2187 4664 2380 4749 signa

426 4900 1010 5043 Μωδῖςέέὲἇηοᾶιὲ).
1056 4901 1309 5025 giezo-asie
1335 4902 1673 4974 imperfecta.
1729 4902 1980 4959 Nomina
1999 4902 2220 4959 teatinam
2241 4918 2377 4973 ewp·

640 5042 699 5108 7)
737 5043 815 5097 In
850 5042 1163 5096 nominibus
1198 5041 1290 5111 Pfl
1376 5042 1410 5096 'i
1443 5041 1596 5097 etGr

639 5112 697 5175 8)
738 5111 828 5165 De
861 5111 963 5166 hoc
995 5128 1047 5166 v.
1085 5112 1251 5180 Corp.
1401 5152 1413 5165 .
1449 5113 1539 5166 lv.
1671 5151 1696 5192 .·

416 5194 421 5201 ·
469 5180 597 5242 801.
636 5182 694 5245 1)
736 5181 923 5261 Curru
956 5182 1020 5261 iv}
1051 5181 1250 5235 itinere
1282 5196 1466 5235 everso
1500 5180 1834 5235 luoeaaonem
1855 5194 2075 5263 paam
2100 5184 2180 5234 eet
2207 5195 2381 5249 neque

434 5265 682 5319 umquam
710 5255 943 5319 pemeus
977 5249 1395 5312 αποκατεστάθη
1434 5245 1462 5312 ἦ
1487 5252 1613 5319 χεὶρ
1648 5245 1799 5317 ὑγιὴς
1835 5266 1907 5307 ως
1942 5247 2142 5313 ritmo.
2214 5253 2273 5303 C.
2312 5251 2376 5303 R.

434 5319 532 5372 IV*
574 5320 701 5455 ΜΞ)
730 5318 852 5443 gg.
892 5387 1022 5441 bene
1055 5388 1234 5443 Laus.
1271 5392 1321 5441 et
1355 5386 1511 5442 Hem.
1552 5387 1813 5445 Caeterae
1843 5387 2014 5443 male.-
2051 5388 2319 5442 omnibus.

1781 5041 1965 5096 ‘varie
1982 5047 2243 5097 erranmt
2258 5041 2377 5096 edd.

2196 470 2356 531 1541
2403 464 2713 532 APRIL.

4309 466 4433 531 202

2495 674 2664 738 quae
2716 653 2783 719 id
2840 653 3005 718 mihi
3060 651 3472 737 persuadent.
3558 651 3694 717 Res
3735 652 3805 716 in
3862 650 4156 718 domibus
4199 653 4437 721 vestris

2496 739 2719 804 salvae
2763 747 2936 818 sunt,
2980 740 3195 824 gratia
3236 738 3383 803 Dei.
3473 737 3690 803 Nolite
3732 738 3998 816 timere,
4057 746 4264 804 estote
4305 740 4437 805 for-

2496 832 2599 889 tes
2641 833 2708 890 et
2748 825 2937 903 laeti,
2989 824 3156 889 nihil
3210 823 3487 891 solliciti.
3591 821 3918 888 Dominus
3973 845 4174 907 prope
4229 822 4431 890 adest.

2498 913 2723 993 Agant
2784 908 3092 993 quidquid
3152 916 3426 993 possunt
3478 907 3771 988 Hem-ici,
3835 909 4173 992 Episcopi,
4241 920 4436 994 atque

2496 995 2658 1061 adeo
2702 997 2947 1073 Turca,
3006 1005 3073 1060 et
3113 996 3256 1078 ipse
3299 992 3525 1060 Satan.
3614 993 3750 1058 Nos
3791 996 3978 1077 regni
4021 995 4140 1059 filii
4184 1015 4431 1075 sumus,

2496 1083 2606 1164 qui
2670 1081 2858 1147 illum
2921 1091 3303 1164 consputum
3384 1089 3451 1144 et
3512 1080 3798 1145 occisum
3876 1077 4085 1145 denuo
4148 1080 4230 1146 ab
4288 1080 4434 1147 istis

2497 1167 2797 1233 Henriei-s·
2849 1167 3238 1233 salvatorem
3306 1165 3581 1231 colimus
3639 1172 3706 1229 et
3775 1173 4241 1248 exspectamus.
4331 1169 4432 1232 22.

2498 1253 2747 1336 Aprilis
2799 1257 2976 1317 1541.

3261 1509 3664 1519 ———

3395 1693 3539 1764 302.

2980 1828 3451 1900 GALV‘INUS
3496 1829 3955 1899 FARELLO.

2677 2004 2885 2087 Usque
2926 2005 3103 2090 luyet,
3147 2004 3272 2070 imo
3312 2004 3519 2088 luyere
3559 2004 3752 2085 iuvat,
3789 2008 3932 2084 post
3971 2007 4210 2069 tantam
4251 2004 4434 2071 dilee-

2501 2096 2705 2156 torum
2762 2091 3013 2156 cladem.
3101 2089 3307 2174 Royat
3356 2090 3631 2156 amicum
3677 2094 3750 2152 ut
3787 2088 3865 2153 de
3902 2088 4087 2154 rebus
4133 2089 4438 2156 Geneven-

2490 2178 2662 2241 sium
2702 2176 2964 2256 scribat,
3016 2177 3126 2242 sed
3166 2176 3491 2256 moderate,
3549 2175 3643 2239 ita
3682 2178 3753 2238 ut
3793 2174 3976 2240 dictis
4013 2173 4198 2255 fidem
4238 2175 4436 2258 faeiat

2493 2264 2800 2328 sermonis
2876 2266 3432 2343 temperamentum.
3547 2258 3925 2324 Ratisbonae
3999 2260 4435 2342 colloquutom

2489 2347 2700 2413 delecti
2734 2369 2779 2412 a
2824 2345 3111 2414 Caesare.
3183 2346 3440 2432 Issuyii,
3481 2346 3789 2428 Gropperi
3828 2351 3887 2410 et
3925 2344 4106 2412 Eeeii
4147 2347 4431 2430 αἰθρίαν».

2493 2519 2605 2584 (Ex
2639 2519 2974 2588 autographo
3007 2519 3150 2572 Bibl.
3176 2517 3379 2572 Gener.
3400 2516 3529 2571 Cod.
3549 2514 3665 2581 106,
3702 2514 3792 2568 fol.
3817 2513 3902 2579 59,
3939 2517 4088 2568 cuius
4113 2515 4434 2654 ῧὶιοξηῖὅὴὸο

2491 2594 2710 2641 exstant
2743 2588 2874 2642 ibid.
2910 2587 3038 2642 Cod.
3076 2586 3191 2653 111,
3225 2587 3318 2640 sol.
3355 2584 3440 2651 47,
3466 2584 3625 2639 Arch.
3661 2583 3823 2638 Bern.
3857 2584 3942 2653 Ep
3985 2623 3996 2636 .
4027 2583 4087 2637 Τ.

2494 2656 2704 2711 Simler.
2741 2656 2858 2711 Vol.
2908 2655 2996 2711 49.
3064 2656 3263 2710 Versio
3312 2655 3659 2789 angli202a9·)ap.
3705 2652 3942 2706 Bonnet-
3988 2653 4236 2706 onstable
4283 2653 4344 2707 Τ.
4387 2653 4431 2708 Ῑ.

3345 2740 3383 2793 Ρ

2491 2911 2760 2997 Optimo
2815 2912 3018 2979 fratre
3068 2932 3214 2978 meo
3270 2911 3624 2978 Guillelmo
3666 2907 3929 2974 Fal-ello
3972 2909 4035 2975 N
4037 2909 4435 2979 eocomensis

2951 2999 3257 3065 eeclesiae
3300 2997 3544 3080 pastori
3588 2995 3982 3061 fidelissime.

2658 3135 2927 3202 Literae
2960 3154 3145 3200 meae
3178 3141 3544 3219 postremae
3571 3132 3622 3217 ¹)
3662 3132 3822 3199 satis
3855 3132 4028 3198 clare
4061 3132 4180 3199 tibi
4216 3138 4433 3199 osten-

2489 3220 2678 3300 dent,
2745 3242 2940 3304 quam
2995 3221 3234 3286 afflicto
3293 3221 3512 3285 animo
3569 3228 3729 3285 tune
3786 3218 4036 3283 fuerim.
4144 3217 4432 3285 Proinde

2489 3309 2546 3373 si
2588 3307 2743 3391 quid
2788 3306 3105 3373 stomachi
3141 3305 3493 3385 habebunt,
3537 3305 3835 3389 ignosces
3876 3302 4242 3370 incredibili
4284 3323 4434 3369 meo

2489 3393 2716 3473 dolori,
2752 3394 2862 3477 qui
2898 3415 3004 3459 me
3038 3399 3197 3458 tunc
3231 3392 3473 3458 fecerat
3506 3391 3694 3457 solito
3728 3390 4166 3455 morosiorem.
4238 3387 4304 3454 N
4303 3410 4435 3456 unc

2488 3501 2646 3545 vero
2688 3486 3020 3563 utcunque
3060 3498 3168 3543 me
3247 3477 3515 3543 aulatim
3561 3475 3953 3560 recolligam,
3996 3475 4168 3540 nihil
4209 3481 4435 3541 tamen

2487 3566 2767 3648 amplius
2829 3585 3022 3648 quam
3085 3585 3192 3629 mo
3239 3564 3406 3629 icam
3468 3561 3857 3628 levationem
3918 3562 4146 3627 sentio.
4249 3559 4434 3643 Quin

2487 3652 2704 3731 etiam,
2748 3649 2918 3734 quod
2957 3648 3150 3714 fateri
3204 3647 3422 3733 pudet,
3480 3648 3640 3713 adeo
3691 3647 3916 3731 lugere
3967 3648 4169 3725 iuvat,
4226 3653 4307 3711 ut
4361 3645 4432 3711 id

2484 3737 2702 3821 ipsum
2744 3734 3220 3821 quodammodo
3264 3754 3464 3800 suave
3507 3734 3610 3810 sit,
3655 3754 3790 3797 non
3833 3753 4101 3816 prorsus
4156 3751 4197 3795 a
4250 3729 4433 3797 luctu

2486 3821 2767 3887 liberari.
2868 3821 3135 3886 Interea
3189 3820 3416 3885 literas
3468 3838 3509 3882 a
3566 3818 3824 3885 Taleari
3879 3817 4115 3900 accepi,
4174 3818 4432 3901 Argen-

2484 3909 2627 3972 tina
2647 3910 2706 3991 2)
2750 3906 2953 3987 datas,
2997 3906 3236 3991 quibus
3272 3905 3697 3989 significabat,
3741 3903 4060 3970 nuncium
4103 3903 4219 3968 abs
4262 3911 4330 3968 te
4360 3902 4432 3968 in

2484 3994 2721 4060 itinere
2763 4013 2922 4070 esse,
2968 3993 3081 4076 qui
3123 4013 3231 4056 me
3276 3991 3355 4056 de
3397 3997 3621 4056 vestro
3679 3997 3856 4055 statu
3910 3989 4251 4055 certiorem
4299 3988 4431 4053 fae-

2484 4088 2676 4144 turus
2711 4087 2897 4144 esset.
2988 4077 3125 4143 Sed
3168 4098 3370 4159 quum
3403 4075 3656 4140 tamdiu
3690 4084 3982 4140 moratus
4017 4075 4120 4154 sit,
4166 4093 4432 4156 exspec-

2486 4172 2628 4231 tare
2672 4164 2914 4230 desino.
3006 4161 3081 4229 Si
3126 4163 3284 4245 quid
3330 4161 3531 4227 habes
3574 4160 3744 4244 quod
3798 4161 4062 4239 scribas,
4122 4168 4201 4224 ut
4256 4165 4432 4225 certe

2483 4250 2693 4315 multa
2730 4271 2871 4316 esse
2905 4256 3080 4331 pute,
3118 4249 3348 4313 literae
3371 4245 3750 4330 compendio
3771 4244 3855 4311 ad
3875 4267 3979 4311 me
4001 4245 4432 4328 perferentur,

2485 4337 2543 4402 si
2588 4334 2919 4402 Mrabilis
2937 4336 2990 4415 ⁸)
3039 4355 3149 4400 eas
3190 4332 3273 4398 ad
3315 4333 3571 4417 regium
3629 4332 3920 4416 legatum
3974 4331 4228 4396 miserit
4281 4349 4432 4396 eum

2483 4422 2906 4505 inscriptione
2942 4420 3025 4485 ad
3085 4419 3430 4486 Ulricham.
3453 4418 3512 4504 ⁴)
3598 4415 3779 4483 Satis
3827 4416 4002 4482 enim
4057 4416 4431 4499 frequentes

2482 4508 2679 4573 istinc
2721 4505 2947 4572 nuncii
2992 4504 3075 4570 ad
3118 4526 3236 4571 nos
3294 4512 3679 4571 commeant.
3771 4501 3982 4587 Cupio
4041 4510 4261 4568 autem
4317 4523 4429 4567 ex-

2483 4614 2689 4677 ponas
2743 4592 2931 4657 nobis
2987 4590 3267 4656 fideliter
3321 4598 3388 4655 et
3441 4588 3755 4668 dilucide,
3820 4609 3948 4672 quo
4005 4587 4118 4653 illa
4173 4599 4430 4655 contro·

2517 4831 2651 4894 ³⁰²⁹
2688 4831 2750 4967 ἒξ
2780 4830 3026 4970 ἔτόἓῖἓὲ
3066 4898 3289 4954 mmm
3335 4896 3481 4966 quod
3526 4896 3914 4966 autumpno„
4032 4894 4181 4949 αιτιοι
4225 4892 4425 4947 caete-2·

2483 4985 2686 5039 omnes,
2740 4970 2906 5024 etiam
2957 4969 3193 5037 Anylue,
3248 4967 3479 5021 habent:
3530 4968 3823 5037 trigesima.
4051 4961 4272 5017 Talean‘
4321 4961 4426 5029 (du

2490 5041 2964 5174 Ταᾱῳ)3ἴαΙεΙΡιῖηαὲ9
2990 5037 3210 5161 ’ἕοῖηΐῖ
3241 5076 3439 5174 ραὶῖίοο
3465 5103 3682 5158 nemim
3701 5103 3980 5156 Mirabeau
3998 5099 4245 5181 appellat
4289 5099 4350 5153 T.
4369 5099 4425 5154 I.

2483 5177 2630 5246 anyz.
2662 5192 2725 5245 p.
2764 5177 2898 5245 230‚·
2933 5176 3269 5243 Keramos&
3302 5175 3392 5228 Η.
3429 5174 3522 5226 27:
3571 5175 3722 5226 flans
3771 5172 4126 5224 Wunderncn.
4199 5139 4425 5250 ἐπει-πρ

2484 5247 2733 5301 amicitia
2764 5246 2990 5301 iunctus
3022 5251 3157 5301 erat.
3230 5242 3441 5313 Βορέω
3477 5242 3688 5311 leym
3722 5239 3969 5294 Maon-us
4003 5237 4279 5294 Musam
4309 5252 4425 5294 mu

2479 5316 2747 5453 saam‘ij
2785 5384 3028 5440 oham
3061 5381 3326 5438 meam·
