5050 6167
488 425 608 488 261

488 632 531 676 a
578 607 990 694 parentibus,
1044 608 1362 673 invenire.
1447 606 1640 675 Unus
1705 606 1940 673 horum
1994 606 2261 672 omnino
2304 608 2440 674 fixa

489 694 817 762 sententia
858 695 1029 758 istuc
1069 695 1296 760 venire
1340 693 1571 771 voluit,
1617 692 1786 758 alter
1836 713 1877 757 a
1932 691 2241 759 Michaele
2280 692 2438 758 Bla-

486 781 683 848 siensi
702 778 760 866 ⁴)
783 779 1146 864 petebatur.
1217 777 1352 845 Sed
1391 778 1502 845 ubi
1537 778 1862 843 intellexit
1884 778 2104 843 fratris
2128 778 2436 862 inopiam,

487 875 556 932 et
595 867 774 931 furta
816 865 1048 948 quibus
1090 864 1419 948 expilatus
1460 864 1609 942 fuit,
1653 863 1887 928 maluit
1922 862 2172 929 Orbam
2216 871 2438 947 petere

487 961 565 1018 ut
606 973 689 1017 ex
732 950 954 1017 labore
984 951 1236 1015 viveret
1271 953 1506 1033 potius,
1551 962 1746 1032 quam
1770 949 2147 1032 depressum
2167 970 2437 1032 prorsus

488 1037 889 1121 opprimere,
964 1046 1194 1119 pectus
1271 1037 1455 1118 pium
1534 1043 1816 1101 testatus
1892 1043 1961 1100 et
2024 1055 2432 1119 generosum.

488 1121 701 1188 Valde
756 1122 1045 1187 afficitur
1094 1122 1414 1188 Tossanus
1472 1120 1557 1187 ob
1597 1121 1917 1198 Feretum,
1938 1124 1996 1198 ὅ)
2063 1122 2167 1186 cui
2211 1121 2437 1187 literas

489 1209 711 1275 ferunt
764 1204 950 1272 datas
1010 1227 1049 1271 a
1104 1216 1339 1272 senatu
1386 1208 1739 1284 Bernensi,
1794 1207 2030 1289 quibus
2073 1226 2195 1271 sua
2236 1208 2436 1273 abitio

487 1315 622 1361 non
666 1292 1017 1357 damnatur
1058 1301 1127 1356 et
1169 1302 1435 1358 veretur
1470 1314 1554 1358 ne
1597 1293 1834 1358 fratres
1872 1292 2217 1374 Gayenses
2261 1291 2436 1361 idem

485 1380 746 1456 faciant,
791 1378 1275 1461 approbentque
1310 1378 1809 1457 mercenarium,
1846 1398 1931 1443 ne
1953 1377 2167 1442 dicam
2189 1375 2435 1461 lupum,

484 1485 608 1616 ff),
647 1473 927 1548 pastore.
1018 1462 1226 1530 Cuius
1269 1464 1326 1530 si
1369 1473 1571 1547 potes,
1617 1484 1728 1529 eos
1770 1462 2175 1541 admonebis,
2231 1484 2318 1528 ne
2365 1463 2436 1527 in

595 1551 777 1616 mino
819 1558 1107 1633 peccent.
1174 1547 1391 1629 Quam
1428 1570 1661 1615 vereor
1693 1570 1779 1613 ne
1822 1547 2147 1632 praesenti
2190 1547 2438 1613 ultione

485 1637 616 1702 Dei
671 1636 990 1701 feriantur
1044 1634 1269 1711 multi,
1324 1637 1435 1718 qui
1490 1636 1583 1700 sic
1634 1633 1875 1700 ludunt
1916 1635 1989 1697 in
2033 1641 2166 1697 tam
2212 1644 2436 1699 sancto

484 1721 871 1799 ministerio,
914 1720 1086 1804 quod
1129 1721 1297 1786 faxit
1338 1721 1645 1786 Christus
1679 1728 1757 1784 ιιι
1807 1719 2005 1803 longe
2048 1719 2277 1801 purius
2319 1719 2434 1784 ad·

484 1807 898 1874 ministretur
987 1814 1054 1872 et
1138 1806 1511 1888 recipiatur.
1636 1805 1822 1870 Vale.
1944 1803 2181 1871 Saluta
2269 1803 2435 1869 mihi

484 1914 717 1959 omnes
757 1894 827 1957 in
872 1893 1172 1958 Domino.
1260 1892 1501 1957 Iubent
1542 1898 1610 1956 te
1649 1891 1859 1955 nostri
1901 1911 2130 1955 omnes
2177 1890 2434 1956 salvum

488 2000 633 2045 esse
674 2000 823 2046 cum
868 1999 1088 2055 uxore,
1147 1985 1504 2043 matertera
1545 1984 1615 2043 et
1658 1975 1807 2042 aliis
1850 1975 2171 2042 omnibus.
2260 1976 2434 2042 Neo-

486 2065 657 2131 eomi
704 2070 760 2129 5.
810 2065 1096 2148 Augusti
1147 2068 1327 2128 1541.

1738 2198 2044 2266 Farellus
2086 2208 2262 2265 tuus.

1385 2644 1533 2716 841.

1021 2782 1493 2853 GALVINUS
1537 2781 1909 2849 VIBE'I'O.

662 2958 956 3025 Buoems
1009 2958 1219 3024 rediit.
1320 2957 1471 3039 Ipse
1520 2974 1730 3019 morae
1785 2955 2122 3036 impatiens
2162 2952 2258 3018 vel
2296 2971 2439 3019 eum

488 3044 602 3112 3110
641 3045 736 3111 vel
776 3045 915 3111 sine
956 3044 1065 3111 illo
1104 3045 1241 3109 iam
1281 3042 1501 3109 aderit.
1594 3040 1864 3108 comitia
1899 3040 2196 3121 finierunt
2236 3061 2307 3106 re
2350 3040 2442 3103 in·

492 3130 673 3214 fecta,
718 3150 909 3211 neque
949 3150 1093 3211 spes
1127 3129 1346 3211 aliqua
1388 3132 1672 3208 superest
1711 3128 1789 3193 de
1822 3126 2133 3209 promisso
2167 3125 2440 3192 concilio.

496 3214 896 3283 Commendat
935 3222 1285 3281 matronam
1322 3213 1615 3298 qollicom
1659 3213 1765 3278 cui
1818 3212 2123 3278 commodo
2176 3210 2441 3294 hospitio

488 3303 892 3386 excipiendae
922 3301 1210 3383 prospici
1251 3301 1436 3381 cupit.

490 3472 915 3595 &zunthe
941 3467 1787 3593 ⁰3⁸?‘1321032‘2·‘31533'·.333;
1824 3466 1943 3588 ,Μ’
1979 3466 2069 3520 ¹⁰L
2105 3466 2194 3588 ⁶3·
2228 3466 2438 3588 stiam!

608 3581 621 3594 .
787 3581 801 3607 ,
919 3582 930 3593 .
1074 3580 1088 3594 .
1786 3553 1822 3604 p
1844 3554 1907 3588 al·
1948 3553 2113 3588 manu
2186 3552 2312 3589 onvl
2356 3552 2439 3588 801

858 3612 903 3663 A
925 3608 1220 3748 11me
1230 3625 1292 3746 f⁰
1295 3608 1539 3730 geiffiss’?
1528 3606 1663 3728 vg?
1666 3605 1794 3739 deo,1
1800 3603 2024 3728 lxissrg‘i’g'
2047 3600 2269 3743 8ἷέυέ
2270 3604 2437 3738 {liii}

1342 3762 1394 3814 1>-
1430 3742 1577 3809 254.)

486 3618 831 3748 33⁰3...

662 3934 930 4018 Optimo
972 3934 1162 4000 fratri
1196 3955 1340 4000 meo
1394 3934 1596 3998 Petro
1638 3932 1888 4007 Viret0,
1944 3929 2439 3996 Lausannensis

486 4020 799 4174 ffiffffie
842 4022 1084 4104 pastori
1127 4018 1503 4086 fidelissimo
1549 4026 1617 4082 et
1660 4016 2077 4084 Genevensis
2126 4014 2438 4081 adminis-

659 4245 805 4309 Iam
846 4247 1115 4326 quintus
1160 4242 1299 4308 dies
1342 4242 1561 4325 agitur
1582 4263 1665 4306 ex
1687 4261 1815 4324 quo
1837 4238 2125 4304 Bucerus
2146 4236 2358 4303 rediit.
2387 4239 2437 4320 ι)

488 4329 802 4396 Nondum
845 4338 1067 4395 tamen
1111 4348 1347 4412 urgere
1391 4347 1588 4391 ausus
1632 4347 1801 4405 sum,
1838 4333 1914 4390 ut
1955 4324 2175 4389 itineri
2220 4324 2437 4390 accin-

489 4434 826 4501 geremur:
884 4422 1028 4480 tum
1083 4416 1233 4497 quia
1279 4413 1559 4479 sciebam
1613 4431 1721 4476 me
1771 4432 1905 4476 non
1972 4409 2160 4475 facile
2232 4411 2438 4492 impe-

490 4508 854 4580 traturum,
901 4510 976 4565 ut
1016 4500 1306 4578 veniret,
1353 4496 1663 4580 quamdiu
1708 4496 2169 4579 compositores
2188 4496 2241 4574 ²)
2301 4494 2437 4559 illic

490 4594 741 4665 essent,
801 4608 886 4652 ne
927 4585 1083 4669 quid
1136 4584 1315 4650 aliud
1360 4605 1551 4668 agere
1610 4581 2009 4647 videremur:
2082 4590 2222 4645 tum
2264 4579 2435 4663 quod

538 4864 548 4876 ⁶
695 4794 755 4859 4)
788 4797 1012 4873 pastore
1044 4790 1294 4872 ecelesiae
1326 4790 1389 4844 in
1427 4788 1481 4843 S.
1518 4788 1723 4852 Βὶαίεε,
1759 4787 1836 4841 ad
1869 4786 2024 4841 lacus
2050 4785 2437 4840 Neocomeasis

490 4877 672 4932 ”pm
696 4861 1499 4994 ggpzeztrltjoegalessuztettaebum
1550 4924 1774 4992 Goppeti
1816 4921 2167 4977 ministrum?
2220 4921 2434 4987 (Hem.

493 4997 752 5131 ΙθίῙῗηΙζ
794 5067 1155 5122 Ratisbonam
1191 5065 1469 5135 reliquisse
1501 5064 1715 5117 videtur
1749 5061 1849 5114 sab
1879 5059 2038 5125 finem
2076 5059 2229 5127 Iulii,
2276 5057 2438 5112 amul

492 5151 616 5191 eum
654 5136 1081 5190 Melanchthone.

697 5205 759 5269 2)
798 5206 1019 5259 Arbitri
1062 5204 1404 5257 Bast'leemes
1449 5200 1515 5254 de
1548 5200 1640 5254 lite
1682 5214 1803 5254 m
1847 5197 2181 5252 Boo-natibus
2226 5212 2435 5264 compo·

491 5274 677 5411 manes.
607 5315 693 5399 N.
716 5271 895 5396 33ῗαί
947 5290 990 5328 ο.
1031 5273 1172 5326 Idus
1218 5272 1362 5340 Any.
1415 5268 1685 5323 Genevam
1732 5268 2069 5337 reliquerunt
2109 5265 2314 5333 infecta
2359 5280 2434 5319 re.

2059 422 2215 484 1541
2255 418 2925 490 mn—AUGUST.

4371 430 4501 494 262

2543 608 2861 676 hactenus
2903 614 3254 692 occupatus
3295 609 3439 688 suit,
3484 610 3727 693 partim
3760 610 4109 694 scriptione
4144 610 4502 683 admodum

2542 695 2924 773 necessaria,
2940 694 2997 778 ⁸)
3020 694 3265 779 partim
3289 694 3642 761 domestico
3664 696 3949 779 negotio,
3983 717 4113 780 quo
4142 696 4499 769 hodiernus

2543 782 2829 864 primum
2883 779 3022 846 dies
3082 801 3233 846 eum
3291 780 3641 863 expedivit.
3752 783 4005 847 Verum
4063 783 4329 867 scriptio
4361 786 4498 852 -illa

2542 866 2746 945 brevi,
2787 878 2863 931 ut
2903 866 3203 946 arbitror,
3248 867 3531 944 finietur,
3577 873 3645 931 et
3684 867 3819 932 iam
3862 868 3934 931 in
3970 868 4265 952 singulas
4299 870 4497 937 horas

2542 960 2996 1034 exspectamus
3014 1002 3028 1030 ,
3087 951 3248 1016 dum
3292 953 3681 1017 renuncient
3738 952 4137 1019 Basilienses
4181 955 4499 1037 quidnam

2542 1038 2816 1121 egerint.
2928 1038 3042 1103 Me
3119 1058 3275 1103 vero
3354 1036 3503 1120 plus
3582 1039 3827 1103 centies
3900 1040 4251 1120 poenituit,
4323 1040 4498 1123 quod

2542 1123 2907 1206 Ratispoua
2975 1144 3279 1189 reversus
3349 1143 3480 1188 non
3544 1124 3767 1188 statim
3836 1122 3995 1190 illuc
4048 1125 4493 1192 accurrissem.

2541 1209 2713 1273 Nam
2759 1209 2880 1274 etsi
2913 1209 3061 1274 istic
3096 1229 3330 1291 parum
3365 1209 3716 1291 profuisset
3749 1229 3895 1273 mea
3941 1212 4341 1293 praesentia,
4387 1232 4496 1278 me

2543 1303 2763 1358 tamen
2819 1314 3063 1379 magua
3116 1293 3449 1359 anxietate
3492 1293 3858 1360 liberasset:
3919 1295 4091 1378 quod
4155 1318 4496 1380 nunquam

2544 1379 2706 1444 desii
2750 1399 2892 1446 esse
2936 1379 3270 1459 sollicitus,
3316 1400 3626 1462 quorsum
3671 1400 3777 1445 res
3828 1380 4151 1457 evaderet,
4196 1389 4266 1447 et
4298 1382 4496 1448 simul

2542 1466 2786 1545 vereri,
2845 1486 2929 1530 ne
2997 1466 3067 1529 in
3121 1465 3266 1530 istis
3324 1464 3818 1531 difficultatibus
3876 1467 4119 1532 nostris
4182 1467 4494 1534 deessem.

2543 1548 2680 1615 Sed
2714 1572 2819 1616 me
2863 1572 2947 1616 ex
2988 1549 3197 1616 altera
3237 1558 3423 1634 parte
3466 1551 3738 1616 retinuit
3796 1550 4096 1619 diversus
4135 1554 4349 1633 timor,
4408 1574 4495 1619 ne

2543 1636 2700 1719 quid
2759 1635 2934 1702 aliud
3001 1636 3494 1720 suspicarentur
3544 1636 3641 1701 illi
3707 1637 3916 1702 nostri
3971 1645 4225 1705 veteres
4280 1639 4491 1719 amici,

2540 1723 2653 1804 qui
2730 1722 2945 1787 solent
3030 1723 3255 1786 omnia
3341 1723 3414 1786 in
3493 1723 3830 1789 sinistram
3905 1730 4161 1806 partem
4243 1745 4491 1808 rapere.

2541 1805 2758 1872 Simul
2802 1816 3024 1873 tamen
3068 1815 3263 1890 atque
3307 1806 3548 1890 aliquid
3592 1807 3864 1873 allatum
3906 1809 4141 1887 fuerit,
4179 1832 4311 1874 non
4354 1831 4494 1876 ces·

2540 1891 2695 1959 sabo
2740 1892 2946 1957 donec
2980 1892 3303 1958 Bucerum
3344 1913 3600 1958 mecum
3635 1893 3972 1976 abripiam.
4064 1893 4256 1975 Quod
4291 1895 4349 1960 si
4382 1915 4490 1960 me

2541 1977 2756 2044 adhuc
2799 1977 3076 2056 differet,
3124 1979 3386 2045 veniam
3430 1978 3878 2058 nihilominus,
3923 1979 4156 2045 saltem
4199 1989 4276 2046 ut
4330 2002 4489 2047 con-

2540 2063 2758 2129 silium
2804 2083 2886 2128 ex
2932 2085 3004 2129 re
3045 2065 3381 2148 praesenti
3437 2071 3656 2129 tecum
3719 2072 3785 2129 et
3827 2086 3978 2130 cum
4013 2064 4160 2131 aliis
4209 2068 4485 2149 capiam.

2540 2148 2715 2215 Nam
2760 2169 2973 2232 neque
3015 2150 3380 2233 longiorem
3424 2170 3678 2215 moram
3720 2151 3967 2232 patitur
4023 2152 4331 2217 ecclesiae
4376 2173 4492 2217 ne-

2541 2236 2826 2314 cessitas,
2873 2256 2994 2302 nec
3037 2237 3257 2318 quieto
3301 2256 3444 2301 esse
3488 2236 3705 2300 animo
3749 2256 4017 2318 possum
4073 2237 4145 2301 in
4198 2238 4328 2302 ista
4370 2236 4494 2303 du-

2539 2320 2883 2399 bitatione,
2953 2342 3072 2386 nec
3137 2340 3324 2386 meae
3401 2341 3656 2404 quoque
3734 2320 4123 2387 domesticae
4201 2324 4493 2388 rationes

2540 2407 2792 2483 ferunt,
2850 2413 2930 2471 ut
2987 2403 3245 2471 diutius'
3289 2407 3384 2471 ita
3442 2426 3801 2488 suspensus
3848 2426 4169 2472 maneam.
4257 2407 4494 2490 Itaque

2542 2492 2612 2557 in
2657 2490 2897 2558 scholis
2939 2511 3153 2574 nuper
3195 2489 3374 2555 edixi
3426 2512 3533 2556 me
3598 2490 3882 2575 amplius
3945 2511 4078 2556 non
4144 2493 4492 2574 lecturum,

2542 2577 2749 2644 donec
2792 2577 3040 2660 aliquid
3082 2578 3156 2641 in
3191 2577 3515 2641 utramvis
3550 2585 3805 2659 partem
3841 2577 4272 2643 constitutum
4306 2579 4491 2644 foret.

2541 2664 2732 2729 Finis
2798 2663 3211 2729 comitiorum
3226 2665 3284 2737 ⁴)
3360 2661 3512 2727 talis
3587 2663 3743 2740 fuit,
3816 2661 4077 2745 qualem
4156 2684 4276 2747 ego
4354 2665 4495 2730 fore

2542 2770 2800 2832 semper
2841 2746 3151 2815 divinavi.
3238 2749 3407 2813 'Pota
3449 2747 3624 2812 enim
3667 2746 4141 2832 pacificationis
4197 2748 4365 2813 actio
4420 2749 4496 2814 in

2541 2834 2797 2901 fumum
2841 2834 3020 2914 abiit,
3065 2854 3267 2917 quum
3311 2832 3395 2898 ad
3438 2832 3785 2899 concilium
3829 2833 4203 2899 universale
4250 2834 4496 2900 reiecta

2543 2927 2662 3001 est,
2698 2920 2803 2986 vel
2848 2920 3085 2986 saltem
3128 2918 3475 2999 nationale,
3521 2920 3577 2984 si
3621 2918 3785 2983 illud
3827 2919 4011 2983 brevi
4054 2917 4336 2984 obtineri
4376 2940 4494 2984 ne-

2545 3013 2753 3089 queat.
2867 3004 3045 3087 Quid
3102 3006 3273 3071 enim
3335 3004 3459 3072 hoc
3522 3004 3701 3070 aliud
3765 3010 3866 3069 est
3916 3025 4113 3087 quam
4171 3006 4491 3071 frustrari.

2543 3092 2716 3157 Nam
2739 3091 2912 3175 quod
2934 3098 3159 3175 postea
3203 3088 3496 3155 additum
3536 3097 3655 3169 est,
3692 3098 3839 3173 post
3874 3090 4341 3173 sesquiannum
4376 3090 4497 3157 ha-

2543 3176 2755 3243 benda
2808 3198 2983 3242 nova
3049 3175 3341 3257 comitia,
3408 3176 3466 3241 si
3530 3175 3820 3242 consiliis
3887 3174 4056 3241 nihil
4122 3176 4493 3258 proficitur:

2543 3264 2832 3348 primum
2874 3262 2942 3328 id
2985 3269 3088 3329 est
3128 3262 3327 3327 nimis
3384 3261 3659 3345 longum
3701 3268 3990 3345 tempus»,
4055 3260 4290 3326 deinde
4360 3282 4495 3327 non

2543 3348 2826 3414 multum
2842 3349 2980 3430 spei
3003 3347 3191 3414 nobis
3214 3345 3537 3412 dederunt
3557 3347 3913 3430 superiora,
3938 3355 4262 3429 postremo
4286 3346 4497 3412 eredi-

2545 3434 2673 3501 bile
2708 3443 2809 3501 est
2835 3433 3166 3501 Gaesarem
3196 3435 3289 3498 ita
3309 3433 3445 3498 fore
3478 3442 3623 3497 tum
3643 3442 4027 3516 occupatum
4052 3431 4197 3498 aliis
4226 3433 4399 3498 curis
4421 3439 4496 3497 ut

2544 3541 2586 3585 a
2620 3520 2898 3586 comitiis
2939 3519 3178 3586 habeat
3218 3520 3460 3584 iustam
3505 3521 3925 3583 vacationem.
4014 3515 4350 3600 Quidquid
4389 3518 4493 3599 sit,

2545 3607 2839 3671 sentiunt
2892 3616 3115 3671 tamen
3170 3603 3565 3683 adversarii,
3623 3625 3693 3669 se
3736 3624 3872 3668 non
3916 3625 4196 3687 parvum
4245 3603 4494 3669 vulnus

2544 3692 2885 3773 accepisse.
2973 3691 3065 3755 Et
3106 3690 3244 3755 dies
3285 3690 3413 3756 hoc
3456 3690 3667 3774 magis
3712 3688 4086 3755 declarabit.
4161 3688 4297 3755 Sed
4342 3688 4494 3754 nolo

2541 3776 2713 3843 hanc
2789 3776 3238 3842 narrationem
3306 3775 3568 3859 longius
3632 3776 3965 3859 prosequi,
4047 3776 4202 3857 quia
4265 3782 4494 3858 potero

2542 3884 2760 3929 coram
2818 3860 3085 3928 melius:
3143 3859 3313 3944 quod
3369 3882 3557 3945 spero
3616 3860 3990 3944 propediem
4047 3859 4310 3926 volente
4352 3860 4491 3925 Do·

2543 3949 2724 4012 mino
2786 3948 3099 4013 futurum.
3206 3946 3391 4012 Haec
3446 3954 3748 4011 matrona
3805 3947 4063 4011 circiter
4117 3944 4493 4028 quindecim

2542 4054 2804 4099 menses
2847 4031 3020 4117 apud
3066 4052 3185 4096 nos
3216 4032 3359 4097 fuit.
3431 4029 3566 4098 Sed
3587 4032 3737 4114 quia
3757 4040 3859 4097 est
3879 4032 3938 4096 ei
3958 4030 4495 4096 molestissimum

2542 4120 2614 4184 in
2657 4141 2737 4185 ea
2779 4125 2955 4183 terra
2998 4118 3244 4197 vivere,
3289 4117 3400 4183 ubi
3437 4138 3564 4182 non
3600 4116 4023 4201 intelligatur,
4070 4115 4304 4182 deinde
4340 4116 4495 4197 quia

2541 4205 2734 4269 timet
2774 4226 2857 4270 ne
2901 4210 3241 4287 postquam
3308 4203 3526 4269 abiero
3580 4203 3790 4286 magis
3846 4202 4241 4268 destituatur
4294 4220 4496 4284 quam

2544 4298 2716 4371 ante,
2775 4310 2847 4356 se
2899 4290 3070 4356 istuc
3125 4288 3420 4354 conferre
3462 4288 3712 4352 maluit.
3801 4287 4023 4353 Habet
4056 4286 4228 4352 unde
4282 4286 4491 4352 vivat.

2544 4378 2647 4441 'l‘u
2691 4375 2884 4442 modo
2926 4396 3071 4440 eam
3112 4374 3182 4439 in
3217 4372 3602 4457 reperienda
3636 4373 3826 4438 domo
3861 4372 4214 4438 adiuvabis.
4285 4374 4493 4438 Aetas

2543 4461 2667 4528 hoo
2732 4468 3053 4540 merctur,
3120 4468 3187 4524 et
3250 4458 3449 4525 habet
3502 4460 3669 4525 filios
3734 4459 4247 4524 honestissimos.
4356 4458 4494 4523 Fac

2540 4548 2745 4632 igitur
2800 4555 2874 4612 ut
2930 4546 3172 4612 sentiat
3224 4566 3440 4612 meam
3492 4544 4125 4610 commendationem
4176 4544 4300 4610 sibi
4343 4565 4495 4626 pro-

2539 4634 2756 4699 fuisse.
2865 4632 3081 4711 Haec,
3145 4653 3311 4714 quae
3378 4632 3494 4697 abs
3571 4640 3636 4695 te
3703 4632 3992 4714 requiro,
4058 4628 4493 4695 humanitatis

2539 4719 2754 4784 officia
2795 4716 3041 4802 poteris
3088 4717 3150 4782 ei
3192 4715 3517 4797 exhibere,
3563 4724 3639 4782 ut
3682 4717 3928 4799 opinor,
3975 4717 4138 4782 citra
4180 4734 4492 4799 magnam

2538 4803 2923 4869 molestiam.
3014 4802 3166 4867 Non
3211 4816 3428 4867 tamen
3470 4801 3736 4869 consulo
3789 4808 3868 4866 ut
3924 4822 4069 4866 eam
4119 4800 4292 4866 domi
4337 4805 4490 4864 tuae

2538 4888 2800 4967 habeas,
2845 4887 2959 4953 sed
2984 4895 3248 4952 tantum
3282 4896 3359 4952 ut
3404 4888 3464 4952 ei
3499 4887 3763 4953 domum
3802 4886 4084 4969 aliquam
4109 4907 4227 4969 per
4246 4884 4490 4950 amicos

2541 4974 2713 5039 iusto
2757 4973 3099 5039 locationis
3141 4974 3368 5058 pretio,
3413 4994 3747 5057 procures,
3806 4993 3887 5038 ne
3945 4971 4215 5038 haerere
4256 4968 4372 5034 diu
4415 4969 4492 5034 in

2545 5150 2626 5156 ——-
2693 5149 2718 5156 -
2811 5148 2860 5154 ---
2879 5148 2926 5154 --

2747 5263 2808 5331 3)
2844 5264 3000 5321 Act-‘a
3037 5263 3543 5329 Ratiabonmibus,
3579 5263 3696 5318 nisi
3724 5263 3990 5329 fallimur.

2743 5330 2808 5402 4)
2841 5333 2894 5389 d.
2929 5331 3015 5387 29.
3055 5333 3195 5388 Iul-'s'
3224 5332 3294 5399 es.
3335 5331 3576 5388 &eidam
3608 5348 3666 5402 p.
3700 5331 3821 5386 235.
3898 5328 4076 5466 0.ιῇ
4110 5327 4216 5384 1V.
4252 5326 4372 5381 626.
