<?xml version="1.0" encoding="UTF-8"?>
<!DOCTYPE html PUBLIC "-//W3C//DTD XHTML 1.0 Transitional//EN"
    "http://www.w3.org/TR/xhtml1/DTD/xhtml1-transitional.dtd">
<html xmlns="http://www.w3.org/1999/xhtml" xml:lang="en" lang="en">
 <head>
  <title>
</title>
<meta http-equiv="Content-Type" content="text/html;charset=utf-8" />
  <meta name='ocr-system' content='tesseract 3.04.00' />
  <meta name='ocr-capabilities' content='ocr_page ocr_carea ocr_par ocr_line ocrx_word'/>
</head>
<body>
  <div class='ocr_page' id='page_1' title='image "./ioanniscalvinio13unkngoog_0384.png"; bbox 0 0 5050 6167; ppageno 0'>
   <div class='ocr_carea' id='block_1_1' title="bbox 666 467 797 531">
    <p class='ocr_par' dir='ltr' id='par_1_1' title="bbox 666 467 797 531">
     <span class='ocr_line' id='line_1_1' title="bbox 666 467 797 531; baseline 0.015 -1"><span class='ocrx_word' id='word_1_1' title='bbox 666 467 797 531; x_wconf 75' lang='lat'><strong>&#39;739</strong></span> 
     </span>
    </p>
   </div>
   <div class='ocr_carea' id='block_1_2' title="bbox 659 644 2611 1504">
    <p class='ocr_par' dir='ltr' id='par_1_2' title="bbox 659 644 2611 1504">
     <span class='ocr_line' id='line_1_2' title="bbox 665 644 2611 734; baseline -0.002 -17"><span class='ocrx_word' id='word_1_2' title='bbox 665 671 710 717; x_wconf 87' lang='lat' dir='ltr'><strong>a</strong></span> <span class='ocrx_word' id='word_1_3' title='bbox 749 649 940 717; x_wconf 83' lang='lat' dir='ltr'><strong>nevis</strong></span> <span class='ocrx_word' id='word_1_4' title='bbox 981 648 1204 716; x_wconf 87' lang='lat' dir='ltr'><strong>amicis</strong></span> <span class='ocrx_word' id='word_1_5' title='bbox 1242 649 1500 734; x_wconf 88' lang='lat' dir='ltr'><strong>poterit.</strong></span> <span class='ocrx_word' id='word_1_6' title='bbox 1562 646 1648 715; x_wconf 94' lang='lat' dir='ltr'><strong>In</strong></span> <span class='ocrx_word' id='word_1_7' title='bbox 1690 668 1852 734; x_wconf 89' lang='lat' dir='ltr'><strong>quas</strong></span> <span class='ocrx_word' id='word_1_8' title='bbox 1884 653 2109 734; x_wconf 88' lang='lat' dir='ltr'><strong>partes</strong></span> <span class='ocrx_word' id='word_1_9' title='bbox 2150 655 2229 713; x_wconf 92' lang='lat' dir='ltr'><strong>ut</strong></span> <span class='ocrx_word' id='word_1_10' title='bbox 2268 644 2611 713; x_wconf 78' lang='lat' dir='ltr'><strong>incumbas</strong></span> 
     </span>
     <span class='ocr_line' id='line_1_3' title="bbox 665 733 2609 819; baseline -0.002 -17"><span class='ocrx_word' id='word_1_11' title='bbox 665 736 922 802; x_wconf 86' lang='lat' dir='ltr'><strong>hortari</strong></span> <span class='ocrx_word' id='word_1_12' title='bbox 962 745 1029 801; x_wconf 92' lang='lat' dir='ltr'><strong>te</strong></span> <span class='ocrx_word' id='word_1_13' title='bbox 1072 733 1463 819; x_wconf 75' lang='lat' dir='ltr'><strong>supersedeo</strong></span> <span class='ocrx_word' id='word_1_14' title='bbox 1478 785 1496 815; x_wconf 92' lang='lat'><strong>,</strong></span> <span class='ocrx_word' id='word_1_15' title='bbox 1556 735 1709 818; x_wconf 90' lang='lat' dir='ltr'><strong>quia</strong></span> <span class='ocrx_word' id='word_1_16' title='bbox 1749 735 1911 801; x_wconf 89' lang='lat' dir='ltr'><strong>satis</strong></span> <span class='ocrx_word' id='word_1_17' title='bbox 1963 733 2407 800; x_wconf 77' lang='lat' dir='ltr'><strong>voluntarium</strong></span> <span class='ocrx_word' id='word_1_18' title='bbox 2465 752 2609 798; x_wconf 88' lang='lat' dir='ltr'><strong>esse</strong></span> 
     </span>
     <span class='ocr_line' id='line_1_4' title="bbox 664 818 2610 904; baseline -0.003 -17"><span class='ocrx_word' id='word_1_19' title='bbox 664 820 831 887; x_wconf 88' lang='lat' dir='ltr'><strong>mihi</strong></span> <span class='ocrx_word' id='word_1_20' title='bbox 894 822 1208 904; x_wconf 80' lang='lat' dir='ltr'><strong>persuasi.</strong></span> <span class='ocrx_word' id='word_1_21' title='bbox 1312 819 1662 887; x_wconf 75' lang='lat' dir='ltr'><strong>Caeterum</strong></span> <span class='ocrx_word' id='word_1_22' title='bbox 1727 821 1865 886; x_wconf 85' lang='lat' dir='ltr'><strong>sive</strong></span> <span class='ocrx_word' id='word_1_23' title='bbox 1922 826 2217 885; x_wconf 82' lang='lat' dir='ltr'><strong>extrema</strong></span> <span class='ocrx_word' id='word_1_24' title='bbox 2273 818 2610 903; x_wconf 75' lang='lat' dir='ltr'><strong>dissipatio</strong></span> 
     </span>
     <span class='ocr_line' id='line_1_5' title="bbox 664 903 2608 990; baseline -0.002 -18"><span class='ocrx_word' id='word_1_25' title='bbox 664 906 1021 986; x_wconf 88' lang='lat' dir='ltr'><strong>immineat,</strong></span> <span class='ocrx_word' id='word_1_26' title='bbox 1066 906 1224 988; x_wconf 77' lang='lat' dir='ltr'><strong>sive,</strong></span> <span class='ocrx_word' id='word_1_27' title='bbox 1268 903 1443 990; x_wconf 89' lang='lat' dir='ltr'><strong>quod</strong></span> <span class='ocrx_word' id='word_1_28' title='bbox 1477 904 1689 990; x_wconf 87' lang='lat' dir='ltr'><strong>magis</strong></span> <span class='ocrx_word' id='word_1_29' title='bbox 1731 905 2010 971; x_wconf 86' lang='lat' dir='ltr'><strong>ominari</strong></span> <span class='ocrx_word' id='word_1_30' title='bbox 2053 905 2230 982; x_wconf 91' lang='lat' dir='ltr'><strong>libet,</strong></span> <span class='ocrx_word' id='word_1_31' title='bbox 2276 903 2608 969; x_wconf 89' lang='lat' dir='ltr'><strong>Dominus</strong></span> 
     </span>
     <span class='ocr_line' id='line_1_6' title="bbox 665 988 2611 1075; baseline -0.002 -17"><span class='ocrx_word' id='word_1_32' title='bbox 665 998 911 1058; x_wconf 89' lang='lat' dir='ltr'><strong>terram</strong></span> <span class='ocrx_word' id='word_1_33' title='bbox 953 991 1281 1059; x_wconf 88' lang='lat' dir='ltr'><strong>miscendo</strong></span> <span class='ocrx_word' id='word_1_34' title='bbox 1318 994 1389 1058; x_wconf 91' lang='lat' dir='ltr'><strong>in</strong></span> <span class='ocrx_word' id='word_1_35' title='bbox 1444 990 1722 1058; x_wconf 89' lang='lat' dir='ltr'><strong>coeleste</strong></span> <span class='ocrx_word' id='word_1_36' title='bbox 1777 1011 1971 1058; x_wconf 91' lang='lat' dir='ltr'><strong>suum</strong></span> <span class='ocrx_word' id='word_1_37' title='bbox 2019 1011 2300 1075; x_wconf 90' lang='lat' dir='ltr'><strong>regnum</strong></span> <span class='ocrx_word' id='word_1_38' title='bbox 2342 1010 2451 1055; x_wconf 92' lang='lat' dir='ltr'><strong>eos</strong></span> <span class='ocrx_word' id='word_1_39' title='bbox 2494 988 2611 1073; x_wconf 91' lang='lat' dir='ltr'><strong>qui</strong></span> 
     </span>
     <span class='ocr_line' id='line_1_7' title="bbox 663 1075 2606 1162; baseline -0.002 -20"><span class='ocrx_word' id='word_1_40' title='bbox 663 1098 842 1145; x_wconf 89' lang='lat' dir='ltr'><strong>nuuc</strong></span> <span class='ocrx_word' id='word_1_41' title='bbox 901 1077 1175 1162; x_wconf 88' lang='lat' dir='ltr'><strong>dispersi</strong></span> <span class='ocrx_word' id='word_1_42' title='bbox 1240 1078 1478 1144; x_wconf 82' lang='lat' dir='ltr'><strong>misere</strong></span> <span class='ocrx_word' id='word_1_43' title='bbox 1532 1085 1860 1162; x_wconf 81' lang='lat' dir='ltr'><strong>vagantur</strong></span> <span class='ocrx_word' id='word_1_44' title='bbox 1911 1075 2219 1160; x_wconf 76' lang='lat' dir='ltr'><strong>colligere</strong></span> <span class='ocrx_word' id='word_1_45' title='bbox 2283 1076 2606 1153; x_wconf 88' lang='lat' dir='ltr'><strong>statuerit,</strong></span> 
     </span>
     <span class='ocr_line' id='line_1_8' title="bbox 662 1162 2611 1242; baseline -0.002 -15"><span class='ocrx_word' id='word_1_46' title='bbox 662 1162 837 1228; x_wconf 88' lang='lat' dir='ltr'><strong>bona</strong></span> <span class='ocrx_word' id='word_1_47' title='bbox 879 1162 1009 1229; x_wconf 85' lang='lat' dir='ltr'><strong>fide</strong></span> <span class='ocrx_word' id='word_1_48' title='bbox 1053 1163 1406 1230; x_wconf 76' lang='lat' dir='ltr'><strong>amicitiam</strong></span> <span class='ocrx_word' id='word_1_49' title='bbox 1458 1162 1824 1242; x_wconf 82' lang='lat' dir='ltr'><strong>foveamus,</strong></span> <span class='ocrx_word' id='word_1_50' title='bbox 1882 1162 2066 1229; x_wconf 89' lang='lat' dir='ltr'><strong>cuius</strong></span> <span class='ocrx_word' id='word_1_51' title='bbox 2123 1167 2611 1227; x_wconf 85' lang='lat' dir='ltr'><strong>sacrosanctum</strong></span> 
     </span>
     <span class='ocr_line' id='line_1_9' title="bbox 659 1246 2611 1335; baseline -0.001 -21"><span class='ocrx_word' id='word_1_52' title='bbox 659 1257 765 1314; x_wconf 86' lang='lat' dir='ltr'><strong>est</strong></span> <span class='ocrx_word' id='word_1_53' title='bbox 804 1247 1160 1316; x_wconf 80' lang='lat' dir='ltr'><strong>vinculum.</strong></span> <span class='ocrx_word' id='word_1_54' title='bbox 1228 1248 1374 1333; x_wconf 87' lang='lat' dir='ltr'><strong>Ego</strong></span> <span class='ocrx_word' id='word_1_55' title='bbox 1418 1268 1626 1314; x_wconf 82' lang='lat' dir='ltr'><strong>novas</strong></span> <span class='ocrx_word' id='word_1_56' title='bbox 1663 1246 1918 1313; x_wconf 88' lang='lat' dir='ltr'><strong>tabulas</strong></span> <span class='ocrx_word' id='word_1_57' title='bbox 1936 1247 1993 1335; x_wconf 82' lang='lat'><strong>²)</strong></span> <span class='ocrx_word' id='word_1_58' title='bbox 2028 1246 2153 1313; x_wconf 91' lang='lat' dir='ltr'><strong>hac</strong></span> <span class='ocrx_word' id='word_1_59' title='bbox 2186 1247 2332 1331; x_wconf 90' lang='lat' dir='ltr'><strong>lege</strong></span> <span class='ocrx_word' id='word_1_60' title='bbox 2368 1246 2611 1330; x_wconf 79' lang='lat' dir='ltr'><strong>recipio</strong></span> 
     </span>
     <span class='ocr_line' id='line_1_10' title="bbox 662 1333 2609 1418; baseline -0.002 -18"><span class='ocrx_word' id='word_1_61' title='bbox 662 1337 732 1400; x_wconf 89' lang='lat' dir='ltr'><strong>et</strong></span> <span class='ocrx_word' id='word_1_62' title='bbox 773 1334 1060 1400; x_wconf 83' lang='lat' dir='ltr'><strong>vicissim</strong></span> <span class='ocrx_word' id='word_1_63' title='bbox 1105 1335 1444 1418; x_wconf 89' lang='lat' dir='ltr'><strong>consigno,</strong></span> <span class='ocrx_word' id='word_1_64' title='bbox 1502 1340 1580 1399; x_wconf 90' lang='lat' dir='ltr'><strong>ut</strong></span> <span class='ocrx_word' id='word_1_65' title='bbox 1631 1340 1929 1399; x_wconf 84' lang='lat' dir='ltr'><strong>veterum</strong></span> <span class='ocrx_word' id='word_1_66' title='bbox 1982 1333 2292 1398; x_wconf 88' lang='lat' dir='ltr'><strong>momoria</strong></span> <span class='ocrx_word' id='word_1_67' title='bbox 2332 1353 2464 1399; x_wconf 91' lang='lat' dir='ltr'><strong>nou</strong></span> <span class='ocrx_word' id='word_1_68' title='bbox 2504 1333 2609 1397; x_wconf 91' lang='lat' dir='ltr'><strong>in-</strong></span> 
     </span>
     <span class='ocr_line' id='line_1_11' title="bbox 662 1417 2161 1504; baseline -0.001 -19"><span class='ocrx_word' id='word_1_69' title='bbox 662 1418 958 1500; x_wconf 87' lang='lat' dir='ltr'><strong>tercidat,</strong></span> <span class='ocrx_word' id='word_1_70' title='bbox 1003 1441 1211 1503; x_wconf 90' lang='lat' dir='ltr'><strong>neque</strong></span> <span class='ocrx_word' id='word_1_71' title='bbox 1253 1419 1415 1485; x_wconf 88' lang='lat' dir='ltr'><strong>fides</strong></span> <span class='ocrx_word' id='word_1_72' title='bbox 1458 1438 1533 1486; x_wconf 87' lang='lat' dir='ltr'><strong>ac</strong></span> <span class='ocrx_word' id='word_1_73' title='bbox 1578 1420 1766 1504; x_wconf 86' lang='lat' dir='ltr'><strong>vigor</strong></span> <span class='ocrx_word' id='word_1_74' title='bbox 1808 1417 2161 1485; x_wconf 78' lang='lat' dir='ltr'><strong>aboleatur.</strong></span> 
     </span>
    </p>
   </div>
   <div class='ocr_carea' id='block_1_3' title="bbox 1050 1944 2200 2167">
    <p class='ocr_par' dir='ltr' id='par_1_3' title="bbox 1050 1944 2200 2167">
     <span class='ocr_line' id='line_1_12' title="bbox 1562 1944 1715 2017; baseline 0.013 -2"><span class='ocrx_word' id='word_1_75' title='bbox 1562 1944 1715 2017; x_wconf 73' lang='lat'><strong>5⁶5.</strong></span> 
     </span>
     <span class='ocr_line' id='line_1_13' title="bbox 1050 2097 2200 2167; baseline 0.002 -2"><span class='ocrx_word' id='word_1_76' title='bbox 1050 2098 1720 2167; x_wconf 80' lang='lat' dir='ltr'><strong>BULLINGERUS</strong></span> <span class='ocrx_word' id='word_1_77' title='bbox 1765 2097 2200 2167; x_wconf 82' lang='lat' dir='ltr'><strong>OALVINO.</strong></span> 
     </span>
    </p>
   </div>
   <div class='ocr_carea' id='block_1_4' title="bbox 654 2268 2607 2678">
    <p class='ocr_par' dir='ltr' id='par_1_4' title="bbox 654 2268 2607 2678">
     <span class='ocr_line' id='line_1_14' title="bbox 834 2268 2605 2338; baseline 0.001 -4"><span class='ocrx_word' id='word_1_78' title='bbox 834 2268 1114 2335; x_wconf 79' lang='lat' dir='ltr'><strong>Puerum</strong></span> <span class='ocrx_word' id='word_1_79' title='bbox 1155 2270 1214 2334; x_wconf 83' lang='lat' dir='ltr'><strong>ei</strong></span> <span class='ocrx_word' id='word_1_80' title='bbox 1255 2271 1635 2337; x_wconf 76' lang='lat' dir='ltr'><strong>commendat</strong></span> <span class='ocrx_word' id='word_1_81' title='bbox 1677 2270 2074 2336; x_wconf 66' lang='lat' dir='ltr'><strong>Turicensem</strong></span> <span class='ocrx_word' id='word_1_82' title='bbox 2122 2270 2402 2338; x_wconf 67' lang='lat' dir='ltr'><strong>Genavac</strong></span> <span class='ocrx_word' id='word_1_83' title='bbox 2442 2290 2605 2336; x_wconf 84' lang='lat' dir='ltr'><strong>com-</strong></span> 
     </span>
     <span class='ocr_line' id='line_1_15' title="bbox 656 2355 2607 2436; baseline 0.002 -17"><span class='ocrx_word' id='word_1_84' title='bbox 656 2360 1064 2420; x_wconf 71' lang='lat' dir='ltr'><strong>moraturum.</strong></span> <span class='ocrx_word' id='word_1_85' title='bbox 1159 2355 1323 2420; x_wconf 82' lang='lat' dir='ltr'><strong>Tum</strong></span> <span class='ocrx_word' id='word_1_86' title='bbox 1377 2356 1454 2422; x_wconf 79' lang='lat' dir='ltr'><strong>de</strong></span> <span class='ocrx_word' id='word_1_87' title='bbox 1502 2355 1845 2421; x_wconf 77' lang='lat' dir='ltr'><strong>Genevsusi</strong></span> <span class='ocrx_word' id='word_1_88' title='bbox 1885 2375 2087 2436; x_wconf 78' lang='lat' dir='ltr'><strong>puero</strong></span> <span class='ocrx_word' id='word_1_89' title='bbox 2125 2356 2341 2421; x_wconf 76' lang='lat' dir='ltr'><strong>scribit</strong></span> <span class='ocrx_word' id='word_1_90' title='bbox 2382 2378 2424 2421; x_wconf 89' lang='lat' dir='ltr'><strong>a</strong></span> <span class='ocrx_word' id='word_1_91' title='bbox 2465 2355 2607 2424; x_wconf 75' lang='lat' dir='ltr'><strong>Gaz-</strong></span> 
     </span>
     <span class='ocr_line' id='line_1_16' title="bbox 655 2441 2607 2526; baseline 0.001 -20"><span class='ocrx_word' id='word_1_92' title='bbox 655 2442 801 2506; x_wconf 79' lang='lat' dir='ltr'><strong>vino</strong></span> <span class='ocrx_word' id='word_1_93' title='bbox 839 2441 992 2506; x_wconf 80' lang='lat' dir='ltr'><strong>olim</strong></span> <span class='ocrx_word' id='word_1_94' title='bbox 1035 2441 1470 2518; x_wconf 84' lang='lat' dir='ltr'><strong>commendato,</strong></span> <span class='ocrx_word' id='word_1_95' title='bbox 1516 2461 1642 2523; x_wconf 76' lang='lat' dir='ltr'><strong>pro</strong></span> <span class='ocrx_word' id='word_1_96' title='bbox 1699 2461 1815 2524; x_wconf 77' lang='lat' dir='ltr'><strong>quo</strong></span> <span class='ocrx_word' id='word_1_97' title='bbox 1865 2442 1998 2522; x_wconf 75' lang='lat' dir='ltr'><strong>ipse</strong></span> <span class='ocrx_word' id='word_1_98' title='bbox 2030 2521 2033 2526; x_wconf 27' lang='grc' dir='ltr'>Ι</span> <span class='ocrx_word' id='word_1_99' title='bbox 2046 2441 2235 2522; x_wconf 76' lang='lat' dir='ltr'><strong>fidem</strong></span> <span class='ocrx_word' id='word_1_100' title='bbox 2277 2442 2607 2508; x_wconf 72' lang='lat' dir='ltr'><strong>obstrinxit</strong></span> 
     </span>
     <span class='ocr_line' id='line_1_17' title="bbox 655 2524 2604 2677; baseline -0.001 -85"><span class='ocrx_word' id='word_1_101' title='bbox 655 2524 1051 2677; x_wconf 49' lang='lat' dir='ltr'><strong>hospitgdcui</strong></span> <span class='ocrx_word' id='word_1_102' title='bbox 1092 2525 1405 2608; x_wconf 75' lang='lat' dir='ltr'><strong>hucusque</strong></span> <span class='ocrx_word' id='word_1_103' title='bbox 1444 2526 1608 2592; x_wconf 72' lang='lat' dir='ltr'><strong>nihil</strong></span> <span class='ocrx_word' id='word_1_104' title='bbox 1639 2526 1908 2594; x_wconf 75' lang='lat' dir='ltr'><strong>condicti</strong></span> <span class='ocrx_word' id='word_1_105' title='bbox 1937 2528 2133 2610; x_wconf 79' lang='lat' dir='ltr'><strong>pretii</strong></span> <span class='ocrx_word' id='word_1_106' title='bbox 2175 2548 2218 2592; x_wconf 91' lang='lat' dir='ltr'><strong>a</strong></span> <span class='ocrx_word' id='word_1_107' title='bbox 2247 2528 2443 2609; x_wconf 77' lang='lat' dir='ltr'><strong>pueri</strong></span> <span class='ocrx_word' id='word_1_108' title='bbox 2473 2548 2604 2610; x_wconf 77' lang='lat' dir='ltr'><strong>pa-</strong></span> 
     </span>
     <span class='ocr_line' id='line_1_18' title="bbox 654 2616 1201 2678; baseline 0 -1"><span class='ocrx_word' id='word_1_109' title='bbox 654 2617 748 2677; x_wconf 82' lang='lat' dir='ltr'><strong>tre</strong></span> <span class='ocrx_word' id='word_1_110' title='bbox 789 2630 858 2678; x_wconf 89' lang='lat' dir='ltr'><strong>so</strong></span> <span class='ocrx_word' id='word_1_111' title='bbox 952 2631 1062 2676; x_wconf 87' lang='lat' dir='ltr'><strong>um</strong></span> <span class='ocrx_word' id='word_1_112' title='bbox 1093 2616 1201 2677; x_wconf 81' lang='lat' dir='ltr'><strong>cst.</strong></span> 
     </span>
    </p>
   </div>
   <div class='ocr_carea' id='block_1_5' title="bbox 654 2780 2600 2915">
    <p class='ocr_par' dir='ltr' id='par_1_5' title="bbox 654 2780 2600 2915">
     <span class='ocr_line' id='line_1_19' title="bbox 654 2780 2600 2852; baseline -0.001 -15"><span class='ocrx_word' id='word_1_113' title='bbox 654 2783 770 2848; x_wconf 80' lang='lat' dir='ltr'><strong>(Ex</strong></span> <span class='ocrx_word' id='word_1_114' title='bbox 804 2780 1141 2852; x_wconf 80' lang='lat' dir='ltr'><strong>autographo</strong></span> <span class='ocrx_word' id='word_1_115' title='bbox 1176 2780 1397 2835; x_wconf 69' lang='lat' dir='ltr'><strong>ArchiV.</strong></span> <span class='ocrx_word' id='word_1_116' title='bbox 1445 2781 1621 2836; x_wconf 87' lang='lat' dir='ltr'><strong>Turio.</strong></span> <span class='ocrx_word' id='word_1_117' title='bbox 1656 2781 1799 2834; x_wconf 88' lang='lat' dir='ltr'><strong>Plut.</strong></span> <span class='ocrx_word' id='word_1_118' title='bbox 1839 2781 1934 2836; x_wconf 81' lang='lat' dir='ltr'><strong>vl.</strong></span> <span class='ocrx_word' id='word_1_119' title='bbox 1968 2780 2095 2837; x_wconf 90' lang='lat' dir='ltr'><strong>Vol.</strong></span> <span class='ocrx_word' id='word_1_120' title='bbox 2134 2780 2237 2835; x_wconf 83' lang='lat'><strong>129</strong></span> <span class='ocrx_word' id='word_1_121' title='bbox 2282 2781 2412 2835; x_wconf 89' lang='lat' dir='ltr'><strong>olim</strong></span> <span class='ocrx_word' id='word_1_122' title='bbox 2459 2781 2600 2852; x_wconf 79' lang='lat' dir='ltr'><strong>Epp.</strong></span> 
     </span>
     <span class='ocr_line' id='line_1_20' title="bbox 1062 2847 2190 2915; baseline 0.001 -11"><span class='ocrx_word' id='word_1_123' title='bbox 1062 2851 1128 2904; x_wconf 88' lang='lat' dir='ltr'><strong>B.</strong></span> <span class='ocrx_word' id='word_1_124' title='bbox 1162 2854 1204 2903; x_wconf 86' lang='lat' dir='ltr'><strong>t.</strong></span> <span class='ocrx_word' id='word_1_125' title='bbox 1237 2848 1324 2913; x_wconf 77' lang='lat'><strong>80,</strong></span> <span class='ocrx_word' id='word_1_126' title='bbox 1359 2849 1450 2905; x_wconf 85' lang='lat' dir='ltr'><strong>fol.</strong></span> <span class='ocrx_word' id='word_1_127' title='bbox 1489 2849 1603 2903; x_wconf 79' lang='lat'><strong>121.</strong></span> <span class='ocrx_word' id='word_1_128' title='bbox 1673 2849 1889 2906; x_wconf 84' lang='lat' dir='ltr'><strong>Simler.</strong></span> <span class='ocrx_word' id='word_1_129' title='bbox 1922 2849 2042 2905; x_wconf 83' lang='lat' dir='ltr'><strong>Vol.</strong></span> <span class='ocrx_word' id='word_1_130' title='bbox 2077 2847 2190 2915; x_wconf 91' lang='grc'><strong>55.)</strong></span> 
     </span>
    </p>
   </div>
   <div class='ocr_carea' id='block_1_6' title="bbox 650 3036 2601 3273">
    <p class='ocr_par' dir='ltr' id='par_1_6' title="bbox 650 3036 2601 3273">
     <span class='ocr_line' id='line_1_21' title="bbox 825 3036 2601 3105; baseline -0.001 0"><span class='ocrx_word' id='word_1_131' title='bbox 825 3037 1206 3105; x_wconf 75' lang='lat' dir='ltr'><strong>Clarissimo</strong></span> <span class='ocrx_word' id='word_1_132' title='bbox 1256 3036 1402 3102; x_wconf 83' lang='lat' dir='ltr'><strong>viro</strong></span> <span class='ocrx_word' id='word_1_133' title='bbox 1452 3038 1538 3103; x_wconf 90' lang='lat' dir='ltr'><strong>D.</strong></span> <span class='ocrx_word' id='word_1_134' title='bbox 1603 3036 1837 3103; x_wconf 91' lang='lat' dir='ltr'><strong>Ioanni</strong></span> <span class='ocrx_word' id='word_1_135' title='bbox 1891 3037 2169 3104; x_wconf 84' lang='lat' dir='ltr'><strong>Calvino</strong></span> <span class='ocrx_word' id='word_1_136' title='bbox 2230 3036 2418 3103; x_wconf 86' lang='lat' dir='ltr'><strong>fratri</strong></span> <span class='ocrx_word' id='word_1_137' title='bbox 2483 3057 2601 3103; x_wconf 87' lang='lat' dir='ltr'><strong>suo</strong></span> 
     </span>
     <span class='ocr_line' id='line_1_22' title="bbox 650 3123 1230 3210; baseline -0.002 -20"><span class='ocrx_word' id='word_1_138' title='bbox 650 3124 851 3210; x_wconf 90' lang='lat' dir='ltr'><strong>longe</strong></span> <span class='ocrx_word' id='word_1_139' title='bbox 894 3123 1230 3191; x_wconf 83' lang='lat' dir='ltr'><strong>carissimo</strong></span> 
     </span>
     <span class='ocr_line' id='line_1_23' title="bbox 2008 3205 2340 3273; baseline 0.003 -1"><span class='ocrx_word' id='word_1_140' title='bbox 2008 3205 2340 3273; x_wconf 81' lang='lat' dir='ltr'><strong>Genevae.</strong></span> 
     </span>
    </p>
   </div>
   <div class='ocr_carea' id='block_1_7' title="bbox 647 3341 2599 4450">
    <p class='ocr_par' dir='ltr' id='par_1_7' title="bbox 647 3341 2599 4450">
     <span class='ocr_line' id='line_1_24' title="bbox 825 3341 2599 3427; baseline -0.002 -15"><span class='ocrx_word' id='word_1_141' title='bbox 825 3346 1130 3413; x_wconf 84' lang='lat' dir='ltr'><strong>Gratiam</strong></span> <span class='ocrx_word' id='word_1_142' title='bbox 1188 3354 1257 3411; x_wconf 86' lang='lat' dir='ltr'><strong>et</strong></span> <span class='ocrx_word' id='word_1_143' title='bbox 1308 3363 1534 3427; x_wconf 90' lang='lat' dir='ltr'><strong>pacem</strong></span> <span class='ocrx_word' id='word_1_144' title='bbox 1585 3362 1625 3407; x_wconf 87' lang='lat' dir='ltr'><strong>a</strong></span> <span class='ocrx_word' id='word_1_145' title='bbox 1678 3341 1986 3409; x_wconf 91' lang='lat' dir='ltr'><strong>Domino.</strong></span> <span class='ocrx_word' id='word_1_146' title='bbox 2084 3342 2254 3409; x_wconf 87' lang='lat' dir='ltr'><strong>Orat</strong></span> <span class='ocrx_word' id='word_1_147' title='bbox 2306 3352 2391 3423; x_wconf 89' lang='lat' dir='ltr'><strong>te,</strong></span> <span class='ocrx_word' id='word_1_148' title='bbox 2453 3342 2599 3411; x_wconf 80' lang='lat' dir='ltr'><strong>Cal-</strong></span> 
     </span>
     <span class='ocr_line' id='line_1_25' title="bbox 652 3427 2597 3510; baseline -0.002 -12"><span class='ocrx_word' id='word_1_149' title='bbox 652 3434 792 3498; x_wconf 77' lang='lat' dir='ltr'><strong>vine</strong></span> <span class='ocrx_word' id='word_1_150' title='bbox 842 3431 1244 3510; x_wconf 84' lang='lat' dir='ltr'><strong>doctissime,</strong></span> <span class='ocrx_word' id='word_1_151' title='bbox 1296 3431 1382 3496; x_wconf 92' lang='lat' dir='ltr'><strong>D.</strong></span> <span class='ocrx_word' id='word_1_152' title='bbox 1425 3430 1745 3495; x_wconf 86' lang='lat' dir='ltr'><strong>Erasmus</strong></span> <span class='ocrx_word' id='word_1_153' title='bbox 1800 3427 2155 3504; x_wconf 76' lang='lat' dir='ltr'><strong>Fabricius,</strong></span> <span class='ocrx_word' id='word_1_154' title='bbox 2184 3432 2235 3503; x_wconf 84' lang='lat'><strong>¹)</strong></span> <span class='ocrx_word' id='word_1_155' title='bbox 2287 3428 2597 3496; x_wconf 90' lang='lat' dir='ltr'><strong>ecclesiae</strong></span> 
     </span>
     <span class='ocr_line' id='line_1_26' title="bbox 650 3512 2598 3593; baseline -0.002 -10"><span class='ocrx_word' id='word_1_156' title='bbox 650 3529 918 3583; x_wconf 89' lang='lat' dir='ltr'><strong>nostrae</strong></span> <span class='ocrx_word' id='word_1_157' title='bbox 958 3515 1260 3582; x_wconf 79' lang='lat' dir='ltr'><strong>minister</strong></span> <span class='ocrx_word' id='word_1_158' title='bbox 1312 3515 1525 3581; x_wconf 88' lang='lat' dir='ltr'><strong>fidelis</strong></span> <span class='ocrx_word' id='word_1_159' title='bbox 1578 3534 1654 3579; x_wconf 89' lang='lat' dir='ltr'><strong>ac</strong></span> <span class='ocrx_word' id='word_1_160' title='bbox 1706 3512 1965 3593; x_wconf 91' lang='lat' dir='ltr'><strong>doctus,</strong></span> <span class='ocrx_word' id='word_1_161' title='bbox 2019 3522 2088 3578; x_wconf 89' lang='lat' dir='ltr'><strong>et</strong></span> <span class='ocrx_word' id='word_1_162' title='bbox 2137 3514 2279 3579; x_wconf 91' lang='lat' dir='ltr'><strong>eius</strong></span> <span class='ocrx_word' id='word_1_163' title='bbox 2335 3516 2598 3581; x_wconf 90' lang='lat' dir='ltr'><strong>nomine</strong></span> 
     </span>
     <span class='ocr_line' id='line_1_27' title="bbox 649 3598 2597 3688; baseline -0.003 -18"><span class='ocrx_word' id='word_1_164' title='bbox 649 3624 773 3688; x_wconf 88' lang='lat' dir='ltr'><strong>ego</strong></span> <span class='ocrx_word' id='word_1_165' title='bbox 813 3622 1066 3686; x_wconf 91' lang='lat' dir='ltr'><strong>quoque</strong></span> <span class='ocrx_word' id='word_1_166' title='bbox 1109 3607 1175 3666; x_wconf 92' lang='lat' dir='ltr'><strong>te</strong></span> <span class='ocrx_word' id='word_1_167' title='bbox 1217 3620 1358 3679; x_wconf 90' lang='lat' dir='ltr'><strong>oro,</strong></span> <span class='ocrx_word' id='word_1_168' title='bbox 1414 3609 1489 3665; x_wconf 87' lang='lat' dir='ltr'><strong>ut</strong></span> <span class='ocrx_word' id='word_1_169' title='bbox 1530 3599 1707 3664; x_wconf 90' lang='lat' dir='ltr'><strong>hunc</strong></span> <span class='ocrx_word' id='word_1_170' title='bbox 1750 3598 1961 3663; x_wconf 87' lang='lat' dir='ltr'><strong>filium</strong></span> <span class='ocrx_word' id='word_1_171' title='bbox 2003 3600 2143 3665; x_wconf 88' lang='lat' dir='ltr'><strong>eius</strong></span> <span class='ocrx_word' id='word_1_172' title='bbox 2184 3600 2597 3666; x_wconf 87' lang='lat' dir='ltr'><strong>commenda-</strong></span> 
     </span>
     <span class='ocr_line' id='line_1_28' title="bbox 649 3682 2593 3766; baseline -0.002 -12"><span class='ocrx_word' id='word_1_173' title='bbox 649 3699 796 3754; x_wconf 91' lang='lat' dir='ltr'><strong>tum</strong></span> <span class='ocrx_word' id='word_1_174' title='bbox 843 3686 1105 3752; x_wconf 84' lang='lat' dir='ltr'><strong>habeas.</strong></span> <span class='ocrx_word' id='word_1_175' title='bbox 1192 3685 1491 3750; x_wconf 81' lang='lat' dir='ltr'><strong>Manebit</strong></span> <span class='ocrx_word' id='word_1_176' title='bbox 1543 3682 1715 3766; x_wconf 89' lang='lat' dir='ltr'><strong>apud</strong></span> <span class='ocrx_word' id='word_1_177' title='bbox 1781 3692 2207 3750; x_wconf 85' lang='lat' dir='ltr'><strong>mercatorem</strong></span> <span class='ocrx_word' id='word_1_178' title='bbox 2261 3684 2593 3751; x_wconf 82' lang='lat' dir='ltr'><strong>Genevae.</strong></span> 
     </span>
     <span class='ocr_line' id='line_1_29' title="bbox 648 3767 2597 3855; baseline -0.002 -15"><span class='ocrx_word' id='word_1_179' title='bbox 648 3772 1038 3840; x_wconf 83' lang='lat' dir='ltr'><strong>Mercatoris</strong></span> <span class='ocrx_word' id='word_1_180' title='bbox 1091 3790 1335 3836; x_wconf 91' lang='lat' dir='ltr'><strong>nomen</strong></span> <span class='ocrx_word' id='word_1_181' title='bbox 1400 3767 1645 3836; x_wconf 82' lang='lat' dir='ltr'><strong>excidit</strong></span> <span class='ocrx_word' id='word_1_182' title='bbox 1658 3818 1674 3848; x_wconf 92' lang='lat'><strong>,</strong></span> <span class='ocrx_word' id='word_1_183' title='bbox 1746 3769 1919 3852; x_wconf 91' lang='lat' dir='ltr'><strong>quod</strong></span> <span class='ocrx_word' id='word_1_184' title='bbox 1972 3779 2194 3835; x_wconf 89' lang='lat' dir='ltr'><strong>tamen</strong></span> <span class='ocrx_word' id='word_1_185' title='bbox 2249 3791 2337 3835; x_wconf 89' lang='lat' dir='ltr'><strong>ex</strong></span> <span class='ocrx_word' id='word_1_186' title='bbox 2392 3792 2597 3855; x_wconf 90' lang='lat' dir='ltr'><strong>puero</strong></span> 
     </span>
     <span class='ocr_line' id='line_1_30' title="bbox 649 3852 2595 3940; baseline -0.003 -15"><span class='ocrx_word' id='word_1_187' title='bbox 649 3857 899 3925; x_wconf 88' lang='lat' dir='ltr'><strong>discere</strong></span> <span class='ocrx_word' id='word_1_188' title='bbox 943 3856 1200 3940; x_wconf 88' lang='lat' dir='ltr'><strong>poteris.</strong></span> <span class='ocrx_word' id='word_1_189' title='bbox 1290 3855 1383 3920; x_wconf 86' lang='lat' dir='ltr'><strong>Et</strong></span> <span class='ocrx_word' id='word_1_190' title='bbox 1422 3874 1798 3939; x_wconf 86' lang='lat' dir='ltr'><strong>quanquam</strong></span> <span class='ocrx_word' id='word_1_191' title='bbox 1857 3852 1937 3919; x_wconf 93' lang='lat' dir='ltr'><strong>de</strong></span> <span class='ocrx_word' id='word_1_192' title='bbox 1978 3853 2091 3920; x_wconf 86' lang='lat' dir='ltr'><strong>ino</strong></span> <span class='ocrx_word' id='word_1_193' title='bbox 2148 3855 2313 3921; x_wconf 91' lang='lat' dir='ltr'><strong>bene</strong></span> <span class='ocrx_word' id='word_1_194' title='bbox 2356 3877 2388 3921; x_wconf 91' lang='lat' dir='ltr'><strong>s</strong></span> <span class='ocrx_word' id='word_1_195' title='bbox 2472 3863 2595 3934; x_wconf 90' lang='lat' dir='ltr'><strong>ret,</strong></span> 
     </span>
     <span class='ocr_line' id='line_1_31' title="bbox 648 3939 2596 4024; baseline -0.003 -12"><span class='ocrx_word' id='word_1_196' title='bbox 648 3942 862 4012; x_wconf 74' lang='lat' dir='ltr'><strong>voluit</strong></span> <span class='ocrx_word' id='word_1_197' title='bbox 904 3953 1127 4007; x_wconf 88' lang='lat' dir='ltr'><strong>tamen</strong></span> <span class='ocrx_word' id='word_1_198' title='bbox 1162 3940 1344 4006; x_wconf 88' lang='lat' dir='ltr'><strong>hunc</strong></span> <span class='ocrx_word' id='word_1_199' title='bbox 1378 3939 1496 4005; x_wconf 91' lang='lat' dir='ltr'><strong>tibi</strong></span> <span class='ocrx_word' id='word_1_200' title='bbox 1531 3961 1783 4024; x_wconf 90' lang='lat' dir='ltr'><strong>quoque</strong></span> <span class='ocrx_word' id='word_1_201' title='bbox 1817 3940 2277 4006; x_wconf 85' lang='lat' dir='ltr'><strong>commendari.</strong></span> <span class='ocrx_word' id='word_1_202' title='bbox 2431 3961 2596 4023; x_wconf 90' lang='lat' dir='ltr'><strong>eque</strong></span> 
     </span>
     <span class='ocr_line' id='line_1_32' title="bbox 648 4023 2594 4112; baseline -0.002 -18"><span class='ocrx_word' id='word_1_203' title='bbox 648 4031 979 4112; x_wconf 81' lang='lat' dir='ltr'><strong>ingratam</strong></span> <span class='ocrx_word' id='word_1_204' title='bbox 1022 4026 1195 4109; x_wconf 89' lang='lat' dir='ltr'><strong>patri</strong></span> <span class='ocrx_word' id='word_1_205' title='bbox 1237 4047 1379 4090; x_wconf 90' lang='lat' dir='ltr'><strong>rem</strong></span> <span class='ocrx_word' id='word_1_206' title='bbox 1421 4025 1680 4104; x_wconf 85' lang='lat' dir='ltr'><strong>feceris,</strong></span> <span class='ocrx_word' id='word_1_207' title='bbox 1736 4025 1793 4091; x_wconf 92' lang='lat' dir='ltr'><strong>si</strong></span> <span class='ocrx_word' id='word_1_208' title='bbox 1850 4023 2189 4090; x_wconf 89' lang='lat' dir='ltr'><strong>dominum</strong></span> <span class='ocrx_word' id='word_1_209' title='bbox 2248 4026 2435 4109; x_wconf 90' lang='lat' dir='ltr'><strong>pueri</strong></span> <span class='ocrx_word' id='word_1_210' title='bbox 2479 4025 2594 4091; x_wconf 85' lang='lat' dir='ltr'><strong>ad-</strong></span> 
     </span>
     <span class='ocr_line' id='line_1_33' title="bbox 647 4109 2594 4195; baseline -0.001 -17"><span class='ocrx_word' id='word_1_211' title='bbox 647 4113 954 4178; x_wconf 88' lang='lat' dir='ltr'><strong>hortatus</strong></span> <span class='ocrx_word' id='word_1_212' title='bbox 995 4110 1198 4176; x_wconf 85' lang='lat' dir='ltr'><strong>fueris</strong></span> <span class='ocrx_word' id='word_1_213' title='bbox 1219 4123 1294 4175; x_wconf 90' lang='lat' dir='ltr'><strong>ut</strong></span> <span class='ocrx_word' id='word_1_214' title='bbox 1330 4113 1497 4177; x_wconf 90' lang='lat' dir='ltr'><strong>bona</strong></span> <span class='ocrx_word' id='word_1_215' title='bbox 1517 4131 1676 4195; x_wconf 88' lang='lat' dir='ltr'><strong>erga</strong></span> <span class='ocrx_word' id='word_1_216' title='bbox 1714 4110 1932 4193; x_wconf 89' lang='lat' dir='ltr'><strong>ipsum</strong></span> <span class='ocrx_word' id='word_1_217' title='bbox 1954 4111 2084 4176; x_wconf 87' lang='lat' dir='ltr'><strong>fide</strong></span> <span class='ocrx_word' id='word_1_218' title='bbox 2116 4118 2356 4176; x_wconf 89' lang='lat' dir='ltr'><strong>utatur.</strong></span> <span class='ocrx_word' id='word_1_219' title='bbox 2424 4109 2594 4177; x_wconf 80' lang='lat' dir='ltr'><strong>Sen-</strong></span> 
     </span>
     <span class='ocr_line' id='line_1_34' title="bbox 647 4195 2593 4281; baseline -0.002 -16"><span class='ocrx_word' id='word_1_220' title='bbox 647 4200 770 4265; x_wconf 90' lang='lat' dir='ltr'><strong>tiet</strong></span> <span class='ocrx_word' id='word_1_221' title='bbox 823 4197 936 4263; x_wconf 84' lang='lat' dir='ltr'><strong>ille</strong></span> <span class='ocrx_word' id='word_1_222' title='bbox 992 4204 1246 4279; x_wconf 87' lang='lat' dir='ltr'><strong>patrem</strong></span> <span class='ocrx_word' id='word_1_223' title='bbox 1303 4218 1434 4262; x_wconf 92' lang='lat' dir='ltr'><strong>non</strong></span> <span class='ocrx_word' id='word_1_224' title='bbox 1490 4197 1843 4281; x_wconf 85' lang='lat' dir='ltr'><strong>ingratum.</strong></span> <span class='ocrx_word' id='word_1_225' title='bbox 1941 4195 2047 4260; x_wconf 91' lang='lat' dir='ltr'><strong>De</strong></span> <span class='ocrx_word' id='word_1_226' title='bbox 2103 4215 2308 4278; x_wconf 90' lang='lat' dir='ltr'><strong>puero</strong></span> <span class='ocrx_word' id='word_1_227' title='bbox 2373 4209 2593 4262; x_wconf 87' lang='lat' dir='ltr'><strong>autem</strong></span> 
     </span>
     <span class='ocr_line' id='line_1_35' title="bbox 650 4279 2594 4367; baseline -0.001 -17"><span class='ocrx_word' id='word_1_228' title='bbox 650 4282 876 4361; x_wconf 80' lang='lat' dir='ltr'><strong>Galle,</strong></span> <span class='ocrx_word' id='word_1_229' title='bbox 935 4302 1132 4367; x_wconf 89' lang='lat' dir='ltr'><strong>quem</strong></span> <span class='ocrx_word' id='word_1_230' title='bbox 1188 4281 1357 4346; x_wconf 90' lang='lat' dir='ltr'><strong>mihi</strong></span> <span class='ocrx_word' id='word_1_231' title='bbox 1409 4280 1876 4348; x_wconf 88' lang='lat' dir='ltr'><strong>commendasti</strong></span> <span class='ocrx_word' id='word_1_232' title='bbox 1926 4279 2138 4345; x_wconf 90' lang='lat' dir='ltr'><strong>literis</strong></span> <span class='ocrx_word' id='word_1_233' title='bbox 2193 4281 2325 4347; x_wconf 90' lang='lat' dir='ltr'><strong>tuis</strong></span> <span class='ocrx_word' id='word_1_234' title='bbox 2366 4303 2594 4348; x_wconf 90' lang='lat' dir='ltr'><strong>mense</strong></span> 
     </span>
     <span class='ocr_line' id='line_1_36' title="bbox 648 4365 2595 4450; baseline -0.001 -16"><span class='ocrx_word' id='word_1_235' title='bbox 648 4367 847 4445; x_wconf 79' lang='lat' dir='ltr'><strong>Maio,</strong></span> <span class='ocrx_word' id='word_1_236' title='bbox 891 4366 1095 4433; x_wconf 90' lang='lat' dir='ltr'><strong>semel</strong></span> <span class='ocrx_word' id='word_1_237' title='bbox 1128 4374 1195 4432; x_wconf 92' lang='lat' dir='ltr'><strong>et</strong></span> <span class='ocrx_word' id='word_1_238' title='bbox 1234 4367 1478 4432; x_wconf 86' lang='lat' dir='ltr'><strong>iterum</strong></span> <span class='ocrx_word' id='word_1_239' title='bbox 1512 4367 1768 4450; x_wconf 85' lang='lat' dir='ltr'><strong>scripsi:</strong></span> <span class='ocrx_word' id='word_1_240' title='bbox 1790 4365 1847 4450; x_wconf 76' lang='grc'><strong>2)</strong></span> <span class='ocrx_word' id='word_1_241' title='bbox 1891 4366 2201 4449; x_wconf 88' lang='lat' dir='ltr'><strong>quoniam</strong></span> <span class='ocrx_word' id='word_1_242' title='bbox 2237 4388 2390 4432; x_wconf 87' lang='lat' dir='ltr'><strong>vero</strong></span> <span class='ocrx_word' id='word_1_243' title='bbox 2424 4367 2595 4433; x_wconf 90' lang='lat' dir='ltr'><strong>nihil</strong></span> 
     </span>
    </p>
   </div>
   <div class='ocr_carea' id='block_1_8' title="bbox 650 4523 855 4534">
    <p class='ocr_par' dir='ltr' id='par_1_8' title="bbox 650 4523 855 4534">
     <span class='ocr_line' id='line_1_37' title="bbox 650 4523 855 4534; baseline 0 1633"><span class='ocrx_word' id='word_1_244' title='bbox 650 4523 855 4534; x_wconf 95' lang='lat' dir='ltr'><strong> </strong></span> 
     </span>
    </p>
   </div>
   <div class='ocr_carea' id='block_1_9' title="bbox 858 4526 1043 4534">
    <p class='ocr_par' dir='ltr' id='par_1_9' title="bbox 858 4526 1043 4534">
     <span class='ocr_line' id='line_1_38' title="bbox 858 4526 1043 4534; baseline 0.005 -2"><span class='ocrx_word' id='word_1_245' title='bbox 858 4526 1043 4534; x_wconf 75' lang='lat'><strong>..—</strong></span> 
     </span>
    </p>
   </div>
   <div class='ocr_carea' id='block_1_10' title="bbox 648 4616 2595 5446">
    <p class='ocr_par' dir='ltr' id='par_1_10' title="bbox 648 4616 2595 5045">
     <span class='ocr_line' id='line_1_39' title="bbox 854 4616 2595 4690; baseline 0.001 -15"><span class='ocrx_word' id='word_1_246' title='bbox 854 4620 915 4686; x_wconf 80' lang='lat'><strong>2)</strong></span> <span class='ocrx_word' id='word_1_247' title='bbox 957 4620 1103 4677; x_wconf 73' lang='lat' dir='ltr'><strong>Cave</strong></span> <span class='ocrx_word' id='word_1_248' title='bbox 1158 4619 1305 4675; x_wconf 73' lang='lat' dir='ltr'><strong>hanc</strong></span> <span class='ocrx_word' id='word_1_249' title='bbox 1353 4618 1699 4690; x_wconf 63' lang='lat' dir='ltr'><strong>elegantioris</strong></span> <span class='ocrx_word' id='word_1_250' title='bbox 1731 4618 2029 4674; x_wconf 69' lang='lat' dir='ltr'><strong>latinitatis</strong></span> <span class='ocrx_word' id='word_1_251' title='bbox 2077 4616 2299 4688; x_wconf 72' lang='grc' dir='ltr'><strong><em>φράσιν,</em></strong></span> <span class='ocrx_word' id='word_1_252' title='bbox 2344 4626 2396 4676; x_wconf 78' lang='lat' dir='ltr'><strong>et</strong></span> <span class='ocrx_word' id='word_1_253' title='bbox 2428 4619 2595 4676; x_wconf 75' lang='lat' dir='ltr'><strong>simul</strong></span> 
     </span>
     <span class='ocr_line' id='line_1_40' title="bbox 649 4687 2589 4769; baseline -0.002 -23"><span class='ocrx_word' id='word_1_254' title='bbox 649 4690 901 4746; x_wconf 77' lang='lat' dir='ltr'><strong>sinceme</strong></span> <span class='ocrx_word' id='word_1_255' title='bbox 933 4687 1210 4744; x_wconf 79' lang='lat' dir='ltr'><strong>amicitiae</strong></span> <span class='ocrx_word' id='word_1_256' title='bbox 1245 4690 1647 4759; x_wconf 71' lang='lat' dir='ltr'><strong>professionem</strong></span> <span class='ocrx_word' id='word_1_257' title='bbox 1691 4688 1836 4743; x_wconf 58' lang='lat' dir='ltr'><strong>mter</strong></span> <span class='ocrx_word' id='word_1_258' title='bbox 1873 4688 2074 4769; x_wconf 34' lang='grc' dir='ltr'><strong>,ωψσε</strong></span> <span class='ocrx_word' id='word_1_259' title='bbox 2099 4688 2364 4769; x_wconf 74' lang='lat' dir='ltr'><strong>politicas</strong></span> <span class='ocrx_word' id='word_1_260' title='bbox 2395 4688 2589 4744; x_wconf 72' lang='lat' dir='ltr'><strong>incon-</strong></span> 
     </span>
     <span class='ocr_line' id='line_1_41' title="bbox 655 4758 2592 4841; baseline -0.001 -27"><span class='ocrx_word' id='word_1_261' title='bbox 655 4771 879 4827; x_wconf 65' lang='lat' dir='ltr'><strong>meae,</strong></span> <span class='ocrx_word' id='word_1_262' title='bbox 927 4759 994 4813; x_wconf 70' lang='lat' dir='ltr'><strong>de</strong></span> <span class='ocrx_word' id='word_1_263' title='bbox 1038 4773 1202 4841; x_wconf 54' lang='lat' dir='ltr'><strong>ogere</strong></span> <span class='ocrx_word' id='word_1_264' title='bbox 1246 4758 1435 4828; x_wconf 73' lang='lat' dir='ltr'><strong>aliquo</strong></span> <span class='ocrx_word' id='word_1_265' title='bbox 1481 4759 1729 4840; x_wconf 37' lang='lat' dir='ltr'><strong>&amp;turmu-</strong></span> <span class='ocrx_word' id='word_1_266' title='bbox 1762 4772 2011 4838; x_wconf 67' lang='lat' dir='ltr'><strong>acczptas</strong></span> <span class='ocrx_word' id='word_1_267' title='bbox 2054 4758 2202 4826; x_wconf 67' lang='lat' dir='ltr'><strong>quod</strong></span> <span class='ocrx_word' id='word_1_268' title='bbox 2236 4759 2592 4814; x_wconf 68' lang='lat' dir='ltr'><strong>inscribitur.-</strong></span> 
     </span>
     <span class='ocr_line' id='line_1_42' title="bbox 648 4826 2592 4908; baseline -0.001 -24"><span class='ocrx_word' id='word_1_269' title='bbox 648 4827 888 4884; x_wconf 73' lang='lat' dir='ltr'><strong>&#39;l&#39;abulae</strong></span> <span class='ocrx_word' id='word_1_270' title='bbox 920 4833 1273 4907; x_wconf 67' lang='lat' dir='ltr'><strong>partitionum</strong></span> <span class='ocrx_word' id='word_1_271' title='bbox 1293 4839 1653 4906; x_wconf 73' lang='lat' dir='ltr'><strong>oratoriarum</strong></span> <span class='ocrx_word' id='word_1_272' title='bbox 1671 4827 1942 4880; x_wconf 70' lang='lat' dir='ltr'><strong>Ciceronis</strong></span> <span class='ocrx_word' id='word_1_273' title='bbox 1974 4830 2070 4880; x_wconf 74' lang='lat' dir='ltr'><strong>stc.</strong></span> <span class='ocrx_word' id='word_1_274' title='bbox 2107 4826 2256 4894; x_wconf 73' lang='lat' dir='ltr'><strong>quod</strong></span> <span class='ocrx_word' id='word_1_275' title='bbox 2287 4845 2340 4883; x_wconf 89' lang='lat' dir='ltr'><strong>a.</strong></span> <span class='ocrx_word' id='word_1_276' title='bbox 2376 4828 2592 4908; x_wconf 63' lang='grc' dir='ltr'><strong><em>ἆαηυῳ</em></strong></span> 
     </span>
     <span class='ocr_line' id='line_1_43' title="bbox 648 4894 2592 5045; baseline 0.001 -95"><span class='ocrx_word' id='word_1_277' title='bbox 648 4895 787 4950; x_wconf 81' lang='grc'><strong>1547</strong></span> <span class='ocrx_word' id='word_1_278' title='bbox 814 4895 1051 5044; x_wconf 41' lang='lat' dir='ltr'><strong>prgam:</strong></span> <span class='ocrx_word' id='word_1_279' title='bbox 1104 4894 1321 5018; x_wconf 53' lang='lat' dir='ltr'><strong>Sctgcet</strong></span> <span class='ocrx_word' id='word_1_280' title='bbox 1343 4894 2039 5045; x_wconf 43' lang='lat' dir='ltr'><strong>Stiggt&#39;ucssscgoemanusffi·</strong></span> <span class='ocrx_word' id='word_1_281' title='bbox 2050 4895 2315 5018; x_wconf 58' lang='lat' dir='ltr'><strong>partibus</strong></span> <span class='ocrx_word' id='word_1_282' title='bbox 2332 4895 2592 4952; x_wconf 71' lang='lat' dir='ltr'><strong>Gaesao-ts</strong></span> 
     </span>
    </p>

    <p class='ocr_par' dir='ltr' id='par_1_11' title="bbox 798 5030 2591 5156">
     <span class='ocr_line' id='line_1_44' title="bbox 798 5030 2591 5156; baseline -0.001 -69"><span class='ocrx_word' id='word_1_283' title='bbox 798 5035 905 5113; x_wconf 78' lang='lat'><strong>·.1)</strong></span> <span class='ocrx_word' id='word_1_284' title='bbox 943 5048 1326 5156; x_wconf 41' lang='lat' dir='ltr'><strong>qus‘groprio</strong></span> <span class='ocrx_word' id='word_1_285' title='bbox 1372 5049 1473 5087; x_wconf 83' lang='lat' dir='ltr'><strong>suo</strong></span> <span class='ocrx_word' id='word_1_286' title='bbox 1517 5047 1745 5112; x_wconf 41' lang='lat' dir='ltr'><strong>‚nomme</strong></span> <span class='ocrx_word' id='word_1_287' title='bbox 1791 5030 2109 5111; x_wconf 43' lang='lat' dir='ltr'><strong>&amp;alumnatus</strong></span> <span class='ocrx_word' id='word_1_288' title='bbox 2154 5033 2457 5115; x_wconf 47' lang='lat' dir='ltr'><strong>vocabamur·</strong></span> <span class='ocrx_word' id='word_1_289' title='bbox 2464 5073 2484 5102; x_wconf 88' lang='lat'><strong>,</strong></span> <span class='ocrx_word' id='word_1_290' title='bbox 2537 5037 2591 5089; x_wconf 76' lang='lat' dir='ltr'><strong>ct</strong></span> 
     </span>
    </p>

    <p class='ocr_par' dir='ltr' id='par_1_12' title="bbox 648 5098 2591 5446">
     <span class='ocr_line' id='line_1_45' title="bbox 822 5098 2591 5184; baseline 0.002 -29"><span class='ocrx_word' id='word_1_291' title='bbox 822 5118 847 5183; x_wconf 52' lang='grc' dir='ltr'><strong>ρ</strong></span> <span class='ocrx_word' id='word_1_292' title='bbox 898 5117 943 5156; x_wconf 82' lang='lat' dir='ltr'><strong>e.</strong></span> <span class='ocrx_word' id='word_1_293' title='bbox 993 5100 1091 5156; x_wconf 70' lang='lat'><strong>153</strong></span> <span class='ocrx_word' id='word_1_294' title='bbox 1173 5107 1224 5156; x_wconf 81' lang='lat' dir='ltr'><strong>et</strong></span> <span class='ocrx_word' id='word_1_295' title='bbox 1257 5117 1401 5182; x_wconf 61' lang='lat' dir='ltr'><strong>seqq.</strong></span> <span class='ocrx_word' id='word_1_296' title='bbox 1448 5101 1659 5182; x_wconf 63' lang='lat' dir='ltr'><strong>aliquot</strong></span> <span class='ocrx_word' id='word_1_297' title='bbox 1701 5116 1869 5180; x_wconf 59' lang='lat' dir='ltr'><strong>anfus</strong></span> <span class='ocrx_word' id='word_1_298' title='bbox 1902 5098 2238 5181; x_wconf 56' lang='lat' dir='ltr'><strong>Ricbevsslae</strong></span> <span class='ocrx_word' id='word_1_299' title='bbox 2256 5118 2333 5184; x_wconf 38' lang='lat' dir='ltr'><strong>&#39;up</strong></span> <span class='ocrx_word' id='word_1_300' title='bbox 2363 5102 2591 5158; x_wconf 62' lang='lat' dir='ltr'><strong>Alsum</strong></span> 
     </span>
     <span class='ocr_line' id='line_1_46' title="bbox 648 5167 2530 5307; baseline -0.001 -11"><span class='ocrx_word' id='word_1_301' title='bbox 648 5170 1069 5306; x_wconf 44' lang='lat' dir='ltr'><strong>mor-matidii?</strong></span> <span class='ocrx_word' id='word_1_302' title='bbox 1103 5167 2187 5307; x_wconf 45' lang='lat' dir='ltr'><strong>amiataegsffloffiwme</strong></span> <span class='ocrx_word' id='word_1_303' title='bbox 2204 5185 2317 5240; x_wconf 61' lang='grc' dir='ltr'><em>Μ</em></span> <span class='ocrx_word' id='word_1_304' title='bbox 2405 5242 2416 5253; x_wconf 88' lang='lat'><strong>‘</strong></span> <span class='ocrx_word' id='word_1_305' title='bbox 2516 5239 2530 5252; x_wconf 80' lang='grc'><strong><em>’</em></strong></span> 
     </span>
     <span class='ocr_line' id='line_1_47' title="bbox 651 5255 2331 5446; baseline 0.001 -82"><span class='ocrx_word' id='word_1_306' title='bbox 651 5325 765 5364; x_wconf 71' lang='lat' dir='ltr'><strong>nou</strong></span> <span class='ocrx_word' id='word_1_307' title='bbox 795 5255 1343 5446; x_wconf 41' lang='grc' dir='ltr'><strong>ἢῆἀιᾶἐῖιυέἕῖε</strong></span> <span class='ocrx_word' id='word_1_308' title='bbox 1375 5275 1490 5361; x_wconf 67' lang='lat' dir='ltr'><strong>iam</strong></span> <span class='ocrx_word' id='word_1_309' title='bbox 1526 5307 1662 5362; x_wconf 83' lang='grc'><strong>1546</strong></span> <span class='ocrx_word' id='word_1_310' title='bbox 1694 5306 1844 5363; x_wconf 77' lang='lat' dir='ltr'><strong>obiit.</strong></span> <span class='ocrx_word' id='word_1_311' title='bbox 1913 5305 2028 5373; x_wconf 75' lang='lat' dir='ltr'><strong>(Cf.</strong></span> <span class='ocrx_word' id='word_1_312' title='bbox 2064 5307 2146 5366; x_wconf 78' lang='lat' dir='ltr'><strong>N.</strong></span> <span class='ocrx_word' id='word_1_313' title='bbox 2181 5308 2331 5379; x_wconf 78' lang='lat'><strong>213.)</strong></span> 
     </span>
    </p>
   </div>
   <div class='ocr_carea' id='block_1_11' title="bbox 2207 457 3117 528">
    <p class='ocr_par' dir='ltr' id='par_1_13' title="bbox 2207 457 3117 528">
     <span class='ocr_line' id='line_1_48' title="bbox 2207 457 3117 528; baseline -0.005 0"><span class='ocrx_word' id='word_1_314' title='bbox 2207 457 2732 528; x_wconf 72' lang='lat' dir='ltr'>EPISTOLAE</span> <span class='ocrx_word' id='word_1_315' title='bbox 2779 459 2901 525; x_wconf 77' lang='lat'><strong>564</strong></span> <span class='ocrx_word' id='word_1_316' title='bbox 2925 462 3117 524; x_wconf 85' lang='lat'>-567</span> 
     </span>
    </p>
   </div>
   <div class='ocr_carea' id='block_1_12' title="bbox 2684 816 4374 902">
    <p class='ocr_par' dir='ltr' id='par_1_14' title="bbox 2684 816 4374 902">
     <span class='ocr_line' id='line_1_49' title="bbox 2684 816 4374 902; baseline 0.002 -21"><span class='ocrx_word' id='word_1_317' title='bbox 2684 819 2784 883; x_wconf 84' lang='lat' dir='ltr'><strong>.in</strong></span> <span class='ocrx_word' id='word_1_318' title='bbox 2842 816 3034 885; x_wconf 89' lang='lat' dir='ltr'><strong>aedes</strong></span> <span class='ocrx_word' id='word_1_319' title='bbox 3090 818 3340 885; x_wconf 89' lang='lat' dir='ltr'><strong>scribae</strong></span> <span class='ocrx_word' id='word_1_320' title='bbox 3392 818 3575 885; x_wconf 88' lang='lat' dir='ltr'><strong>urbis</strong></span> <span class='ocrx_word' id='word_1_321' title='bbox 3635 825 3896 885; x_wconf 87' lang='lat' dir='ltr'><strong>nostrae</strong></span> <span class='ocrx_word' id='word_1_322' title='bbox 3960 818 4374 902; x_wconf 86' lang='lat' dir='ltr'><strong>reciperetur.</strong></span> 
     </span>
    </p>
   </div>
   <div class='ocr_carea' id='block_1_13' title="bbox 2585 1672 4217 1758">
    <p class='ocr_par' dir='ltr' id='par_1_15' title="bbox 2585 1672 4217 1758">
     <span class='ocr_line' id='line_1_50' title="bbox 2585 1672 4217 1758; baseline -0.001 -19"><span class='ocrx_word' id='word_1_323' title='bbox 2585 1723 2593 1731; x_wconf 85' lang='lat'><strong>.</strong></span> <span class='ocrx_word' id='word_1_324' title='bbox 2713 1673 2891 1740; x_wconf 81' lang='lat' dir='ltr'><strong>victu</strong></span> <span class='ocrx_word' id='word_1_325' title='bbox 2935 1672 3408 1740; x_wconf 87' lang='lat' dir='ltr'><strong>numerandam</strong></span> <span class='ocrx_word' id='word_1_326' title='bbox 3452 1695 3606 1740; x_wconf 88' lang='lat' dir='ltr'><strong>mox</strong></span> <span class='ocrx_word' id='word_1_327' title='bbox 3650 1675 3732 1741; x_wconf 88' lang='lat' dir='ltr'><strong>ab</strong></span> <span class='ocrx_word' id='word_1_328' title='bbox 3774 1674 3961 1739; x_wconf 88' lang='lat' dir='ltr'><strong>initio</strong></span> <span class='ocrx_word' id='word_1_329' title='bbox 4003 1693 4217 1758; x_wconf 88' lang='lat' dir='ltr'><strong>appen</strong></span> 
     </span>
    </p>
   </div>
   <div class='ocr_carea' id='block_1_14' title="bbox 2641 652 2673 5403">
    <p class='ocr_par' dir='ltr' id='par_1_16' title="bbox 2641 652 2673 5403">
     <span class='ocr_line' id='line_1_51' title="bbox 2641 652 2673 5403; baseline 0 0"><span class='ocrx_word' id='word_1_330' title='bbox 2641 652 2673 5403; x_wconf 95' lang='lat' dir='ltr'><strong> </strong></span> 
     </span>
    </p>
   </div>
   <div class='ocr_carea' id='block_1_15' title="bbox 4531 458 4658 523">
    <p class='ocr_par' dir='ltr' id='par_1_17' title="bbox 4531 458 4658 523">
     <span class='ocr_line' id='line_1_52' title="bbox 4531 458 4658 523; baseline 0.024 -3"><span class='ocrx_word' id='word_1_331' title='bbox 4531 458 4658 523; x_wconf 79' lang='lat'><strong>740</strong></span> 
     </span>
    </p>
   </div>
   <div class='ocr_carea' id='block_1_16' title="bbox 2704 644 4658 2954">
    <p class='ocr_par' dir='ltr' id='par_1_18' title="bbox 2704 644 4658 2954">
     <span class='ocr_line' id='line_1_53' title="bbox 2711 644 4655 733; baseline -0.001 -20"><span class='ocrx_word' id='word_1_332' title='bbox 2711 644 3098 731; x_wconf 89' lang='lat' dir='ltr'><strong>respondes,</strong></span> <span class='ocrx_word' id='word_1_333' title='bbox 3168 647 3462 733; x_wconf 86' lang='lat' dir='ltr'><strong>suspicor</strong></span> <span class='ocrx_word' id='word_1_334' title='bbox 3517 666 3695 714; x_wconf 88' lang='lat' dir='ltr'><strong>meas</strong></span> <span class='ocrx_word' id='word_1_335' title='bbox 3759 646 3881 713; x_wconf 90' lang='lat' dir='ltr'><strong>tibi</strong></span> <span class='ocrx_word' id='word_1_336' title='bbox 3942 666 4078 712; x_wconf 89' lang='lat' dir='ltr'><strong>non</strong></span> <span class='ocrx_word' id='word_1_337' title='bbox 4141 666 4282 714; x_wconf 82' lang='lat' dir='ltr'><strong>esse</strong></span> <span class='ocrx_word' id='word_1_338' title='bbox 4346 644 4655 713; x_wconf 75' lang='lat' dir='ltr'><strong>redditas.</strong></span> 
     </span>
     <span class='ocr_line' id='line_1_54' title="bbox 2714 729 4658 883; baseline -0.002 -84"><span class='ocrx_word' id='word_1_339' title='bbox 2714 731 2993 799; x_wconf 79' lang='lat' dir='ltr'><strong>Summa</strong></span> <span class='ocrx_word' id='word_1_340' title='bbox 3034 733 3163 798; x_wconf 86' lang='lat' dir='ltr'><strong>fide</strong></span> <span class='ocrx_word' id='word_1_341' title='bbox 3204 741 3274 798; x_wconf 91' lang='lat' dir='ltr'><strong>et</strong></span> <span class='ocrx_word' id='word_1_342' title='bbox 3306 731 3647 818; x_wconf 86' lang='lat' dir='ltr'><strong>diligentia</strong></span> <span class='ocrx_word' id='word_1_343' title='bbox 3679 733 3965 799; x_wconf 81' lang='lat' dir='ltr'><strong>annixus</strong></span> <span class='ocrx_word' id='word_1_344' title='bbox 3999 753 4146 799; x_wconf 91' lang='lat' dir='ltr'><strong>sum</strong></span> <span class='ocrx_word' id='word_1_345' title='bbox 4188 753 4315 817; x_wconf 92' lang='lat' dir='ltr'><strong>quo</strong></span> <span class='ocrx_word' id='word_1_346' title='bbox 4346 752 4547 883; x_wconf 43' lang='lat' dir='ltr'><strong>pue}1</strong></span> <span class='ocrx_word' id='word_1_347' title='bbox 4543 729 4658 796; x_wconf 89' lang='lat' dir='ltr'><strong>ille</strong></span> 
     </span>
     <span class='ocr_line' id='line_1_55' title="bbox 4549 837 4656 883; baseline 0 0"><span class='ocrx_word' id='word_1_348' title='bbox 4549 837 4656 883; x_wconf 89' lang='lat' dir='ltr'><strong>am</strong></span> 
     </span>
     <span class='ocr_line' id='line_1_56' title="bbox 2714 904 4656 990; baseline 0.002 -23"><span class='ocrx_word' id='word_1_349' title='bbox 2714 924 2905 970; x_wconf 87' lang='lat' dir='ltr'><strong>nemo</strong></span> <span class='ocrx_word' id='word_1_350' title='bbox 2949 911 3050 971; x_wconf 88' lang='lat' dir='ltr'><strong>est</strong></span> <span class='ocrx_word' id='word_1_351' title='bbox 3093 905 3203 987; x_wconf 90' lang='lat' dir='ltr'><strong>qui</strong></span> <span class='ocrx_word' id='word_1_352' title='bbox 3245 904 3361 970; x_wconf 91' lang='lat' dir='ltr'><strong>illo</strong></span> <span class='ocrx_word' id='word_1_353' title='bbox 3402 904 3631 989; x_wconf 91' lang='lat' dir='ltr'><strong>purius</strong></span> <span class='ocrx_word' id='word_1_354' title='bbox 3665 904 4039 990; x_wconf 82' lang='lat' dir='ltr'><strong>germanice</strong></span> <span class='ocrx_word' id='word_1_355' title='bbox 4081 905 4340 970; x_wconf 90' lang='lat' dir='ltr'><strong>scribat.</strong></span> <span class='ocrx_word' id='word_1_356' title='bbox 4403 904 4656 988; x_wconf 88' lang='lat' dir='ltr'><strong>Recep-</strong></span> 
     </span>
     <span class='ocr_line' id='line_1_57' title="bbox 2712 988 4656 1075; baseline 0 -21"><span class='ocrx_word' id='word_1_357' title='bbox 2712 996 2819 1055; x_wconf 86' lang='lat' dir='ltr'><strong>tus</strong></span> <span class='ocrx_word' id='word_1_358' title='bbox 2862 995 2980 1068; x_wconf 89' lang='lat' dir='ltr'><strong>est,</strong></span> <span class='ocrx_word' id='word_1_359' title='bbox 3045 988 3160 1055; x_wconf 92' lang='lat' dir='ltr'><strong>sed</strong></span> <span class='ocrx_word' id='word_1_360' title='bbox 3204 1011 3282 1056; x_wconf 86' lang='lat' dir='ltr'><strong>ea</strong></span> <span class='ocrx_word' id='word_1_361' title='bbox 3323 990 3470 1075; x_wconf 88' lang='lat' dir='ltr'><strong>lege</strong></span> <span class='ocrx_word' id='word_1_362' title='bbox 3517 997 3595 1054; x_wconf 89' lang='lat' dir='ltr'><strong>ut</strong></span> <span class='ocrx_word' id='word_1_363' title='bbox 3635 1011 3756 1074; x_wconf 89' lang='lat' dir='ltr'><strong>pro</strong></span> <span class='ocrx_word' id='word_1_364' title='bbox 3797 989 3978 1057; x_wconf 86' lang='lat' dir='ltr'><strong>victu</strong></span> <span class='ocrx_word' id='word_1_365' title='bbox 4019 989 4092 1055; x_wconf 92' lang='lat' dir='ltr'><strong>in</strong></span> <span class='ocrx_word' id='word_1_366' title='bbox 4135 1011 4382 1055; x_wconf 91' lang='lat' dir='ltr'><strong>annum</strong></span> <span class='ocrx_word' id='word_1_367' title='bbox 4426 1010 4656 1055; x_wconf 92' lang='lat' dir='ltr'><strong>nume-</strong></span> 
     </span>
     <span class='ocr_line' id='line_1_58' title="bbox 2713 1075 4656 1160; baseline 0.001 -21"><span class='ocrx_word' id='word_1_368' title='bbox 2713 1095 2855 1139; x_wconf 90' lang='lat' dir='ltr'><strong>rem</strong></span> <span class='ocrx_word' id='word_1_369' title='bbox 2896 1083 3238 1141; x_wconf 88' lang='lat' dir='ltr'><strong>coronatos</strong></span> <span class='ocrx_word' id='word_1_370' title='bbox 3273 1076 3572 1142; x_wconf 91' lang='lat' dir='ltr'><strong>sedecim.</strong></span> <span class='ocrx_word' id='word_1_371' title='bbox 3660 1075 3724 1141; x_wconf 89' lang='lat' dir='ltr'>A</span> <span class='ocrx_word' id='word_1_372' title='bbox 3765 1096 3873 1141; x_wconf 90' lang='lat' dir='ltr'><strong>me</strong></span> <span class='ocrx_word' id='word_1_373' title='bbox 3917 1075 4093 1141; x_wconf 90' lang='lat' dir='ltr'><strong>enim</strong></span> <span class='ocrx_word' id='word_1_374' title='bbox 4136 1096 4269 1141; x_wconf 89' lang='lat' dir='ltr'><strong>uno</strong></span> <span class='ocrx_word' id='word_1_375' title='bbox 4311 1075 4656 1160; x_wconf 90' lang='lat' dir='ltr'><strong>pecuniam</strong></span> 
     </span>
     <span class='ocr_line' id='line_1_59' title="bbox 2714 1160 4656 1245; baseline 0 -20"><span class='ocrx_word' id='word_1_376' title='bbox 2714 1160 3053 1226; x_wconf 90' lang='lat' dir='ltr'><strong>numerari</strong></span> <span class='ocrx_word' id='word_1_377' title='bbox 3104 1160 3315 1226; x_wconf 81' lang='lat' dir='ltr'><strong>voluit</strong></span> <span class='ocrx_word' id='word_1_378' title='bbox 3330 1212 3345 1237; x_wconf 93' lang='lat'><strong>,</strong></span> <span class='ocrx_word' id='word_1_379' title='bbox 3405 1181 3619 1245; x_wconf 90' lang='lat' dir='ltr'><strong>neque</strong></span> <span class='ocrx_word' id='word_1_380' title='bbox 3663 1161 3823 1227; x_wconf 91' lang='lat' dir='ltr'><strong>alios</strong></span> <span class='ocrx_word' id='word_1_381' title='bbox 3865 1161 4276 1227; x_wconf 86' lang='lat' dir='ltr'><strong>fideiussores</strong></span> <span class='ocrx_word' id='word_1_382' title='bbox 4320 1181 4391 1226; x_wconf 91' lang='lat' dir='ltr'><strong>se</strong></span> <span class='ocrx_word' id='word_1_383' title='bbox 4433 1179 4656 1244; x_wconf 86' lang='lat' dir='ltr'><strong>recep-</strong></span> 
     </span>
     <span class='ocr_line' id='line_1_60' title="bbox 2713 1244 4658 1313; baseline 0.001 -3"><span class='ocrx_word' id='word_1_384' title='bbox 2713 1251 2938 1310; x_wconf 90' lang='lat' dir='ltr'><strong>turum</strong></span> <span class='ocrx_word' id='word_1_385' title='bbox 3000 1245 3183 1312; x_wconf 84' lang='lat' dir='ltr'><strong>dixit.</strong></span> <span class='ocrx_word' id='word_1_386' title='bbox 3293 1244 3637 1313; x_wconf 88' lang='lat' dir='ltr'><strong>Obstrinxi</strong></span> <span class='ocrx_word' id='word_1_387' title='bbox 3700 1246 3898 1312; x_wconf 87' lang='lat' dir='ltr'><strong>fidem</strong></span> <span class='ocrx_word' id='word_1_388' title='bbox 3979 1266 4191 1312; x_wconf 87' lang='lat' dir='ltr'><strong>meam</strong></span> <span class='ocrx_word' id='word_1_389' title='bbox 4255 1247 4461 1313; x_wconf 77' lang='lat' dir='ltr'><strong>fretus</strong></span> <span class='ocrx_word' id='word_1_390' title='bbox 4525 1246 4658 1312; x_wconf 87' lang='lat' dir='ltr'><strong>tuis</strong></span> 
     </span>
     <span class='ocr_line' id='line_1_61' title="bbox 2713 1330 4657 1417; baseline 0.001 -22"><span class='ocrx_word' id='word_1_391' title='bbox 2713 1330 2940 1396; x_wconf 91' lang='lat' dir='ltr'><strong>literis.</strong></span> <span class='ocrx_word' id='word_1_392' title='bbox 3027 1331 3265 1397; x_wconf 87' lang='lat' dir='ltr'><strong>Restat</strong></span> <span class='ocrx_word' id='word_1_393' title='bbox 3307 1353 3465 1417; x_wconf 87' lang='lat' dir='ltr'><strong>ergo</strong></span> <span class='ocrx_word' id='word_1_394' title='bbox 3507 1340 3584 1398; x_wconf 91' lang='lat' dir='ltr'><strong>ut</strong></span> <span class='ocrx_word' id='word_1_395' title='bbox 3626 1339 3698 1398; x_wconf 91' lang='lat' dir='ltr'><strong>tu</strong></span> <span class='ocrx_word' id='word_1_396' title='bbox 3742 1352 3849 1398; x_wconf 91' lang='lat' dir='ltr'><strong>me</strong></span> <span class='ocrx_word' id='word_1_397' title='bbox 3890 1331 4143 1398; x_wconf 90' lang='lat' dir='ltr'><strong>liberes.</strong></span> <span class='ocrx_word' id='word_1_398' title='bbox 4230 1331 4657 1415; x_wconf 73' lang='lat' dir='ltr'><strong>comparavit</strong></span> 
     </span>
     <span class='ocr_line' id='line_1_62' title="bbox 2713 1414 4654 1567; baseline 0.002 -87"><span class='ocrx_word' id='word_1_399' title='bbox 2713 1423 3054 1567; x_wconf 46' lang='lat' dir='ltr'><strong>{matema</strong></span> <span class='ocrx_word' id='word_1_400' title='bbox 3114 1417 3316 1483; x_wconf 92' lang='lat' dir='ltr'><strong>libros</strong></span> <span class='ocrx_word' id='word_1_401' title='bbox 3380 1418 3504 1483; x_wconf 90' lang='lat' dir='ltr'><strong>sibi</strong></span> <span class='ocrx_word' id='word_1_402' title='bbox 3569 1417 3803 1501; x_wconf 90' lang='lat' dir='ltr'><strong>quibus</strong></span> <span class='ocrx_word' id='word_1_403' title='bbox 3867 1439 4030 1503; x_wconf 90' lang='lat' dir='ltr'><strong>opus</strong></span> <span class='ocrx_word' id='word_1_404' title='bbox 4092 1416 4291 1483; x_wconf 87' lang='lat' dir='ltr'><strong>habet</strong></span> <span class='ocrx_word' id='word_1_405' title='bbox 4352 1418 4426 1482; x_wconf 91' lang='lat' dir='ltr'><strong>in</strong></span> <span class='ocrx_word' id='word_1_406' title='bbox 4483 1414 4654 1483; x_wconf 92' lang='lat' dir='ltr'><strong>ludo.</strong></span> 
     </span>
     <span class='ocr_line' id='line_1_63' title="bbox 2774 1500 4656 1569; baseline 0.001 -3"><span class='ocrx_word' id='word_1_407' title='bbox 2774 1503 3017 1568; x_wconf 88' lang='lat' dir='ltr'><strong>retium</strong></span> <span class='ocrx_word' id='word_1_408' title='bbox 3076 1502 3369 1569; x_wconf 88' lang='lat' dir='ltr'><strong>ascendit</strong></span> <span class='ocrx_word' id='word_1_409' title='bbox 3423 1503 3559 1569; x_wconf 85' lang='lat' dir='ltr'><strong>fere</strong></span> <span class='ocrx_word' id='word_1_410' title='bbox 3613 1502 3696 1569; x_wconf 91' lang='lat' dir='ltr'><strong>ad</strong></span> <span class='ocrx_word' id='word_1_411' title='bbox 3755 1502 3919 1569; x_wconf 90' lang='lat' dir='ltr'><strong>duos</strong></span> <span class='ocrx_word' id='word_1_412' title='bbox 3976 1523 4224 1569; x_wconf 91' lang='lat' dir='ltr'><strong>aureos.</strong></span> <span class='ocrx_word' id='word_1_413' title='bbox 4312 1500 4457 1568; x_wconf 86' lang='lat' dir='ltr'><strong>Iam</strong></span> <span class='ocrx_word' id='word_1_414' title='bbox 4499 1522 4656 1568; x_wconf 84' lang='lat' dir='ltr'><strong>vero</strong></span> 
     </span>
     <span class='ocr_line' id='line_1_64' title="bbox 2713 1586 4651 1739; baseline 0.001 -87"><span class='ocrx_word' id='word_1_415' title='bbox 2713 1607 2855 1652; x_wconf 92' lang='lat' dir='ltr'><strong>mos</strong></span> <span class='ocrx_word' id='word_1_416' title='bbox 2909 1595 3010 1654; x_wconf 91' lang='lat' dir='ltr'><strong>est</strong></span> <span class='ocrx_word' id='word_1_417' title='bbox 3066 1587 3241 1673; x_wconf 91' lang='lat' dir='ltr'><strong>apud</strong></span> <span class='ocrx_word' id='word_1_418' title='bbox 3311 1597 3565 1655; x_wconf 88' lang='lat' dir='ltr'><strong>nostros</strong></span> <span class='ocrx_word' id='word_1_419' title='bbox 3634 1595 3712 1655; x_wconf 89' lang='lat' dir='ltr'><strong>ut</strong></span> <span class='ocrx_word' id='word_1_420' title='bbox 3766 1586 4170 1655; x_wconf 88' lang='lat' dir='ltr'><strong>dimidiatam</strong></span> <span class='ocrx_word' id='word_1_421' title='bbox 4219 1596 4476 1739; x_wconf 46' lang='grc' dir='ltr'><strong>ἔοι-ζεῦ)</strong></span> <span class='ocrx_word' id='word_1_422' title='bbox 4485 1608 4651 1739; x_wconf 56' lang='lat' dir='ltr'><strong>Ppr:</strong></span> 
     </span>
     <span class='ocr_line' id='line_1_65' title="bbox 4264 1694 4398 1739; baseline -0.015 1"><span class='ocrx_word' id='word_1_423' title='bbox 4264 1694 4350 1739; x_wconf 89' lang='lat' dir='ltr'><strong>an</strong></span> <span class='ocrx_word' id='word_1_424' title='bbox 4384 1724 4398 1738; x_wconf 93' lang='lat'><strong>.</strong></span> 
     </span>
     <span class='ocr_line' id='line_1_66' title="bbox 2712 1756 4651 1844; baseline 0.002 -22"><span class='ocrx_word' id='word_1_425' title='bbox 2712 1758 2864 1823; x_wconf 92' lang='lat' dir='ltr'><strong>inde</strong></span> <span class='ocrx_word' id='word_1_426' title='bbox 2906 1759 3037 1823; x_wconf 78' lang='lat' dir='ltr'><strong>nisi</strong></span> <span class='ocrx_word' id='word_1_427' title='bbox 3080 1779 3313 1844; x_wconf 91' lang='lat' dir='ltr'><strong>parum</strong></span> <span class='ocrx_word' id='word_1_428' title='bbox 3356 1756 3769 1826; x_wconf 89' lang='lat' dir='ltr'><strong>commodum</strong></span> <span class='ocrx_word' id='word_1_429' title='bbox 3814 1767 3986 1825; x_wconf 89' lang='lat' dir='ltr'><strong>esset</strong></span> <span class='ocrx_word' id='word_1_430' title='bbox 4024 1760 4402 1839; x_wconf 87' lang='lat' dir='ltr'><strong>mercatori,</strong></span> <span class='ocrx_word' id='word_1_431' title='bbox 4460 1778 4651 1843; x_wconf 92' lang='lat' dir='ltr'><strong>cupe-</strong></span> 
     </span>
     <span class='ocr_line' id='line_1_67' title="bbox 2712 1844 4652 1925; baseline 0.002 -17"><span class='ocrx_word' id='word_1_432' title='bbox 2712 1863 2852 1909; x_wconf 91' lang='lat' dir='ltr'><strong>rem</strong></span> <span class='ocrx_word' id='word_1_433' title='bbox 2897 1852 2976 1910; x_wconf 90' lang='lat' dir='ltr'><strong>ut</strong></span> <span class='ocrx_word' id='word_1_434' title='bbox 3021 1849 3059 1909; x_wconf 88' lang='lat'>8</span> <span class='ocrx_word' id='word_1_435' title='bbox 3104 1852 3444 1912; x_wconf 90' lang='lat' dir='ltr'><strong>coronatos</strong></span> <span class='ocrx_word' id='word_1_436' title='bbox 3487 1844 3806 1925; x_wconf 90' lang='lat' dir='ltr'><strong>mitteret,</strong></span> <span class='ocrx_word' id='word_1_437' title='bbox 3860 1846 3971 1912; x_wconf 91' lang='lat' dir='ltr'><strong>ubi</strong></span> <span class='ocrx_word' id='word_1_438' title='bbox 4019 1844 4279 1911; x_wconf 88' lang='lat' dir='ltr'><strong>fidelem</strong></span> <span class='ocrx_word' id='word_1_439' title='bbox 4320 1845 4652 1911; x_wconf 83' lang='lat' dir='ltr'><strong>inveniret</strong></span> 
     </span>
     <span class='ocr_line' id='line_1_68' title="bbox 2711 1929 4650 2014; baseline 0.002 -20"><span class='ocrx_word' id='word_1_440' title='bbox 2711 1930 3029 1995; x_wconf 89' lang='lat' dir='ltr'><strong>nuncium</strong></span> <span class='ocrx_word' id='word_1_441' title='bbox 3086 1931 3198 2013; x_wconf 89' lang='lat' dir='ltr'><strong>qui</strong></span> <span class='ocrx_word' id='word_1_442' title='bbox 3253 1930 3402 1996; x_wconf 89' lang='lat' dir='ltr'><strong>illos</strong></span> <span class='ocrx_word' id='word_1_443' title='bbox 3454 1929 3539 1995; x_wconf 90' lang='lat' dir='ltr'><strong>ad</strong></span> <span class='ocrx_word' id='word_1_444' title='bbox 3583 1950 3691 1995; x_wconf 92' lang='lat' dir='ltr'><strong>me</strong></span> <span class='ocrx_word' id='word_1_445' title='bbox 3747 1931 4093 2014; x_wconf 87' lang='lat' dir='ltr'><strong>perferret,</strong></span> <span class='ocrx_word' id='word_1_446' title='bbox 4149 1949 4283 1995; x_wconf 91' lang='lat' dir='ltr'><strong>una</strong></span> <span class='ocrx_word' id='word_1_447' title='bbox 4323 1951 4476 1998; x_wconf 90' lang='lat' dir='ltr'><strong>cum</strong></span> <span class='ocrx_word' id='word_1_448' title='bbox 4519 1930 4650 1997; x_wconf 84' lang='lat' dir='ltr'><strong>illis</strong></span> 
     </span>
     <span class='ocr_line' id='line_1_69' title="bbox 2751 2014 4650 2100; baseline 0.001 -21"><span class='ocrx_word' id='word_1_449' title='bbox 2751 2034 2964 2098; x_wconf 91' lang='lat' dir='ltr'><strong>ueque</strong></span> <span class='ocrx_word' id='word_1_450' title='bbox 3018 2015 3310 2100; x_wconf 89' lang='lat' dir='ltr'><strong>pecuniis</strong></span> <span class='ocrx_word' id='word_1_451' title='bbox 3363 2036 3524 2099; x_wconf 89' lang='lat' dir='ltr'><strong>quas</strong></span> <span class='ocrx_word' id='word_1_452' title='bbox 3573 2036 3693 2099; x_wconf 87' lang='lat' dir='ltr'><strong>pro</strong></span> <span class='ocrx_word' id='word_1_453' title='bbox 3747 2015 3931 2081; x_wconf 88' lang='lat' dir='ltr'><strong>libris</strong></span> <span class='ocrx_word' id='word_1_454' title='bbox 3986 2014 4177 2082; x_wconf 88' lang='lat' dir='ltr'><strong>debet</strong></span> <span class='ocrx_word' id='word_1_455' title='bbox 4219 2014 4650 2082; x_wconf 68' lang='lat' dir='ltr'><strong>Roscbovero.</strong></span> 
     </span>
     <span class='ocr_line' id='line_1_70' title="bbox 2769 2100 4652 2186; baseline 0.001 -21"><span class='ocrx_word' id='word_1_456' title='bbox 2769 2106 3063 2166; x_wconf 88' lang='lat' dir='ltr'><strong>aeterum</strong></span> <span class='ocrx_word' id='word_1_457' title='bbox 3106 2122 3247 2165; x_wconf 91' lang='lat' dir='ltr'><strong>rem</strong></span> <span class='ocrx_word' id='word_1_458' title='bbox 3291 2100 3577 2168; x_wconf 83' lang='lat' dir='ltr'><strong>maxime</strong></span> <span class='ocrx_word' id='word_1_459' title='bbox 3611 2101 4044 2168; x_wconf 89' lang='lat' dir='ltr'><strong>necessariam</strong></span> <span class='ocrx_word' id='word_1_460' title='bbox 4085 2100 4317 2168; x_wconf 84' lang='lat' dir='ltr'><strong>feceris</strong></span> <span class='ocrx_word' id='word_1_461' title='bbox 4358 2101 4418 2168; x_wconf 90' lang='lat' dir='ltr'><strong>si</strong></span> <span class='ocrx_word' id='word_1_462' title='bbox 4449 2121 4652 2186; x_wconf 89' lang='lat' dir='ltr'><strong>puero</strong></span> 
     </span>
     <span class='ocr_line' id='line_1_71' title="bbox 2708 2184 4651 2271; baseline 0.001 -21"><span class='ocrx_word' id='word_1_463' title='bbox 2708 2184 3064 2269; x_wconf 87' lang='lat' dir='ltr'><strong>scripseris,</strong></span> <span class='ocrx_word' id='word_1_464' title='bbox 3109 2185 3484 2270; x_wconf 82' lang='lat' dir='ltr'><strong>diligentior</strong></span> <span class='ocrx_word' id='word_1_465' title='bbox 3525 2186 3612 2252; x_wconf 89' lang='lat' dir='ltr'><strong>sit</strong></span> <span class='ocrx_word' id='word_1_466' title='bbox 3642 2206 3836 2271; x_wconf 88' lang='lat' dir='ltr'><strong>porro</strong></span> <span class='ocrx_word' id='word_1_467' title='bbox 3879 2197 3945 2252; x_wconf 90' lang='lat' dir='ltr'><strong>et</strong></span> <span class='ocrx_word' id='word_1_468' title='bbox 3988 2185 4404 2253; x_wconf 90' lang='lat' dir='ltr'><strong>tractabilior.</strong></span> <span class='ocrx_word' id='word_1_469' title='bbox 4472 2185 4651 2269; x_wconf 80' lang='lat' dir='ltr'><strong>Que-</strong></span> 
     </span>
     <span class='ocr_line' id='line_1_72' title="bbox 2708 2270 4651 2358; baseline 0.002 -23"><span class='ocrx_word' id='word_1_470' title='bbox 2708 2270 2878 2336; x_wconf 85' lang='lat' dir='ltr'><strong>ritur</strong></span> <span class='ocrx_word' id='word_1_471' title='bbox 2919 2270 3132 2337; x_wconf 91' lang='lat' dir='ltr'><strong>scriba</strong></span> <span class='ocrx_word' id='word_1_472' title='bbox 3164 2270 3350 2337; x_wconf 88' lang='lat' dir='ltr'><strong>urbis</strong></span> <span class='ocrx_word' id='word_1_473' title='bbox 3393 2273 3476 2337; x_wconf 89' lang='lat' dir='ltr'><strong>D.</strong></span> <span class='ocrx_word' id='word_1_474' title='bbox 3522 2271 3938 2339; x_wconf 82' lang='lat' dir='ltr'><strong>wernherus</strong></span> <span class='ocrx_word' id='word_1_475' title='bbox 3979 2271 4301 2358; x_wconf 50' lang='lat' dir='ltr'><strong>Byqeziua</strong></span> <span class='ocrx_word' id='word_1_476' title='bbox 4344 2272 4651 2339; x_wconf 88' lang='lat' dir='ltr'><strong>dominus</strong></span> 
     </span>
     <span class='ocr_line' id='line_1_73' title="bbox 2706 2356 4651 2508; baseline 0.002 -88"><span class='ocrx_word' id='word_1_477' title='bbox 2706 2356 2878 2506; x_wconf 50' lang='lat' dir='ltr'><strong>cingi,</strong></span> <span class='ocrx_word' id='word_1_478' title='bbox 2897 2377 3175 2507; x_wconf 60' lang='grc' dir='ltr'><strong>Ριιὲτιιω</strong></span> <span class='ocrx_word' id='word_1_479' title='bbox 3209 2377 3350 2423; x_wconf 91' lang='lat' dir='ltr'><strong>esse</strong></span> <span class='ocrx_word' id='word_1_480' title='bbox 3383 2356 3843 2508; x_wconf 58' lang='lat' dir='ltr'><strong>neglifgientenlil,</strong></span> <span class='ocrx_word' id='word_1_481' title='bbox 3879 2359 4316 2508; x_wconf 43' lang='lat' dir='ltr'><strong>pravedfigctum</strong></span> <span class='ocrx_word' id='word_1_482' title='bbox 4348 2365 4416 2423; x_wconf 89' lang='lat' dir='ltr'><strong>et</strong></span> <span class='ocrx_word' id='word_1_483' title='bbox 4449 2359 4651 2424; x_wconf 81' lang='lat' dir='ltr'><strong>amm&#39;</strong></span> <span class='ocrx_word' id='word_1_484' title='bbox 4628 2357 4645 2372; x_wconf 76' lang='lat'>⁸</span> 
     </span>
     <span class='ocr_line' id='line_1_74' title="bbox 2705 2462 4650 2680; baseline 0.002 -89"><span class='ocrx_word' id='word_1_485' title='bbox 2705 2462 2961 2679; x_wconf 56' lang='grc' dir='ltr'><strong>ξρὲυὸιιαι</strong></span> <span class='ocrx_word' id='word_1_486' title='bbox 2979 2462 3473 2677; x_wconf 45' lang='grc' dir='ltr'><strong>ἣὲιῗθὲἶὶῖαξὲῗέ</strong></span> <span class='ocrx_word' id='word_1_487' title='bbox 3507 2463 3984 2680; x_wconf 46' lang='grc' dir='ltr'><strong>Οώθιέἑείιὲὲᾑ</strong></span> <span class='ocrx_word' id='word_1_488' title='bbox 4024 2463 4650 2680; x_wconf 49' lang='grc' dir='ltr'><strong>ιῖἐέἶᾶέἓᾱξὲιζὲ</strong></span> 
     </span>
     <span class='ocr_line' id='line_1_75' title="bbox 2706 2633 4629 2681; baseline 0.002 -4"><span class='ocrx_word' id='word_1_489' title='bbox 2706 2633 2798 2676; x_wconf 79' lang='grc' dir='ltr'><strong>ιω</strong></span> <span class='ocrx_word' id='word_1_490' title='bbox 2959 2634 3099 2679; x_wconf 68' lang='lat' dir='ltr'><strong>vine</strong></span> <span class='ocrx_word' id='word_1_491' title='bbox 3159 2634 3197 2679; x_wconf 93' lang='lat' dir='ltr'><strong>e</strong></span> <span class='ocrx_word' id='word_1_492' title='bbox 3269 2634 3376 2678; x_wconf 93' lang='lat' dir='ltr'><strong>me</strong></span> <span class='ocrx_word' id='word_1_493' title='bbox 3419 2633 3585 2679; x_wconf 88' lang='lat' dir='ltr'><strong>ama.</strong></span> <span class='ocrx_word' id='word_1_494' title='bbox 3793 2636 3836 2679; x_wconf 92' lang='lat' dir='ltr'><strong>u</strong></span> <span class='ocrx_word' id='word_1_495' title='bbox 4289 2635 4360 2681; x_wconf 91' lang='lat' dir='ltr'><strong>es</strong></span> <span class='ocrx_word' id='word_1_496' title='bbox 4403 2634 4629 2680; x_wconf 91' lang='lat' dir='ltr'><strong>omnes</strong></span> 
     </span>
     <span class='ocr_line' id='line_1_76' title="bbox 2707 2661 4651 2781; baseline 0.002 -19"><span class='ocrx_word' id='word_1_497' title='bbox 2707 2695 3066 2781; x_wconf 70' lang='lat' dir='ltr'><strong>Meyander,</strong></span> <span class='ocrx_word' id='word_1_498' title='bbox 3098 2661 3509 2779; x_wconf 62' lang='grc' dir='ltr'><strong>Ῥειιεωηωε,</strong></span> <span class='ocrx_word' id='word_1_499' title='bbox 3567 2698 3961 2780; x_wconf 62' lang='lat' dir='ltr'><strong>Batiam,</strong></span> <span class='ocrx_word' id='word_1_500' title='bbox 4030 2699 4439 2778; x_wconf 64' lang='lat' dir='ltr'><strong>amum,</strong></span> <span class='ocrx_word' id='word_1_501' title='bbox 4499 2665 4651 2767; x_wconf 61' lang='lat' dir='ltr'><strong>aas}</strong></span> 
     </span>
     <span class='ocr_line' id='line_1_77' title="bbox 2704 2783 4646 2935; baseline 0.002 -87"><span class='ocrx_word' id='word_1_502' title='bbox 2704 2802 2920 2864; x_wconf 74' lang='lat' dir='ltr'><strong>uerus,</strong></span> <span class='ocrx_word' id='word_1_503' title='bbox 2982 2784 3174 2935; x_wconf 52' lang='lat' dir='ltr'><strong>{Selii</strong></span> <span class='ocrx_word' id='word_1_504' title='bbox 3209 2784 3429 2934; x_wconf 61' lang='lat' dir='ltr'><strong>llliluius</strong></span> <span class='ocrx_word' id='word_1_505' title='bbox 3488 2791 3710 2934; x_wconf 47' lang='grc' dir='ltr'><strong>μηδ-4</strong></span> <span class='ocrx_word' id='word_1_506' title='bbox 3727 2786 3808 2850; x_wconf 86' lang='grc' dir='ltr'><strong>Ε.</strong></span> <span class='ocrx_word' id='word_1_507' title='bbox 3864 2783 4200 2852; x_wconf 77' lang='lat' dir='ltr'><strong>Fabricius</strong></span> <span class='ocrx_word' id='word_1_508' title='bbox 4256 2807 4331 2854; x_wconf 90' lang='lat' dir='ltr'><strong>ac</strong></span> <span class='ocrx_word' id='word_1_509' title='bbox 4391 2784 4646 2870; x_wconf 84' lang='lat' dir='ltr'><strong>reliqui.</strong></span> 
     </span>
     <span class='ocr_line' id='line_1_78' title="bbox 2706 2869 3728 2954; baseline 0.002 -20"><span class='ocrx_word' id='word_1_510' title='bbox 2706 2869 3083 2954; x_wconf 78' lang='lat' dir='ltr'><strong>T1gun&#39;&#39;.</strong></span> <span class='ocrx_word' id='word_1_511' title='bbox 3164 2871 3574 2935; x_wconf 84' lang='lat' dir='ltr'><strong>u&#39;&#39;annol</strong></span> <span class='ocrx_word' id='word_1_512' title='bbox 3712 2920 3728 2936; x_wconf 94' lang='lat'><strong>.</strong></span> 
     </span>
    </p>
   </div>
   <div class='ocr_carea' id='block_1_17' title="bbox 3728 3005 4498 3093">
    <p class='ocr_par' dir='ltr' id='par_1_19' title="bbox 3728 3005 4498 3093">
     <span class='ocr_line' id='line_1_79' title="bbox 3728 3005 4498 3093; baseline 0.004 -21"><span class='ocrx_word' id='word_1_513' title='bbox 3728 3005 3816 3073; x_wconf 92' lang='lat' dir='ltr'><strong>H.</strong></span> <span class='ocrx_word' id='word_1_514' title='bbox 3858 3006 4282 3093; x_wconf 88' lang='lat' dir='ltr'><strong>Bullingerus</strong></span> <span class='ocrx_word' id='word_1_515' title='bbox 4325 3015 4498 3075; x_wconf 89' lang='lat' dir='ltr'><strong>tuus.</strong></span> 
     </span>
    </p>
   </div>
   <div class='ocr_carea' id='block_1_18' title="bbox 3475 3300 3876 3310">
    <p class='ocr_par' dir='ltr' id='par_1_20' title="bbox 3475 3300 3876 3310">
     <span class='ocr_line' id='line_1_80' title="bbox 3475 3300 3876 3310; baseline 0.007 -3"><span class='ocrx_word' id='word_1_516' title='bbox 3475 3300 3876 3310; x_wconf 51' lang='grc' dir='ltr'><em>Ἣ</em></span> 
     </span>
    </p>
   </div>
   <div class='ocr_carea' id='block_1_19' title="bbox 3225 3532 4111 3759">
    <p class='ocr_par' dir='ltr' id='par_1_21' title="bbox 3225 3532 4111 3759">
     <span class='ocr_line' id='line_1_81' title="bbox 3600 3532 3751 3606; baseline 0.02 -3"><span class='ocrx_word' id='word_1_517' title='bbox 3600 3532 3751 3606; x_wconf 74' lang='grc'><strong>566.</strong></span> 
     </span>
     <span class='ocr_line' id='line_1_82' title="bbox 3225 3685 4111 3759; baseline 0.006 -5"><span class='ocrx_word' id='word_1_518' title='bbox 3225 3685 3631 3757; x_wconf 73' lang='lat' dir='ltr'>VIRETUS</span> <span class='ocrx_word' id='word_1_519' title='bbox 3676 3690 4111 3759; x_wconf 83' lang='lat' dir='ltr'><strong>GALVINO.</strong></span> 
     </span>
    </p>
   </div>
   <div class='ocr_carea' id='block_1_20' title="bbox 2698 3854 4641 4097">
    <p class='ocr_par' dir='ltr' id='par_1_22' title="bbox 2698 3854 4641 4097">
     <span class='ocr_line' id='line_1_83' title="bbox 2871 3854 4641 3946; baseline 0.006 -24"><span class='ocrx_word' id='word_1_520' title='bbox 2871 3854 3121 3923; x_wconf 79' lang='lat' dir='ltr'><strong>Mavult</strong></span> <span class='ocrx_word' id='word_1_521' title='bbox 3153 3878 3362 3925; x_wconf 77' lang='lat' dir='ltr'><strong>coram</strong></span> <span class='ocrx_word' id='word_1_522' title='bbox 3393 3880 3587 3942; x_wconf 76' lang='lat' dir='ltr'><strong>quam</strong></span> <span class='ocrx_word' id='word_1_523' title='bbox 3606 3881 3730 3945; x_wconf 73' lang='lat' dir='ltr'><strong>per</strong></span> <span class='ocrx_word' id='word_1_524' title='bbox 3762 3861 3981 3928; x_wconf 76' lang='lat' dir='ltr'><strong>literas</strong></span> <span class='ocrx_word' id='word_1_525' title='bbox 4012 3883 4176 3946; x_wconf 78' lang='lat' dir='ltr'><strong>quac</strong></span> <span class='ocrx_word' id='word_1_526' title='bbox 4205 3865 4339 3946; x_wconf 78' lang='lat' dir='ltr'><strong>ipsi</strong></span> <span class='ocrx_word' id='word_1_527' title='bbox 4369 3867 4641 3932; x_wconf 75' lang='lat' dir='ltr'><strong>maxims</strong></span> 
     </span>
     <span class='ocr_line' id='line_1_84' title="bbox 2698 3943 4640 4041; baseline 0.005 -33"><span class='ocrx_word' id='word_1_528' title='bbox 2698 3943 2874 4009; x_wconf 80' lang='lat' dir='ltr'><strong>cordi</strong></span> <span class='ocrx_word' id='word_1_529' title='bbox 2935 3948 3085 4041; x_wconf 74' lang='lat' dir='ltr'><strong>sunt</strong></span> <span class='ocrx_word' id='word_1_530' title='bbox 3134 3963 3273 4010; x_wconf 82' lang='lat' dir='ltr'><strong>oum</strong></span> <span class='ocrx_word' id='word_1_531' title='bbox 3328 3947 3528 4012; x_wconf 82' lang='lat' dir='ltr'><strong>amico</strong></span> <span class='ocrx_word' id='word_1_532' title='bbox 3577 3948 4038 4015; x_wconf 67' lang='lat' dir='ltr'><strong>commonicare.</strong></span> <span class='ocrx_word' id='word_1_533' title='bbox 4142 3949 4513 4017; x_wconf 81' lang='lat' dir='ltr'><strong>Novissima</strong></span> <span class='ocrx_word' id='word_1_534' title='bbox 4563 3952 4640 4016; x_wconf 78' lang='lat' dir='ltr'><strong>dc</strong></span> 
     </span>
     <span class='ocr_line' id='line_1_85' title="bbox 2927 4048 3084 4097; baseline 0.013 -3"><span class='ocrx_word' id='word_1_535' title='bbox 2927 4048 3084 4097; x_wconf 67' lang='lat' dir='ltr'><strong>zone.</strong></span> 
     </span>
    </p>
   </div>
   <div class='ocr_carea' id='block_1_21' title="bbox 2973 4199 4361 4272">
    <p class='ocr_par' dir='ltr' id='par_1_23' title="bbox 2973 4199 4361 4272">
     <span class='ocr_line' id='line_1_86' title="bbox 2973 4199 4361 4272; baseline 0.004 -19"><span class='ocrx_word' id='word_1_536' title='bbox 2973 4199 3085 4266; x_wconf 80' lang='lat' dir='ltr'><strong>(Ex</strong></span> <span class='ocrx_word' id='word_1_537' title='bbox 3124 4199 3462 4271; x_wconf 77' lang='lat' dir='ltr'><strong>autographo</strong></span> <span class='ocrx_word' id='word_1_538' title='bbox 3495 4200 3625 4255; x_wconf 85' lang='lat' dir='ltr'><strong>Cod.</strong></span> <span class='ocrx_word' id='word_1_539' title='bbox 3662 4201 3864 4257; x_wconf 69' lang='lat' dir='ltr'><strong>Gener.</strong></span> <span class='ocrx_word' id='word_1_540' title='bbox 3898 4204 4041 4258; x_wconf 74' lang='lat'><strong>111⁸.</strong></span> <span class='ocrx_word' id='word_1_541' title='bbox 4086 4204 4177 4260; x_wconf 75' lang='lat' dir='ltr'><strong>fol.</strong></span> <span class='ocrx_word' id='word_1_542' title='bbox 4211 4205 4361 4272; x_wconf 80' lang='lat'><strong>135.)</strong></span> 
     </span>
    </p>
   </div>
   <div class='ocr_carea' id='block_1_22' title="bbox 2697 4386 4636 4632">
    <p class='ocr_par' dir='ltr' id='par_1_24' title="bbox 2697 4386 4636 4632">
     <span class='ocr_line' id='line_1_87' title="bbox 2866 4386 4636 4462; baseline 0.005 -9"><span class='ocrx_word' id='word_1_543' title='bbox 2866 4387 3222 4453; x_wconf 80' lang='lat' dir='ltr'><strong>Carissimo</strong></span> <span class='ocrx_word' id='word_1_544' title='bbox 3276 4386 3465 4453; x_wconf 85' lang='lat' dir='ltr'><strong>fratri</strong></span> <span class='ocrx_word' id='word_1_545' title='bbox 3530 4410 3647 4455; x_wconf 91' lang='lat' dir='ltr'><strong>suo</strong></span> <span class='ocrx_word' id='word_1_546' title='bbox 3703 4389 3929 4457; x_wconf 88' lang='lat' dir='ltr'><strong>Ioanni</strong></span> <span class='ocrx_word' id='word_1_547' title='bbox 3987 4391 4269 4460; x_wconf 78' lang='lat' dir='ltr'><strong>Calvino</strong></span> <span class='ocrx_word' id='word_1_548' title='bbox 4325 4395 4636 4462; x_wconf 84' lang='lat' dir='ltr'><strong>ecclesiae</strong></span> 
     </span>
     <span class='ocr_line' id='line_1_88' title="bbox 2697 4472 4464 4632; baseline 0.004 -94"><span class='ocrx_word' id='word_1_549' title='bbox 2697 4473 3103 4539; x_wconf 84' lang='lat' dir='ltr'><strong>Genevensis</strong></span> <span class='ocrx_word' id='word_1_550' title='bbox 3145 4473 3397 4555; x_wconf 90' lang='lat' dir='ltr'><strong>pastori</strong></span> <span class='ocrx_word' id='word_1_551' title='bbox 3433 4472 3811 4541; x_wconf 88' lang='lat' dir='ltr'><strong>fidelissimo</strong></span> <span class='ocrx_word' id='word_1_552' title='bbox 4136 4563 4464 4632; x_wconf 44' lang='lat' dir='ltr'><strong>Gemma</strong></span> 
     </span>
    </p>
   </div>
   <div class='ocr_carea' id='block_1_23' title="bbox 2694 4693 4638 4956">
    <p class='ocr_par' dir='ltr' id='par_1_25' title="bbox 2694 4693 4638 4956">
     <span class='ocr_line' id='line_1_89' title="bbox 2867 4693 4638 4788; baseline 0.006 -28"><span class='ocrx_word' id='word_1_553' title='bbox 2867 4693 2939 4760; x_wconf 80' lang='lat' dir='ltr'><strong>S.</strong></span> <span class='ocrx_word' id='word_1_554' title='bbox 3005 4694 3114 4759; x_wconf 86' lang='lat' dir='ltr'><strong>Ex</strong></span> <span class='ocrx_word' id='word_1_555' title='bbox 3173 4715 3300 4777; x_wconf 91' lang='lat' dir='ltr'><strong>quo</strong></span> <span class='ocrx_word' id='word_1_556' title='bbox 3355 4694 3578 4762; x_wconf 88' lang='lat' dir='ltr'><strong>Berua</strong></span> <span class='ocrx_word' id='word_1_557' title='bbox 3631 4698 3794 4764; x_wconf 89' lang='lat' dir='ltr'><strong>redii</strong></span> <span class='ocrx_word' id='word_1_558' title='bbox 3822 4705 3871 4776; x_wconf 89' lang='lat'><strong>¹)</strong></span> <span class='ocrx_word' id='word_1_559' title='bbox 3930 4722 4013 4766; x_wconf 92' lang='lat' dir='ltr'><strong>ne</strong></span> <span class='ocrx_word' id='word_1_560' title='bbox 4070 4700 4328 4768; x_wconf 91' lang='lat' dir='ltr'><strong>literam</strong></span> <span class='ocrx_word' id='word_1_561' title='bbox 4373 4703 4638 4788; x_wconf 86' lang='lat' dir='ltr'><strong>quidem</strong></span> 
     </span>
     <span class='ocr_line' id='line_1_90' title="bbox 2694 4779 4637 4956; baseline 0.006 -25"><span class='ocrx_word' id='word_1_562' title='bbox 2694 4779 3661 4948; x_wconf 51' lang='lat' dir='ltr'><strong>ssua‘fflmffptffriffvfflffl</strong></span> <span class='ocrx_word' id='word_1_563' title='bbox 3673 4785 3979 4937; x_wconf 49' lang='grc' dir='ltr'><strong>ωὲἓὲἑὼ.</strong></span> <span class='ocrx_word' id='word_1_564' title='bbox 4011 4786 4340 4956; x_wconf 48' lang='lat'><strong>⁸333?</strong></span> <span class='ocrx_word' id='word_1_565' title='bbox 4345 4789 4637 4942; x_wconf 55' lang='lat' dir='ltr'><strong>‘&#39;3120ss</strong></span> 
     </span>
    </p>
   </div>
   <div class='ocr_carea' id='block_1_24' title="bbox 2694 4950 4638 5043">
    <p class='ocr_par' dir='ltr' id='par_1_26' title="bbox 2694 4950 4638 5043">
     <span class='ocr_line' id='line_1_91' title="bbox 2694 4950 4638 5043; baseline 0.006 -27"><span class='ocrx_word' id='word_1_566' title='bbox 2694 4950 2775 5017; x_wconf 92' lang='lat' dir='ltr'><strong>de</strong></span> <span class='ocrx_word' id='word_1_567' title='bbox 2835 4957 3059 5017; x_wconf 80' lang='lat' dir='ltr'><strong>vestro</strong></span> <span class='ocrx_word' id='word_1_568' title='bbox 3137 4959 3314 5017; x_wconf 87' lang='lat' dir='ltr'><strong>statu</strong></span> <span class='ocrx_word' id='word_1_569' title='bbox 3329 5002 3347 5032; x_wconf 89' lang='lat'><strong>,</strong></span> <span class='ocrx_word' id='word_1_570' title='bbox 3438 4959 3507 5018; x_wconf 91' lang='lat' dir='ltr'><strong>et</strong></span> <span class='ocrx_word' id='word_1_571' title='bbox 3585 4973 3712 5037; x_wconf 91' lang='lat' dir='ltr'><strong>quo</strong></span> <span class='ocrx_word' id='word_1_572' title='bbox 3787 4956 4008 5023; x_wconf 91' lang='lat' dir='ltr'><strong>animo</strong></span> <span class='ocrx_word' id='word_1_573' title='bbox 4098 4965 4410 5043; x_wconf 86' lang='lat' dir='ltr'><strong>exceptae</strong></span> <span class='ocrx_word' id='word_1_574' title='bbox 4498 4961 4638 5029; x_wconf 89' lang='lat' dir='ltr'><strong>sint</strong></span> 
     </span>
    </p>
   </div>
   <div class='ocr_carea' id='block_1_25' title="bbox 2694 5123 3100 5136">
    <p class='ocr_par' dir='ltr' id='par_1_27' title="bbox 2694 5123 3100 5136">
     <span class='ocr_line' id='line_1_92' title="bbox 2694 5123 3100 5136; baseline 0 0"><span class='ocrx_word' id='word_1_575' title='bbox 2694 5123 3100 5136; x_wconf 95' lang='lat' dir='ltr'><strong> </strong></span> 
     </span>
    </p>
   </div>
   <div class='ocr_carea' id='block_1_26' title="bbox 2691 5237 4634 5445">
    <p class='ocr_par' dir='ltr' id='par_1_28' title="bbox 2691 5237 4634 5445">
     <span class='ocr_line' id='line_1_93' title="bbox 2725 5237 4634 5328; baseline 0.002 -28"><span class='ocrx_word' id='word_1_576' title='bbox 2725 5237 3523 5323; x_wconf 62' lang='lat' dir='ltr'><strong>ffll)quosecontulerat</strong></span> <span class='ocrx_word' id='word_1_577' title='bbox 3566 5241 4634 5328; x_wconf 51' lang='lat' dir='ltr'><strong>wpmmdeuaeocafloneffs-</strong></span> 
     </span>
     <span class='ocr_line' id='line_1_94' title="bbox 2691 5307 4630 5445; baseline 0.005 -83"><span class='ocrx_word' id='word_1_578' title='bbox 2691 5307 4469 5445; x_wconf 46' lang='lat' dir='ltr'><strong>wfflawwgcwdmmmbmufflamdo.</strong></span> <span class='ocrx_word' id='word_1_579' title='bbox 4539 5315 4630 5384; x_wconf 75' lang='grc'><strong>01.</strong></span> 
     </span>
    </p>
   </div>
  </div>
 </body>
</html>
