5050 6167
632 458 756 522 123

1531 689 1682 761 262.

884 829 1172 895 vmm
1217 829 1344 897 An
1393 813 1699 896 snam*
1740 828 1871 896 DE
1918 814 2321 898 GENEVE.

799 1002 877 1069 Il
921 1006 1010 1067 est
1050 1001 1304 1084 dispas&
1343 1002 1386 1065 ὰ
1428 1021 1498 1067 se
1539 1001 1765 1066 rendre
1802 1002 1845 1066 ὰ
1880 1002 2255 1068 Fini-italien
2290 1002 2379 1067 du
2420 998 2583 1066 Con-

622 1090 875 1241 ssffssngi
919 1089 1041 1153 l'on
1097 1089 1319 1152 obtient
1371 1086 1427 1152 le
1478 1093 1918 1154 eonsentcment
1966 1089 2044 1154 de
2102 1087 2454 1155 Messieurs
2506 1088 2584 1153 de

693 1346 987 1412 (Archives
1025 1345 1093 1398 de
1128 1343 1366 1413 Genera,
1404 1343 1593 1418 Bieces
1627 1346 1959 1415 historiques
1994 1344 2064 1399 N.
2101 1341 2239 1398 1169
2274 1345 2509 1412 autogr.)

623 1537 687 1602 A
729 1534 1173 1620 Magnifiques
1215 1542 1284 1598 et
1327 1532 1765 1598 honnorables
1822 1534 2164 1618 seigneurs
2220 1531 2582 1598 Messieurs

897 1620 991 1685 les
1035 1617 1413 1704 Syndiques
1456 1628 1524 1684 et
1565 1619 1834 1686 Conseil
1876 1619 1957 1684 de
2002 1619 2296 1685 Geneve.

795 1755 866 1823 S.
913 1756 1129 1822 Gracc
1175 1765 1242 1821 et
1281 1756 1439 1839 paix
1484 1765 1551 1821 et
1593 1756 2011 1834 misericorde
2055 1776 2174 1839 par
2216 1753 2582 1820 Iesuchrist

622 1851 846 1910 nostre
890 1841 1235 1925 Seigneur.
1322 1842 1763 1926 Magniflques
1818 1851 1888 1908 et
1939 1840 2376 1907 honnorables
2432 1838 2579 1905 Sei-

622 1950 898 2017 gnenrs:
957 1929 1221 2011 Ainsyn
1276 1949 1405 2010 que
1460 1929 1521 1992 ie
1577 1929 1840 2012 eognois
1895 1928 1957 1994 le
2014 1927 2224 2012 grand
2280 1927 2456 1991 desir
2512 1933 2580 1989 et

620 2015 949 2082 laffection
996 2035 1122 2097 que
1161 2035 1326 2078 vous
1369 2033 1525 2078 avez
1570 2034 1609 2078 a
1654 2035 2007 2080 reconvrer
2053 2015 2218 2080 bons
2252 2022 2320 2077 et
2353 2010 2579 2077 fidelos

618 2103 952 2167 ministres
996 2120 1162 2183 pour
1203 2100 1499 2165 consoler
1554 2107 1623 2164 et
1666 2109 1998 2165 restauror
2048 2110 2272 2166 vostre
2328 2117 2578 2180 pouvre

619 2187 823 2273 eglise
880 2196 1023 2249 tant
1078 2184 1334 2250 desolee
1393 2193 1461 2250 et
1519 2185 1800 2269 dissipem
1856 2186 1918 2250 ie
1975 2207 2133 2269 croy
2187 2205 2389 2267 aussy
2449 2203 2578 2265 que

620 2296 789 2340 vous
833 2293 916 2337 ne
961 2273 1224 2355 ignorez
1269 2292 1386 2353 pas
1431 2271 1491 2336 le
1534 2271 1661 2335 bon
1708 2271 1963 2337 vouloir
2008 2280 2077 2337 et
2119 2269 2361 2336 ardant
2401 2266 2579 2334 desir

619 2381 745 2444 que
787 2379 923 2422 non
966 2357 1334 2421 seulement
1377 2377 1534 2441 moy
1579 2358 1745 2422 mais
1788 2377 1991 2441 aussy
2025 2378 2150 2440 que
2190 2366 2337 2421 tous
2373 2375 2576 2439 vrays

620 2455 951 2510 amateurs
994 2442 1076 2506 de
1122 2443 1331 2507 verite
1375 2454 1493 2507 ont
1534 2464 1575 2507 a
1616 2443 1681 2507 la
1737 2444 2141 2507 consolation
2198 2453 2265 2507 et
2321 2450 2574 2505 restau-

618 2532 831 2596 ration
877 2529 1123 2595 dicolle.
1214 2528 1385 2593 Mais
1428 2529 1618 2611 ainsy
1674 2550 1799 2610 quo
1843 2528 2163 2594 touchant
2219 2547 2291 2592 cc
2345 2526 2576 2590 affaire

618 2638 785 2682 nous
828 2636 1111 2681 sommes
1154 2621 1302 2679 tous
1359 2635 1520 2680 avec
1563 2636 1725 2680 vous
1768 2634 1939 2699 unys
1982 2613 2062 2679 de
2119 2613 2438 2679 voulunte
2493 2610 2576 2676 de

617 2702 796 2768 desir
838 2710 906 2766 et
940 2701 1021 2766 de
1056 2721 1276 2777 cucur,
1321 2721 1523 2783 aussy
1566 2720 1848 2764 sommcs
1892 2720 2059 2764 nous
2101 2721 2185 2765 en
2230 2698 2382 2763 telle
2426 2719 2575 2782 per-

613 2788 866 2873 plexite
918 2807 1044 2869 que
1103 2806 1268 2851 vous
1311 2795 1484 2851 estes
1524 2806 1695 2869 pour
1737 2796 2010 2850 trouver
2050 2785 2148 2851 les
2193 2806 2464 2869 moycns
2507 2791 2578 2848 et

614 2874 946 2940 occasions
1002 2872 1207 2937 iustos
1258 2879 1324 2935 et
1367 2871 1841 2954 raysonnables
1885 2892 2050 2954 pour
2091 2893 2139 2955 y
2183 2869 2492 2954 pourvoir
2537 2891 2577 2935 a

612 2959 683 3026 la
728 2958 932 3044 gleire
976 2956 1058 3022 de
1105 2957 1277 3022 Dieu
1313 2965 1382 3021 et
1415 2956 1782 3022 edification
1820 2956 1901 3021 de
1938 2965 2152 3022 tontes
2189 2957 2285 3021 les
2319 2956 2574 3041 eglises.

615 3045 803 3112 Vous
862 3065 1019 3109 avez
1080 3064 1213 3108 veu
1276 3064 1350 3109 oe
1416 3063 1542 3124 que
1607 3051 1829 3108 nostre
1896 3042 2064 3108 frere
2123 3041 2347 3109 Calvia
2404 3062 2574 3107 vous

613 3129 918 3215 respond,
961 3129 1074 3211 qui
1118 3150 1280 3194 vous
1321 3127 1504 3193 doibt
1545 3149 1747 3212 aussy
1792 3129 2112 3195 touchant
2152 3150 2305 3193 mon
2353 3139 2575 3194 conste

614 3216 1132 3283 abundamment
1164 3214 1486 3280 satisfaire
1521 3234 1690 3297 pour
1721 3235 1893 3300 moy.
1967 3213 2100 3280 Gar
2140 3235 2273 3279 non
2309 3214 2577 3280 obstant

615 3302 752 3387 quil
794 3323 842 3385 y
886 3320 1011 3385 aye
1053 3309 1240 3366 entre
1275 3300 1394 3385 luy
1430 3307 1498 3364 et
1531 3319 1688 3385 moy
1724 3299 1971 3383 grande
1994 3299 2347 3367 differencc
2370 3309 2576 3383 quant

612 3410 655 3454 a
697 3388 762 3451 la
807 3384 1106 3452 doctrine
1150 3395 1217 3449 ct
1257 3383 1587 3451 erudition
1632 3387 1955 3470 toutefoys
2003 3399 2209 3469 quant
2244 3409 2329 3451 au
2372 3408 2576 3452 cneur

613 3482 683 3540 et
725 3494 766 3538 a
806 3471 1139 3537 laffcction
1184 3492 1424 3536 envers
1467 3491 1629 3537 vous
1683 3479 1752 3536 ot
1808 3471 1905 3538 les
1959 3471 2199 3556 eglises
2257 3472 2339 3537 de
2396 3473 2569 3538 Dieu

611 3581 805 3643 soyez
848 3577 1147 3623 asscurcs
1189 3577 1317 3640 que
1358 3578 1525 3623 nous
1584 3578 1670 3622 ne
1729 3578 2011 3624 sommos
2066 3579 2184 3642 pas
2237 3559 2572 3641 beaucoup

610 3645 945 3710 differans.
1045 3643 1120 3707 Ie
1177 3663 1260 3707 ne
1316 3664 1422 3707 me
1478 3642 1710 3708 estime
1768 3663 1888 3727 pas
1940 3653 2114 3710 estre
2166 3644 2345 3709 mien
2403 3646 2572 3710 mais

611 3752 744 3797 aux
788 3729 1025 3814 eglises
1067 3728 1453 3811 auanelles
1498 3727 1559 3793 le
1602 3729 1914 3814 seigneur
1948 3750 2057 3794 ma
2091 3728 2279 3796 dedie
2315 3737 2383 3795 et
2415 3752 2571 3795 con-

610 3836 814 3883 sacre.
903 3816 1257 3899 Pourquoy
1299 3835 1456 3879 mon
1500 3815 1757 3881 vouloir
1800 3837 1886 3881 ne
1931 3817 2053 3882 tire
2079 3817 2352 3882 aauiltre
2374 3816 2571 3883 chose

608 3902 747 3968 fors
788 3921 915 3985 que
956 3901 1018 3965 ie
1061 3921 1251 3966 serve
1294 3899 1671 3966 fidelement
1712 3922 1751 3966 a
1790 3923 1901 3967 ma
1934 3903 2232 3967 vocation
2268 3925 2350 3968 en
2386 3901 2570 3985 quel-

609 4008 736 4072 que
781 3987 913 4051 lieu
957 3985 1096 4068 quil
1155 3985 1367 4069 plaira
1409 4009 1493 4052 au
1537 3984 1868 4071 Seigneur
1906 3987 2267 4073 mappeller
2312 4009 2432 4070 par
2471 3987 2569 4053 les

608 4094 887 4158 moyons
921 4072 1055 4154 quil
1092 4093 1132 4136 a
1167 4071 1478 4138 ordonne.
1569 4070 1752 4139 Vous
1796 4095 1879 4138 ne
1922 4075 2187 4158 ignorez
2231 4094 2347 4157 pas
2392 4095 2568 4140 com-

608 4158 763 4225 bien
817 4159 878 4223 ie
932 4157 1115 4224 doibs
1170 4167 1343 4223 estre
1398 4169 1595 4223 tenus
1651 4180 1692 4224 a
1748 4158 1979 4243 leg-lise
2035 4181 2116 4224 cn
2173 4159 2449 4242 laquelle
2504 4160 2567 4225 lc

611 4242 944 4328 Seigueur
978 4265 1089 4309 ma
1122 4244 1541 4309 maintenant
1576 4246 1902 4311 constitue
1940 4245 2263 4318 ministre,
2307 4255 2375 4309 et
2414 4245 2565 4327 quel

608 4329 883 4395 debvoir
925 4330 1031 4479 523⁷
1076 4330 1259 4394 selon
1303 4328 1457 4394 dieu
1503 4351 1544 4395 a
1597 4352 1739 4396 mes
1795 4331 2055 4414 princes
2099 4342 2167 4396 et
2207 4331 2566 4415 seigneur-e,

608 4431 730 4499 par
770 4415 992 4497 lesquc
1017 4438 1052 4480 z
1095 4414 1601 4499 premierement
1642 4417 1791 4482 dieu
1850 4437 1958 4480 ma
2000 4417 2128 4481 tire
2186 4426 2255 4481 et
2311 4417 2568 4501 appelle

609 4521 652 4567 a
692 4520 767 4567 ce
810 4501 1023 4567 sainct
1064 4502 1404 4567 ministare
1447 4512 1514 4566 et
1538 4522 1657 4586 par
1677 4502 1832 4567 eulx
1856 4501 2292 4585 grandcment
2316 4505 2564 4569 assiste.

606 4585 684 4654 Ie
728 4607 813 4652 ne
855 4585 1104 4668 depens
1147 4608 1232 4652 en
1276 4588 1420 4653 rien
1474 4587 1590 4654 des
1635 4588 1927 4653 hommes
1965 4598 2033 4653 et
2075 4609 2160 4654 ne
2205 4590 2568 4674 vouldroye

606 4694 776 4757 pour
818 4671 1045 4755 prince
1087 4672 1397 4757 seigneur
1438 4695 1523 4739 ne
1558 4685 1853 4739 creature
1875 4674 2143 4740 vivante
2168 4696 2272 4739 me
2298 4676 2566 4760 forvoye

607 4758 690 4824 de
733 4758 801 4824 la
843 4757 1087 4823 droicte
1121 4779 1288 4844 voye
1332 4767 1401 4824 et
1433 4759 1754 4826 obmettre
1788 4781 2043 4826 aucune
2077 4760 2275 4827 chose
2310 4761 2425 4844 qui
2462 4782 2565 4826 mc

604 4845 711 4910 fut
752 4866 839 4910 en
881 4843 1125 4928 charge
1182 4847 1264 4910 de
1317 4845 1499 4910 dieu:
1558 4850 1724 4910 mais
1774 4866 1978 4930 aussy
2036 4867 2120 4910 ne
2176 4867 2449 4930 osci-oye
2503 4848 2564 4912 ie

604 4932 751 4996 rien
790 4930 1264 5013 entreprendre
1298 4930 1724 5016 legicremcnt
1750 4953 1833 4997 ne
1856 4932 2388 4998 tomcrairement
2407 4953 2563 4998 sans

606 5025 781 5083 estre
824 5036 1090 5082 asseure
1133 5015 1216 5081 de
1255 5037 1364 5082 ma
1418 5019 1721 5084 vocation
1778 5026 1846 5083 et
1899 5041 2052 5108 user
2109 5018 2225 5083 des
2284 5040 2562 5102 moyens

652 5121 733 5167 ue
775 5102 838 5167 le
879 5102 1189 5187 seigneur
1232 5123 1397 5168 nous
1439 5115 1744 5188 presente
1796 5126 1882 5169 en
1926 5113 2111 5170 toute
2168 5104 2559 5171 edification.

645 5207 682 5252 e
726 5207 890 5272 voys
932 5187 996 5252 le
1039 5188 1280 5254 conseil
1323 5211 1448 5272 que
1491 5212 1598 5257 ces
1624 5191 1786 5257 bons
1825 5191 2027 5256 freres
2052 5211 2212 5255 vous
2236 5190 2562 5255 donnent:

602 5272 668 5338 ie
723 5275 989 5357 cogneis
1053 5273 1115 5340 le
1179 5274 1356 5341 ‹lesir
1417 5278 1590 5358 quilz
1643 5285 1759 5342 ont
1811 5277 1893 5342 de
1950 5277 2239 5342 sccourir
2293 5296 2335 5340 a
2384 5285 2564 5342 ceste

604 5358 813 5445 eglise
846 5369 914 5425 et
946 5380 1032 5425 en
1067 5361 1281 5444 quelle
1313 5363 1688 5447 reputation
1722 5362 1807 5428 ila
1842 5362 1997 5429 lont.
2077 5361 2153 5427 Ie
2187 5361 2562 5446 desireroye

2182 449 2709 520 EPISTOLAE
2731 454 3094 544 ‚262—263

4535 457 4656 521 124

2691 640 2845 707 bien
2901 640 2983 706 de
3040 662 3196 705 mon
3254 647 3480 707 couste
3543 647 3718 707 estre
3772 641 3863 706 tel
3920 640 4095 724 quilz
4151 640 4535 708 mestiment
4584 650 4657 710 et

2691 727 2842 793 bien
2908 726 3127 792 idoine
3192 748 3234 792 a
3297 727 3576 811 laffayre
3636 726 3871 809 auquel
3929 727 4015 791 ilz
4072 748 4178 793 me
4236 727 4656 795 vouldroient

2689 812 3026 896 employer
3069 821 3138 878 et
3188 811 3429 894 duquol
3483 812 3939 895 paroillement
3991 811 4077 877 ilz
4134 822 4322 877 mont
4374 815 4656 899 rescript

2691 900 3424 974 trosaffectueusemont,
3486 897 3997 964 madvertissant
4058 905 4128 964 et
4186 898 4653 967 admonestant

2688 1006 2812 1066 que
2854 985 2917 1048 ie
2961 1006 3045 1050 ne
3089 1006 3194 1050 me
3237 992 3531 1048 monstro
3574 984 3762 1066 point
3794 983 4060 1049 difficile
4101 983 4160 1049 si
4203 1005 4343 1049 mes
4388 986 4650 1068 princes

2687 1081 2755 1135 et
2794 1074 3136 1155 seigneurs
3191 1069 3515 1151 auanclz
3568 1070 3653 1134 ilz
3707 1092 3792 1135 en
3847 1080 3964 1135 ont
4020 1070 4174 1136 faict
4226 1080 4529 1154 requeste
4583 1081 4653 1138 et

2687 1158 2901 1239 priore
2946 1156 3026 1222 de
3071 1155 3227 1221 tello
3271 1157 3470 1222 chose
3514 1176 3667 1220 men
3725 1155 4121 1222 solicitoient
4142 1205 4376 1222 ......
4465 1159 4561 1223 Et
4609 1179 4651 1225 a

2685 1264 2843 1327 eeey
2888 1242 2951 1307 ie
2997 1263 3082 1307 ne
3125 1262 3295 1324 puys
3341 1240 3491 1305 voir
3536 1261 3620 1306 ne
3663 1262 3803 1307 mes
3846 1242 4050 1309 freres
4094 1263 4296 1327 aussy
4342 1243 4651 1308 meilleur

2687 1349 2923 1409 moyen
2969 1349 3096 1412 que
3145 1327 3366 1411 celluy
3416 1348 3542 1409 que
3598 1347 3705 1392 ces
3760 1328 3924 1393 bons
3979 1349 4421 1413 personnages
4478 1349 4648 1396 vous

2686 1413 2977 1492 baillent,
3022 1423 3162 1479 cest
3204 1435 3245 1479 a
3285 1413 3545 1479 scavoir
3577 1434 3702 1496 quc
3746 1434 3910 1481 vous
3953 1415 4267 1498 impeti-ez
4311 1414 4476 1480 cella
4518 1436 4650 1498 que

2686 1499 3043 1565 deinandez
3105 1498 3186 1563 de
3241 1519 3382 1564 mes
3438 1498 3698 1583 princes
3752 1507 3821 1564 et
3863 1500 4202 1583 seigneurs
4247 1550 4263 1566 .
4311 1550 4326 1565 .
4371 1550 4387 1565 .
4437 1551 4451 1565 .
4542 1499 4647 1567 Sil

2686 1585 2850 1667 plait
2914 1606 2999 1650 au
3063 1582 3396 1668 Seigneur
3461 1605 3624 1651 vous
3690 1585 3990 1652 adresser
4055 1608 4096 1651 a
4160 1585 4315 1650 eulx
4374 1594 4445 1651 et
4497 1586 4649 1653 leur

2687 1670 2941 1736 donner
3007 1670 3070 1736 le
3134 1692 3336 1736 cucur
3397 1669 3479 1735 de
3541 1692 3902 1755 menvoyer
3953 1692 3995 1735 a
4048 1693 4211 1737 vous
4275 1693 4443 1755 pour
4503 1693 4649 1758 ung

2688 1765 2916 1839 temps,
2955 1778 3126 1839 pour
3167 1767 3500 1822 restauret
3543 1767 3722 1822 ceste
3744 1778 3995 1841 pouvre
4019 1758 4221 1842 eglise
4244 1764 4393 1822 tant
4413 1760 4646 1826 ruinee

2686 1841 2876 1926 ainsy
2919 1843 3029 1925 qui
3079 1843 3224 1908 leur
3267 1864 3308 1907 a
3365 1840 3558 1908 baille
3611 1863 3781 1926 pour
3835 1842 3902 1909 la
3956 1843 4322 1927 plantation
4380 1843 4641 1913 dicelle:

2683 1928 2747 1991 ie
2792 1949 2897 1993 me
2940 1928 3102 1994 offro
3145 1926 3226 1994 de
3271 1949 3356 1993 ne
3399 1928 3540 1993 rien
3586 1929 3842 1995 refuscr
3898 1950 4029 2012 que
4083 1930 4143 1995 ie
4199 1950 4284 1994 ne
4338 1930 4643 2014 employe

2684 2034 2836 2078 mon
2893 2033 3039 2079 ame
3095 2034 3284 2097 corps
3340 2022 3407 2079 et
3458 2035 3626 2098 sang
3678 2022 3746 2079 et
3797 2022 4018 2082 toutcs
4072 2015 4168 2080 les
4222 2035 4451 2099 graces
4505 2016 4643 2098 quil

2683 2099 2917 2181 playra
2960 2121 3000 2165 a
3044 2099 3195 2165 dicu
3239 2120 3346 2165 nie
3389 2098 3619 2165 baillet
3661 2121 3827 2184 pour
3866 2109 4091 2167 vostre
4130 2100 4306 2166 salut
4349 2110 4419 2166 et
4454 2101 4644 2167 edifi-

2681 2187 2901 2250 cation
2947 2236 2960 2249 .
3010 2237 3023 2249 .
3073 2236 3087 2250 .
3138 2235 3152 2250 .
3240 2186 3345 2251 De
3397 2187 3781 2266 Lausanne,
3841 2208 3916 2253 ee
3971 2191 4070 2252 26.
4130 2187 4211 2253 do
4264 2186 4642 2256 Novembre

2786 2391 2887 2456 Le
2930 2400 3074 2457 tout
3114 2399 3340 2456 vostre
3384 2390 3653 2457 humble
3695 2398 3764 2456 et
3802 2391 3967 2473 petit
4005 2393 4333 2459 serviteur
4375 2401 4444 2459 et
4485 2416 4642 2482 amy

3534 2478 3766 2543 Pierre
3811 2475 4020 2542 Viret.

3580 2918 3730 2990 263.

2775 3057 3275 3126 FARELLUS
3321 3057 3804 3126 MINISTRIS
3848 3059 4525 3131 BERNENSIBUS.

2849 3225 3106 3296 Acriter
3165 3236 3343 3314 urqet
3402 3236 3476 3296 ut
3534 3236 3841 3314 quantum
3900 3233 3969 3297 in
4023 3233 4191 3315 ipsis
4238 3237 4325 3301 sit
4382 3234 4639 3304 Calvim’

2677 3317 2949 3382 reditum
2992 3322 3430 3398 promoveant,
3489 3317 3726 3382 interea
3785 3317 4065 3384 Vir-etum
4118 3320 4189 3386 in
4243 3321 4383 3387 eius
4435 3322 4639 3390 locum

2683 3402 2966 3468 Genevae
3006 3403 3445 3486 sufficiendum
3492 3408 3720 3468 curent.

2677 3574 2790 3636 (Ex
2825 3574 3139 3644 apographo
3173 3575 3308 3627 satis
3342 3574 3603 3628 mendoso
3651 3580 3710 3628 et
3754 3575 4089 3630 latinitatem
4136 3578 4344 3632 autoris
4388 3580 4499 3633 alio
4540 3581 4638 3637 niu

2677 3660 2786 3696 non
2829 3651 3034 3696 tersum
3080 3644 3251 3712 magis
3298 3645 3462 3696 etiam
3499 3644 3768 3696 sot-dante.
3843 3645 3982 3698 Bibl.
4021 3651 4160 3714 past.
4200 3647 4454 3702 Neocom.
4540 3665 4635 3721 pp,

3269 3712 3470 3765 Farelli
3504 3713 3684 3766 fascic.
3719 3712 3789 3765 11.
3826 3712 3895 3767 N.
3935 3712 4043 3781 12.)

2846 3898 2917 3967 S.
2964 3899 3268 3966 Gratiam
3311 3909 3380 3965 et
3420 3921 3666 3984 pacem.
3757 3899 3981 3982 Quum
4027 3901 4277 3970 Christi
4328 3904 4634 3990 expendo

2672 3993 3093 4069 praeceptum
3118 3986 3199 4051 de
3232 3986 3606 4068 quaerenda
3627 4007 3886 4053 summo
3909 3989 4126 4054 studio
4159 3992 4378 4056 fratris
4399 3992 4632 4075 salute,

2672 4093 2748 4138 ac
2800 4071 3214 4156 potissimum
3267 4071 3440 4154 quod
3497 4073 3679 4138 iubet
3729 4083 4027 4157 pastores
4082 4086 4418 4157 praestare
4473 4097 4635 4164 erga

2671 4179 2849 4236 oves,
2894 4178 3024 4222 non
3071 4157 3351 4240 amplius
3393 4156 3571 4242 apud
3607 4180 3710 4223 me
3731 4181 3899 4240 sum,
3944 4161 4181 4228 fratres
4203 4183 4399 4244 quam
4429 4166 4632 4232 caris-

2672 4245 2821 4309 simi
2865 4242 2950 4308 ad
2991 4264 3323 4308 summum
3366 4246 3578 4309 vocati
3621 4266 3881 4322 munus,
3937 4268 4142 4329 quum
4198 4247 4459 4313 videam
4521 4270 4631 4318 me

2672 4339 2810 4395 tam
2853 4330 3131 4394 fractum
3188 4350 3266 4394 ac
3320 4350 3590 4412 prorsus
3647 4330 3902 4396 nullum
3957 4331 4028 4395 in
4083 4352 4279 4416 opere
4336 4335 4628 4417 Domini,

2673 4422 2822 4498 post
2885 4414 3283 4480 horrendum
3337 4414 3503 4480 illud
3555 4417 3808 4481 facinus
3867 4417 4291 4484 Genevense:
4348 4442 4479 4503 quo
4533 4420 4631 4489 sic

2671 4522 2935 4566 omnem
2977 4501 3084 4566 vel
3129 4501 3591 4585 cogitationem
3626 4501 3872 4584 aliquid
3911 4503 4148 4585 agendi
4185 4504 4508 4590 ablegavi‚
4552 4514 4631 4575 ut

2671 4595 2928 4652 tantum
2974 4598 3274 4670 putarem
3327 4587 3635 4670 expedire
3678 4589 3988 4669 privatim
4031 4590 4396 4656 Dominum
4438 4592 4628 4660 invo-

2670 4694 2837 4749 care,
2885 4680 2959 4738 ut
3003 4674 3132 4737 mei
3189 4675 3499 4738 misertus
3554 4695 3684 4737 non
3741 4684 4079 4757 pateretur
4133 4697 4174 4740 a
4227 4698 4297 4743 se
4352 4699 4627 4760 prorsus

2669 4757 2997 4836 excidere,
3062 4759 3274 4824 felicia
3325 4758 3546 4824 omnia
3599 4759 3907 4825 omnibus
3960 4760 4236 4842 faceret,
4295 4764 4627 4832 emitteret

2668 4866 2777 4910 eos
2820 4846 2932 4928 qni
2976 4855 3120 4909 tum
3164 4865 3282 4909 nos
3330 4845 3667 4909 vincerent
3709 4843 3918 4912 modis
3974 4848 4304 4930 omnibus,·
4352 4849 4424 4913 in
4485 4858 4627 4919 tam

2667 4949 2854 4996 sacra
2897 4931 3245 5005 functione,
3289 4929 3360 4993 in
3396 4929 4004 5014 quaindignissime
4027 4935 4277 4999 sueram
4301 4947 4622 5018 versatus,

2667 5038 2743 5082 ae
2786 5017 2972 5081 iuxta
3013 5027 3309 5081 sanctam
3365 5016 3492 5080 Dei
3548 5013 4101 5098 dispensationem
4157 5041 4236 5085 ea
4286 5019 4620 5104 liberatus,

2665 5123 2860 5185 quam
2908 5102 3121 5184 impar
3163 5122 3423 5182 semper
3462 5100 3560 5165 fui
3603 5101 3688 5166 ad
3733 5123 3874 5167 rem
3920 5113 4057 5169 tam
4102 5103 4393 5171 arduam.
4483 5108 4623 5177 Vix

2666 5189 2733 5252 in
2779 5197 2967 5251 tanta
3008 5187 3212 5252 animi
3256 5185 3615 5252 defectione
3660 5189 3838 5270 potui
3881 5209 3923 5254 a
3980 5211 4129 5256 mea
4181 5192 4447 5275 ignavia
4504 5214 4622 5261 cx-

2667 5288 2968 5355 torqucre
3047 5280 3122 5337 ut
3195 5273 3422 5338 literas
3490 5293 3871 5341 communes
3932 5277 4302 5358 scriberem,
4383 5280 4621 5362 quibus

2664 5358 3284 5425 commonefacerem
3347 5379 3602 5441 omnes,
3671 5380 3793 5427 sua
3847 5373 4275 5446 agnoscerent
4329 5375 4619 5450 peccata,
