5050 6167
595 445 685 510 ln
2147 440 2676 510 EPIS'POLAE
2732 443 3073 507 209—210
4538 447 4625 510 20

1506 647 1657 717 2⁰9.

1038 783 1446 853 VIRE'I'US
1492 784 2128 853 BULLINGERO.

786 959 911 1043 Spe
953 978 1094 1024 eum
1140 958 1539 1024 conveniendi
1577 958 1930 1040 frustratus
1971 956 2187 1023 saltem
2231 957 2566 1023 literarum

598 1045 1034 1116 commercium
1073 1063 1215 1108 cum
1266 1064 1334 1109 eo
1388 1044 1553 1108 inire
1606 1043 1795 1125 cupit.
1886 1040 2106 1108 Status
2159 1044 2441 1109 eeclesiae
2492 1044 2566 1107 in

600 1134 974 1200 universum
1016 1130 1273 1194 minime
1325 1129 1701 1194 laudandus.
1794 1126 2016 1194 Rarus
2065 1134 2329 1211 apparet
2382 1149 2566 1194 evan-

594 1218 757 1304 9elii
774 1218 1040 1299 fructus.
1116 1213 1247 1281 Pia
1273 1220 1422 1279 sunt
1439 1214 1752 1280 desidem‘a
1772 1214 2222 1294 ministrorum,
2242 1214 2564 1280 hominum

599 1304 825 1370 studia
879 1302 973 1367 vel
1024 1301 1228 1382 impia
1280 1300 1379 1366 vel
1418 1300 1640 1364 saltem
1681 1300 1975 1384 iqnavioe
2014 1300 2230 1366 dedita
2273 1306 2333 1365 et
2373 1300 2563 1365 disci-

595 1388 855 1475 plinam
896 1387 1259 1469 respuentia
1299 1407 1462 1471 quae
1498 1386 1632 1469 fere
1670 1385 1848 1451 nulla
1890 1390 1996 1452 est.

568 1589 577 1596 -
600 1560 717 1626 (Ex
741 1565 971 1682 aqurs
1009 1557 1082 1612 ho
1102 1558 1324 1611 Archiv.
1347 1558 1520 1611 Turio.
1539 1557 1687 1612 Plut.
1727 1555 1828 1611 VI.
1866 1555 1991 1637 V.⁰¹·
2015 1553 2130 1621 166,
2166 1555 2257 1610 fol.
2274 1555 2394 1620 226,
2431 1558 2560 1611 olim

704 1629 849 1700 Epp.
934 1667 946 1679 .
1100 1627 1200 1680 IV.
1253 1627 1454 1680 Exstat
1489 1642 1704 1694 quoque
1738 1643 1827 1695 ap.
1864 1626 2153 1679 Simlernm
2189 1626 2315 1680 Vol.
2343 1624 2455 1693 47.)

771 1816 1032 1882 Pietate
1056 1822 1125 1880 et
1147 1815 1353 1880 literis
1384 1814 1801 1880 ornatissimo
1825 1812 1911 1880 D.
1934 1813 2276 1879 Henricho
2299 1814 2560 1880 Bullin-

599 1923 758 1989 gero
805 1900 1166 1987 Tigurinae
1212 1899 1521 1966 eeclesiae
1564 1901 1808 1984 pastori
1853 1900 2375 1985 vigilantissimo.

776 2172 846 2241 S.
908 2173 1122 2258 gratia
1175 2182 1242 2239 et
1296 2194 1442 2256 pax.
1553 2172 1941 2240 Gaudebam
2004 2171 2168 2238 mihi
2225 2173 2561 2256 superiore

602 2267 853 2327 aestate
876 2260 1278 2326 occasionem
1302 2259 1373 2323 in
1399 2259 1827 2325 Germaniam
1857 2256 2323 2344 peregrinandi
2357 2258 2561 2324 fuisse

601 2345 907 2424 oblatam,
953 2365 1226 2428 sperans
1268 2344 1405 2410 fore
1448 2353 1524 2411 ut
1568 2344 1651 2411 ad
1692 2366 1818 2412 vos
1861 2364 2136 2429 quoque,
2197 2365 2325 2430 quo
2369 2345 2560 2411 insti-

600 2440 942 2498 tueramus
975 2431 1120 2511 iter,
1155 2429 1422 2496 tandem
1455 2432 1969 2515 perveniremus,
2006 2450 2081 2496 ae
2115 2438 2235 2497 tua
2270 2429 2562 2497 doctissi-

602 2538 991 2601 morumque
1025 2517 1342 2595 virorum,
1387 2536 1666 2600 quorum
1701 2537 1982 2602 magnus
2016 2524 2117 2583 est
2150 2516 2348 2584 isthic
2380 2516 2557 2600 apud

601 2624 724 2671 vos
765 2610 1154 2687 proventus,
1212 2604 1583 2688 praesentia
1636 2610 1705 2668 et
1756 2603 2166 2670 suavissimis
2218 2602 2559 2686 colloquiis

600 2690 733 2756 frui
776 2699 843 2755 et
881 2688 1191 2755 oblectari
1236 2689 1667 2773 contingeret.
1758 2687 1895 2755 Sed
1952 2690 2171 2755 nescio
2269 2708 2355 2754 uo
2399 2707 2556 2754 casu

602 2796 640 2842 6
681 2773 896 2841 medio
939 2795 1135 2840 eursu
1178 2774 1471 2842 revocati
1529 2774 1653 2841 hae
1695 2794 1811 2858 spe
1854 2783 2089 2841 nostra-
2123 2784 2191 2841 et
2280 2773 2560 2840 esiderio

598 2861 897 2927 frustrati
941 2881 1190 2939 sumus,
1248 2881 1376 2944 quo
1419 2862 1495 2925 fit
1539 2867 1613 2925 ut
1654 2860 1727 2925 in
1767 2861 2159 2945 praesentia,
2214 2868 2561 2944 postquam

598 2953 667 3014 te
710 2967 933 3015 coram
970 2947 1200 3012 videre
1225 2954 1293 3012 et
1314 2946 1558 3029 alloqui
1580 2955 1890 3031 negatum
1919 2953 2037 3024 est,
2082 2966 2281 3032 cogar
2324 2946 2560 3012 saltem

600 3040 932 3117 uteunque
990 3032 1201 3099 literis
1256 3032 1499 3099 sarcire
1561 3032 1736 3117 quod
1802 3040 1964 3099 tunc
2022 3040 2357 3116 praestare
2422 3053 2559 3098 non

594 3119 800 3188 licuit.
883 3117 1116 3186 Scribo
1151 3123 1389 3203 itaque,
1427 3137 1563 3185 non
1598 3117 1770 3202 quod
1808 3117 1971 3184 mihi
2006 3118 2318 3202 pollicear
2351 3118 2561 3184 ullam

595 3213 664 3272 te
711 3205 1118 3289 voluptatem
1163 3226 1248 3269 ex
1288 3212 1428 3271 tam
1470 3204 1713 3288 ineptis
1769 3205 2031 3289 scriptis
2074 3212 2558 3290 percepturum,

599 3300 718 3358 aut
760 3289 915 3356 inde
959 3289 1204 3375 aliquid
1240 3290 1322 3355 ad
1358 3300 1425 3358 te
1462 3289 1826 3356 rediturum
1862 3290 2186 3370 utilitatis,
2231 3289 2346 3357 sed
2387 3289 2561 3375 quod

599 3399 681 3445 ea
723 3397 838 3461 spe
883 3376 1085 3442 ducar
1127 3382 1207 3441 ut
1247 3377 1415 3442 mihi
1466 3376 1893 3460 persuadeam
1949 3376 2195 3461 aliquid
2249 3399 2398 3444 mea
2450 3397 2561 3441 me

598 3462 1102 3546 importunitate
1147 3462 1263 3528 abs
1315 3471 1381 3528 te
1434 3463 1776 3528 literarum
1834 3472 2268 3542 extorsurum‚
2365 3464 2561 3529 uibus

599 3549 766 3615 mihi
813 3555 1145 3614 recreetur
1186 3548 1464 3629 animus,
1522 3555 1592 3614 et
1643 3568 1920 3632 quarum
1973 3549 2251 3615 lectione
2354 3549 2561 3616 oetior

601 3634 897 3713 evadam,
942 3634 1164 3719 sicque
1198 3635 1447 3700 afficiar
1479 3642 1558 3700 ut
1599 3634 1865 3701 redeam
1911 3633 1994 3700 ad
2036 3636 2297 3718 pietatis
2339 3634 2561 3701 studia

603 3721 882 3787 alacrior
947 3727 1016 3786 et
1080 3720 1422 3786 ardentior.
1528 3719 1823 3787 Puderet
1877 3720 2101 3805 procul
2161 3719 2360 3786 dubio
2419 3729 2558 3786 tam

600 3807 1018 3891 impudenter
1052 3813 1136 3884 te,
1182 3807 1401 3872 virum
1437 3805 1866 3891 undequaque
1902 3806 2363 3886 doctissimum,
2408 3829 2559 3893 gra-

600 3892 891 3960 vissimis
931 3912 1008 3958 ac
1051 3892 1337 3958 maxime
1381 3892 1570 3958 seriis
1613 3892 1853 3958 studiis
1897 3900 2308 3976 occupatum,
2355 3895 2557 3959 inter-

600 3977 851 4062 pellare
895 3985 963 4042 et
1007 3978 1324 4042 remorari
1374 3979 1540 4044 meis
1593 3980 1790 4062 nugis
1842 3986 1912 4043 et
1962 3979 2249 4062 ineptiis,
2304 3980 2431 4045 nisi
2489 3987 2560 4044 et

601 4064 784 4148 ipsae
828 4062 1105 4130 alicuius
1161 4071 1384 4129 essent
1434 4065 1781 4147 momenti,
1837 4071 1905 4128 et
1959 4063 2278 4148 quaedam
2335 4086 2553 4131 seeum

600 4150 774 4218 seria
817 4148 1149 4214 ducerent.
1239 4149 1386 4214 Tua
1432 4171 1468 4215 6
1549 4170 1587 4214 o
1630 4151 1837 4215 fretus
1881 4150 2308 4230 humanitate,
2355 4171 2558 4234 quam

600 4235 770 4301 mihi
822 4243 918 4300 tot
974 4235 1283 4301 encomiis
1340 4234 1426 4300 D.
1674 4256 1830 4302 aeus
1893 4237 2254 4302 eommunis
2307 4237 2557 4302 amicus

597 4328 826 4388 noster
879 4319 1392 4401 commendavit,
1457 4343 1532 4387 ae
1587 4322 1770 4387 euius
1825 4321 2114 4405 impulsu
2171 4322 2357 4405 prius
2419 4323 2557 4389 iam

600 4405 776 4491 apud
807 4415 872 4471 te
905 4406 1152 4490 aliquid
1185 4406 1425 4473 audere
1454 4409 1655 4490 coepi,
1691 4407 1997 4492 accingar
2029 4407 2110 4474 iis
2154 4409 2557 4492 exponendis

600 4491 684 4558 de
719 4492 953 4576 quibus
988 4512 1384 4577 magnopere
1432 4494 1623 4576 cupio
1658 4501 1839 4558 tuam
1876 4492 2103 4558 audire
2139 4495 2553 4560 sententiam.

775 4577 1008 4659 Qualis
1052 4579 1137 4643 sit
1171 4601 1394 4644 rerum
1429 4589 1800 4645 nostrarum
1838 4577 2123 4645 conditio
2159 4600 2292 4644 non
2325 4581 2554 4664 putavi

596 4663 919 4749 prolixius
974 4662 1503 4748 prosequendum
1524 4717 1540 4743 ,
1595 4686 1797 4748 quum
1866 4665 1934 4730 id
1992 4662 2251 4730 abunde
2323 4687 2554 4731 narra-

599 4757 790 4816 turus
856 4750 943 4815 sit
1008 4750 1420 4828 tabellarius,
1487 4771 1681 4833 quem
1747 4749 1917 4814 nihil
1982 4750 2185 4815 latere
2250 4749 2553 4832 arbitror,

597 4844 824 4921 utpote
861 4836 973 4918 qui
1010 4857 1141 4900 non
1178 4844 1438 4901 tantum
1474 4837 1642 4902 mihi
1676 4836 2043 4903 arctissima
2075 4835 2555 4903 necessitudine

598 4923 987 4988 coniunctus
1051 4927 1169 5001 est,
1229 4921 1344 4989 sed
1408 4922 1699 4988 omnium
1757 4921 1955 4988 etiam
2013 4921 2432 4988 consiliorum
2488 4933 2557 4987 et

596 5007 1070 5092 cogitationum
1112 5010 1408 5075 conscius
1450 5015 1519 5074 et
1560 5008 1903 5091 particeps.
1983 5007 2209 5074 Unum
2244 5015 2349 5074 est
2376 5008 2553 5094 quod

594 5092 902 5175 inprimis
930 5101 1150 5160 tecum
1171 5095 1454 5178 optarim
1484 5094 1804 5161 conferre:
1852 5114 1983 5177 qua
2014 5092 2097 5158 de
2139 5114 2212 5160 re
2250 5094 2556 5160 nonnihil

599 5179 792 5263 attigi
845 5180 920 5243 in
975 5181 1141 5246 meis
1197 5179 1282 5246 ad
1322 5181 1408 5247 D.
1459 5178 1817 5263 Oasparem
1862 5177 2283 5263 Meyandrum
2322 5180 2551 5247 literis.

601 5262 853 5330 Sumus
896 5263 1217 5349 plerique,
1277 5276 1346 5330 et
1388 5286 1595 5349 paene
1637 5273 1953 5348 quotquot
2002 5265 2292 5349 penitius
2341 5268 2554 5332 intro-

600 5350 892 5435 spiciunt
925 5351 1440 5435 expenduntque
1475 5350 1856 5436 diligentius
1889 5372 2087 5436 quam
2122 5351 2404 5418 arduum
2429 5353 2555 5419 hoc

2669 631 2758 697 sit
2786 650 3029 696 munus
3062 651 3190 714 quo
3224 629 3526 698 vilissimi
3562 629 4033 698 homunciones
4066 631 4425 717 fungimur,
4457 653 4624 717 quos

2667 736 2947 800 magnae
2989 737 3065 782 ac
3108 736 3347 800 graves
3389 735 3586 782 curae
3629 724 3897 782 teneant
3937 715 4249 783 sollicitos
4306 726 4374 783 et
4428 717 4624 785 valde

2666 801 3069 886 perturbent,
3149 799 3323 884 quod
3401 812 3537 868 tam
3623 824 3814 868 rarus
3895 810 4213 886 appareat
4296 804 4624 889 evangelii

2667 889 2954 968 fruetus,
3018 893 3246 952 tantus
3309 889 3395 954 sit
3459 888 3645 955 verbi
3710 896 3777 954 et
3838 897 4398 955 sacramentorum
4465 911 4624 957 con-

2667 979 2976 1056 temptus,
3031 980 3217 1038 tanta
3268 972 3424 1039 fidei
3478 980 3544 1040 et
3595 973 3890 1040 caritatis
3941 975 4182 1058 inopia,
4237 981 4421 1041 tanta
4470 997 4624 1060 pec-

2668 1058 2860 1126 candi
2917 1058 3263 1139 securitas,
3318 1058 3543 1126 nullus
3595 1060 3726 1127 Dei
3781 1067 4026 1141 metus,
4079 1059 4264 1126 nulla
4316 1081 4622 1145 prorsum

2665 1145 2913 1229 religio,
2955 1144 3116 1211 adeo
3169 1150 3246 1210 ut
3284 1165 3635 1212 vereamur
3688 1166 3774 1211 ne
3825 1145 4145 1229 paulatim
4196 1145 4498 1214 labamur
4545 1147 4622 1215 in

2667 1230 3057 1297 atheismum
3109 1229 3456 1316 quendam,
3513 1232 3714 1297 semel
3766 1230 3983 1299 deleta
4036 1255 4121 1298 ex
4174 1233 4413 1300 animis
4464 1232 4622 1300 reli·-

2665 1317 2858 1401 gione
2898 1324 2964 1382 et
2998 1318 3190 1381 omni'
3216 1317 3344 1381 Dei
3379 1317 3615 1383 timore
3644 1338 3933 1384 excusso.
4021 1318 4193 1384 Nam
4240 1317 4397 1402 quid
4432 1318 4623 1385 nobis

2666 1403 3008 1469 accesserit
3044 1423 3128 1468 ex
3165 1402 3509 1487 profligato
3552 1404 3866 1487 papismo,
3911 1425 4047 1470 non
4082 1404 4407 1471 sentimus
4441 1403 4622 1471 aliud

2666 1509 2866 1571 quam
2921 1488 3092 1572 quod
3149 1488 3288 1554 viee
3345 1487 3820 1555 abominandae
3874 1489 4051 1556 illius
4103 1489 4620 1557 sacrificulorum

2662 1572 2964 1639 lanienae
2997 1584 3066 1640 et
3085 1594 3422 1641 sacrorum
3456 1574 4010 1641 exsecrandorum
4044 1595 4265 1642 sacras
4299 1575 4620 1644 habemus

2664 1660 3022 1739 conciones,
3067 1661 3402 1745 ingentem
3445 1661 3711 1744 quidem
3765 1669 3835 1725 et
3884 1662 4430 1747 pretiosissimum
4471 1661 4619 1727 the-

2665 1766 2955 1826 saurum,
3008 1746 3264 1813 felicem
3321 1746 3919 1826 commutationem,
3977 1748 4105 1814 nisi
4155 1769 4352 1831 quem
4402 1767 4488 1813 ex
4540 1769 4622 1814 ea

2666 1830 3012 1914 decerpere
3060 1832 3346 1898 fructum
3403 1830 3834 1899 debueramus
3887 1833 4235 1900 defloraret
4284 1834 4619 1918 praeripe-

2665 1926 2894 2000 retque
2955 1925 3326 1984 nostrorum
3392 1918 3733 1984 hominum
3786 1920 4084 2003 ignavia,
4152 1928 4217 1986 et
4279 1919 4618 2005 religionis

2663 2002 3004 2088 neglectus
3048 2011 3183 2068 tam
3228 2004 3467 2086 impius
3510 2012 3577 2069 et
3614 2005 3937 2088 pertinax,
3995 2014 4069 2070 ut
4123 2027 4315 2090 saepe
4369 2006 4617 2072 soleam

2662 2090 2946 2172 cogitare
3002 2089 3171 2156 hane
3237 2089 3421 2155 nobis
3463 2089 3678 2155 lucem
3722 2089 4066 2157 adfulsisse
4112 2113 4237 2175 quo
4281 2092 4617 2177 graviores

2660 2173 2829 2239 irato
2872 2176 3156 2240 Domino
3198 2194 3441 2258 poenas
3484 2183 3746 2242 nostrae
3787 2176 4147 2259 impietatis
4194 2186 4263 2242 et
4303 2176 4615 2262 perfidiae

2662 2260 2938 2325 luamus.
3028 2259 3354 2344 Optamus
3397 2282 3624 2326 omnes
3679 2261 3941 2345 quidem
3987 2264 4352 2345 profectum
4396 2262 4618 2329 uberi-

2663 2367 2873 2425 orem,
2930 2347 3208 2413 maiores
3273 2347 3536 2431 pietatis
3590 2357 3823 2415 auctus
3878 2357 3947 2414 et
3999 2348 4433 2415 incrementa:
4501 2348 4618 2415 sed

2663 2430 2830 2496 nihil
2874 2431 3051 2497 aliud
3099 2453 3294 2517 quam
3339 2440 3663 2516 optamus.
3751 2433 4189 2518 Deploramus
4222 2435 4416 2501 istam
4452 2442 4621 2500 tem-

2662 2536 2901 2600 porum
2935 2517 3368 2602 iniquitatem,
3419 2526 3489 2583 at
3523 2520 3776 2585 interea
3809 2541 4004 2587 nemo
4038 2529 4140 2586 est
4172 2528 4472 2588 nostrum
4508 2521 4622 2604 qui

2663 2602 2912 2669 mederi
2947 2604 3152 2670 tantis
3185 2604 3380 2670 malis
3416 2604 3647 2670 valeat.
3719 2606 4026 2672 Incertus
4059 2629 4206 2673 sum
4241 2606 4434 2689 plane
4466 2605 4622 2673 idne

2664 2697 2888 2755 nostro
2922 2690 3259 2775 contingat
3294 2690 3470 2768 vitio,
3517 2712 3605 2756 an
3639 2691 3884 2775 populi,
3922 2712 4006 2757 an
4044 2692 4404 2776 utriusque,
4447 2689 4625 2777 qnod

2663 2774 3062 2858 probabilius
3105 2797 3247 2843 esse
3291 2777 3579 2842 coniicio.
3676 2775 4163 2844 Meditabamur
4204 2776 4622 2861 disciplinam

2665 2860 2952 2944 aliquam
2988 2862 3057 2927 in
3093 2862 3450 2940 ecelesiam,
3489 2881 3656 2946 quae
3678 2862 3772 2928 sic
3794 2862 4112 2929 dissoluta
4131 2870 4251 2944 est,
4287 2883 4621 2944 revocare,

2664 2945 2732 3010 id
2776 2947 2952 3013 enim
3008 2950 3359 3014 necessitas
3417 2968 3537 3014 nos
3591 2948 3767 3033 cogit
3821 2949 4059 3016 facere:
4127 2948 4387 3033 qualem
4440 2971 4619 3030 vero,

2663 3033 2851 3100 nobis
2893 3055 3026 3099 non
3070 3034 3230 3100 satis
3274 3041 3549 3101 constat.
3638 3033 3849 3100 Cuius
3886 3034 4194 3101 ecelesiae
4238 3036 4621 3120 exemplum

2665 3119 2851 3185 nobis
2903 3139 3345 3204 proponamus
3397 3118 3812 3201 imitandum,
3878 3142 4010 3186 non
4064 3121 4223 3187 satis
4277 3122 4617 3187 novimus:

2664 3214 2802 3271 tum
2864 3205 3036 3289 quod
3097 3206 3336 3290 quibus
3399 3206 3665 3272 vivatur
3729 3205 3886 3272 alibi
3949 3206 4298 3286 institutiS,
4360 3215 4429 3273 et
4490 3227 4619 3291 qua

2664 3289 3006 3375 disciplina
3048 3292 3463 3357 contineatur
3506 3292 3777 3375 quisque
3819 3293 3892 3357 in
3933 3293 4172 3372 officio,
4236 3290 4416 3359 haud
4457 3292 4620 3359 satis

2662 3375 2899 3460 liquet,
2959 3384 3102 3442 tum
3159 3377 3328 3460 quod
3388 3377 3760 3443 rarissimae
3814 3384 3972 3443 sunt
4025 3398 4138 3444 eae
4197 3378 4506 3446 ecclesiae
4547 3379 4618 3444 in

2663 3463 2898 3548 quibus
2949 3484 3082 3529 non
3140 3463 3371 3529 iisdem
3432 3461 3771 3529 laboretur
3795 3468 3802 3475 “
3824 3462 4070 3531 morbis
4127 3471 4196 3531 et
4248 3464 4476 3531 iisdem
4532 3464 4621 3530 sit

2662 3571 2824 3633 opus
2877 3549 3199 3616 remediis.
3311 3549 3525 3615 Porro
3588 3557 3883 3615 veterem
3950 3548 4358 3633 disciplinam
4423 3550 4618 3617 resti-

2663 3645 2846 3701 tuere
2900 3633 3080 3700 haud
3141 3641 3242 3701 est
3298 3635 3369 3699 in
3423 3641 3766 3719 promptu,
3832 3656 3953 3701 nee
4015 3634 4307 3719 expedit,
4369 3636 4617 3720 partim

2662 3721 2835 3805 quod
2892 3743 3027 3786 non
3079 3722 3214 3786 suis
3268 3730 3489 3787 eareat
3545 3722 3756 3800 vitiis,
3812 3728 3880 3787 et
3934 3721 4218 3805 plurima
4284 3723 4617 3789 contineat

2662 3828 2845 3891 quae,
2889 3815 2968 3872 ut
3008 3805 3308 3873 nonnihil
3353 3805 3697 3872 discedunt
3729 3806 3811 3872 ab
3850 3808 4285 3891 apostolorum
4310 3807 4616 3891 puritate,

2660 3894 2754 3958 ita
2797 3890 3020 3960 reduci
3064 3893 3228 3959 citra
3269 3893 3818 3959 conscientiarum
3851 3893 4222 3976 perieulum
4243 3900 4311 3959 et
4333 3892 4616 3979 papismi

2661 3980 2942 4062 speciem
2982 3985 3180 4061 atque
3223 3979 3657 4063 suspicionem
3703 4000 3829 4043 non
3876 3978 4062 4045 facile
4105 3988 4400 4063 possunt.
4481 3977 4616 4044 Ou-

2659 4064 2878 4149 pimus
2924 4063 3354 4147 disciplinam,
3400 4062 3515 4130 sed
3548 4064 3761 4148 quoad
3798 4064 3939 4131 eius
3981 4065 4125 4131 fieri
4175 4066 4416 4148 poterit
4455 4065 4615 4131 sim-

2660 4150 3104 4234 plicissimam,
3150 4150 3585 4249 purissimam,
3631 4157 3699 4215 et
3739 4150 3905 4216 nihil
3965 4151 4046 4216 ab
4101 4149 4454 4235 apostolica
4494 4171 4615 4216 va-

2661 4238 2944 4301 riantem
3007 4256 3044 4300 e
3111 4237 3273 4301 viris
3341 4256 3493 4302 vere
3572 4237 3958 4319 apostolicis.
4071 4234 4223 4316 Qua
4284 4257 4444 4302 vero
4502 4235 4614 4302 via

2660 4320 3274 4474 ssffizffissfflffiss
3293 4343 3381 4472 ¹¹3
3424 4322 3871 4492 iffiffifflgssssssi
3886 4321 4299 4473 ἱὲῗΡὲἒὲῖἓ
4314 4429 4352 4472 a
4382 4342 4614 4474 ‘¹33²ss

2885 4458 2900 4486 5
3274 4458 3290 4485 ἲ
3468 4460 3483 4486 9

2661 4513 2800 4558 rem
2848 4501 3148 4574 utamur,
3206 4492 3365 4578 quid
3418 4514 3859 4578 proponamus
3912 4501 3981 4557 et
4032 4491 4482 4573 deliberemus,
4539 4493 4612 4557 in

2659 4586 2844 4645 tanto
2884 4579 3231 4644 affectuum
3278 4587 3495 4658 aestu,
3551 4579 3837 4644 sinistris
3892 4576 4400 4663 suspicionibus,
4457 4578 4611 4645 reli-

2660 4664 2876 4750 gionis
2931 4665 3230 4749 neglectu
3252 4717 3266 4746 ,
3323 4663 3501 4732 haud
3555 4664 3743 4730 nobis
3795 4666 3955 4732 satis
4018 4673 4426 4747 compertum
4487 4671 4608 4731 est.

2660 4751 2927 4817 Morbos
2991 4751 3311 4817 sentimus
3375 4759 3443 4818 et
3505 4752 3979 4835 cognoscimus,
4045 4751 4160 4816 sed
4223 4749 4374 4833 plus
4432 4750 4613 4816 valet

2662 4845 2804 4903 arte
2854 4836 3102 4902 malum
3156 4844 3226 4902 et
3274 4836 3488 4902 indies
3557 4838 3770 4921 magis
3836 4858 3912 4903 ac
3971 4835 4182 4922 magis
4247 4835 4610 4916 invalescit,

2660 4921 2820 4988 dum
2871 4944 3063 4988 nemo
3116 4943 3391 4988 manum
3447 4922 3763 4989 medicam
3809 4922 4130 4997 admovet,
4185 4942 4377 4987 nemo
4419 4943 4610 4988 oecu-

2659 5018 2857 5092 patur
2876 5008 3280 5091 inquirendis
3321 5008 3655 5089 antidotis,
3695 5015 3812 5074 aut
3842 5011 4029 5092 siqui
4061 5007 4128 5073 id
4151 5007 4309 5073 dent
4323 5027 4607 5092 operam,

2658 5103 2774 5160 aut
2817 5102 3215 5160 cunctantur
3257 5094 3537 5159 nimium
3582 5102 3699 5160 aut
3739 5116 3869 5160 non
3913 5092 4223 5161 videntur
4279 5114 4476 5178 agere
4530 5114 4611 5159 ea

2658 5179 2787 5246 fide
2829 5189 2896 5245 et
2938 5179 3277 5264 diligentia
3317 5199 3510 5264 quam
3553 5200 3660 5246 res
3702 5181 3848 5264 ipsa
3887 5181 4212 5265 postulat,
4269 5189 4465 5263 atque
4513 5181 4610 5245 ita

2657 5287 2915 5350 semper
2956 5267 3025 5331 in
3068 5265 3295 5331 eodem
3348 5265 3693 5332 haeremus
3745 5266 3887 5333 luto
3944 5275 4013 5333 et
4065 5267 4606 5345 consuescimus,

2657 5352 2828 5418 nihil
2870 5352 3064 5417 veriti
3107 5373 3192 5417 ne
3233 5353 3513 5436 posteris
3556 5352 3895 5419 ecelesiam
3937 5352 4384 5437 relinquamus
4426 5350 4608 5418 omni
