5050 6167
416 452 531 516 33⁷

411 638 706 704 libertate
749 636 833 703 ad
875 635 1143 700 illorum
1201 636 1652 701 infirmitatem
1710 637 1790 701 iis
1841 636 1912 700 in
1969 635 2164 702 rebus
2222 657 2354 701 non

411 733 797 807 temperata,
857 721 1214 805 periculose
1271 721 1707 787 offendantur.
1811 724 1909 786 Ae
1967 722 2355 786 nominatim

411 811 735 893 apostolus
759 811 948 874 Rom.
987 813 1057 869 15
1097 827 1261 872 vers.
1289 813 1326 869 2
1366 829 1632 891 scopum
1678 806 2027 872 evitandae
2070 809 2356 891 proximi

408 897 779 961 offensionis
823 894 1089 972 statuit,
1148 901 1224 957 ut
1267 893 1454 957 illum
1513 895 1585 958 in
1629 894 1873 958 bonum
1918 893 2352 959 aedificemus.

407 982 514 1047 Ex
558 1003 686 1064 quo
730 980 1026 1063 sequitur
1083 978 1252 1042 nihil
1297 980 1636 1044 nocentius
1694 1001 1733 1043 a
1774 980 1960 1045 nobis
2005 979 2086 1044 ad
2133 979 2355 1062 proxi-

407 1089 585 1131 mum
643 1067 994 1149 pervenire
1050 1085 1268 1147 posse,
1339 1086 1531 1147 quam
1590 1064 1759 1148 quod
1815 1086 1948 1129 non
2009 1065 2089 1130 ad
2151 1065 2357 1147 ipsius

407 1153 941 1229 aedificationem,
1000 1150 1114 1216 sed
1160 1151 1241 1214 ad
1287 1149 1794 1215 destructionem
1840 1151 2183 1232 pertineat.
2273 1150 2356 1214 In

405 1239 675 1322 epistola
719 1259 876 1303 vero
919 1236 1003 1302 ad
1029 1235 1175 1301 Cor.
1224 1243 1273 1313 1,
1313 1241 1351 1299 8
1398 1251 1465 1300 et
1510 1241 1582 1300 10
1618 1258 1758 1320 cap.
1806 1235 2112 1302 disertius
2156 1236 2355 1300 etiam

405 1325 530 1390 hoe
565 1325 965 1407 exsequitur,
1004 1331 1077 1386 ut
1112 1321 1429 1396 ostendat,
1476 1322 1567 1386 sic
1602 1324 1705 1386 ius
1739 1331 2036 1386 nostrum
2076 1331 2146 1387 et
2180 1322 2354 1386 illius

405 1410 582 1496 apud
628 1431 747 1476 nos
790 1429 1058 1475 sensum
1115 1406 1196 1471 ad
1257 1410 1533 1472 fratrum
1592 1416 1659 1473 et
1712 1408 2160 1491 proximorum
2205 1428 2354 1489 cap-

403 1505 548 1561 tum
596 1495 1093 1579 temperandum
1138 1515 1297 1570 esse,
1343 1516 1425 1558 ne
1470 1494 1618 1577 plus
1661 1493 1944 1559 audendi
1989 1514 2184 1575 quam
2230 1492 2356 1558 sibi

401 1582 599 1647 licere
643 1582 884 1647 conscii
937 1580 1059 1644 sibi
1117 1581 1280 1654 sint,
1337 1580 1711 1663 exemplum
1768 1601 1808 1643 a
1853 1581 2037 1644 nobis
2082 1579 2351 1644 ducant:

401 1667 578 1753 quod
625 1689 756 1732 non
792 1667 970 1732 aliud
1006 1673 1107 1730 est
1139 1686 1334 1747 quam
1372 1667 1650 1730 exitium
1695 1667 1991 1748 proximo
2033 1674 2355 1749 quantum

399 1755 470 1820 in
519 1754 707 1819 nobis
750 1754 837 1818 sit
881 1772 1230 1818 accersere.
1299 1752 1444 1815 Iam
1492 1752 1572 1816 ad
1619 1772 1777 1815 rem.
1858 1752 1993 1816 Fac
2036 1752 2354 1816 interesse

399 1841 645 1905 missae
711 1840 990 1922 aliquem
1054 1859 1137 1902 ex
1202 1837 1314 1910 iis,
1382 1838 1494 1919 qui
1560 1838 1652 1919 pii
1719 1836 2062 1918 habentur,
2129 1847 2195 1901 et
2248 1836 2354 1900 eui

398 1926 644 1991 missae
681 1926 984 2007 impietas
1020 1922 1356 2005 explorata
1391 1924 1494 2000 sit,
1540 1931 1796 1988 tantum
1834 1933 1912 1987 ut
1946 1922 2354 2007 ignorantiae

398 2011 681 2077 aliorum
728 2009 1130 2075 adstantium
1175 2009 1449 2074 fortasse
1494 2028 1655 2085 sese,
1701 2019 1778 2071 ut
1821 2008 2200 2091 loquuntur,
2247 2027 2353 2072 ac·

396 2095 782 2164 commodet.
879 2098 1119 2161 Annon
1167 2115 1328 2160 vero
1373 2095 1484 2177 qui
1543 2094 1678 2160 illic
1735 2091 2000 2159 adstant
2042 2116 2190 2159 cum
2238 2114 2356 2158 sua

397 2183 487 2250 ad
531 2184 803 2247 missam
849 2182 1229 2254 devotione,
1292 2180 1446 2244 dum
1493 2189 1718 2244 nostra
1761 2181 2130 2262 praesentia
2173 2180 2354 2243 illam

397 2270 594 2335 nobis
637 2289 891 2351 quoque
937 2268 1194 2351 probari
1239 2286 1370 2330 non
1415 2275 1662 2331 temere
1705 2266 2048 2349 colligunt,
2103 2266 2169 2330 in
2218 2285 2355 2329 ma-

396 2355 542 2420 lum
601 2374 642 2418 a
694 2353 884 2419 nobis
937 2352 1454 2417 confirmantur?
1516 2351 1732 2432 Quam
1770 2351 2017 2436 grando
2062 2351 2274 2416 scelus
2319 2371 2359 2415 a

395 2440 617 2507 Paulo
673 2438 834 2504 illud
885 2437 1447 2521 pronunciandum
1507 2438 1956 2502 existimamus
2014 2437 2040 2520 (
2086 2434 2359 2519 uidquid

398 2526 488 2592 de
534 2525 712 2589 illius
771 2524 1222 2608 magnitudine
1287 2531 1509 2586 nostra
1563 2523 1933 2604 pervicacia
1989 2543 2064 2587 su
2112 2523 2358 2599 ducat),

396 2633 613 2696 quum
657 2631 877 2675 rerum
935 2610 1198 2674 illarum
1261 2629 1449 2672 usum
1496 2610 1857 2690 attingens,
1915 2629 2083 2690 quae
2127 2629 2246 2690 per
2290 2628 2359 2671 se

395 2697 709 2764 fidelibus
764 2696 1174 2779 promiscuae
1236 2715 1377 2758 esse
1444 2701 1781 2776 poterant,
1849 2701 1984 2758 tam
2052 2693 2360 2758 destricte

397 2792 630 2850 tamen
688 2791 942 2860 monet,
1011 2789 1088 2846 ut
1152 2781 1336 2844 nobis
1394 2801 1527 2843 non
1585 2779 1856 2859 addicti,
1915 2781 2360 2861 proximorum

395 2869 756 2954 praecipua
820 2868 1035 2951 potius
1100 2887 1298 2932 causa
1365 2866 1481 2930 sit:
1551 2874 1812 2948 propter
1878 2864 2358 2942 conscientiam,

395 2956 651 3038 inquit,
711 2975 844 3018 non
887 2963 1068 3017 tuam
1114 2951 1227 3017 sed
1272 2950 1568 3028 alterius,
1633 2972 1798 3033 quae
1841 2950 1950 3013 vel
1995 2949 2364 3014 offendetur

395 3050 472 3108 et
516 3044 587 3105 in
632 3039 805 3104 malo
843 3039 1352 3112 confirmabitur,
1403 3036 1506 3100 vel
1544 3037 1730 3119 quasi
1769 3037 1994 3100 fractis
2030 3035 2362 3118 repagulis

397 3126 710 3209 exemplo
753 3133 871 3190 tuo
916 3125 985 3189 in
1030 3125 1301 3189 exitium
1349 3121 1461 3187 ille
1506 3123 1880 3206 abripietur.
1963 3120 2123 3185 Vide
2158 3121 2363 3204 igitur

393 3215 476 3280 in
539 3211 797 3296 primis,
874 3232 955 3276 ne
1013 3210 1139 3275 isto
1193 3208 1566 3275 offendiculi
1627 3219 1692 3273 et
1750 3206 2040 3273 scandali
2097 3207 2363 3271 nomine

395 3299 522 3365 tibi
572 3300 961 3379 imponatur.
1051 3297 1147 3362 Ut
1191 3297 1366 3360 enim
1405 3294 1866 3377 gravissimum
1913 3292 2075 3356 illud
2121 3304 2224 3358 est
2266 3294 2361 3356 of-

394 3383 712 3452 fendiculi
759 3405 983 3466 genus,
1042 3382 1155 3446 ubi
1200 3389 1423 3447 nostro
1467 3379 1765 3462 exemplo
1809 3379 2013 3443 frater
2056 3379 2126 3442 in
2174 3399 2361 3462 prae·

396 3493 560 3553 ceps
605 3471 924 3546 mittitur,
986 3490 1060 3534 ae
1105 3468 1352 3533 corruit
1395 3466 1505 3548 qui
1551 3465 1905 3549 erigendus
1950 3474 2091 3529 erat
2132 3471 2360 3528 nostra

393 3557 881 3624 moderatione:
930 3556 1023 3620 ita
1065 3555 1265 3619 etiam
1301 3554 1354 3616 si
1390 3552 1611 3615 omnia
1644 3550 1950 3617 scaudala
1991 3551 2062 3614 in
2107 3559 2358 3614 utram-

395 3646 507 3710 vis
563 3653 814 3726 partem
875 3642 1121 3706 evitare
1179 3642 1578 3722 cogitamus,
1637 3659 1842 3701 unum
1900 3634 2359 3718 compendium

396 3728 572 3797 illud
631 3739 763 3806 est,
823 3729 1100 3792 facessat
1154 3725 1460 3790 Christus
1514 3744 1554 3787 a
1619 3724 1821 3788 nobis.
1923 3722 2190 3785 Etenim
2246 3720 2357 3784 ille

395 3823 763 3903 perpetuus
808 3823 910 3878 est
962 3811 1333 3877 offendiculi
1379 3809 1572 3892 lapis,
1630 3808 1710 3873 ad
1769 3829 1960 3890 quem
2017 3808 2356 3871 hominum

395 3903 696 3969 maxima
741 3921 894 3984 pars
937 3899 1257 3981 impingit.
1348 3897 1439 3960 Et
1492 3895 1562 3957 iu
1621 3895 1857 3977 populo
1903 3893 2170 3958 Iudaico
2216 3912 2360 3974 per-

396 3990 559 4054 inde
606 3988 729 4051 hoe
772 3986 928 4050 olim
974 3984 1250 4056 exstitit,
1307 4003 1506 4063 quum
1562 3980 1644 4045 ad
1689 3981 1834 4044 illos
1876 3979 2162 4062 primum
2199 3977 2357 4042 mis-

399 4097 515 4141 sus
560 4074 651 4139 sit
693 4072 1038 4136 Dominus.
1129 4069 1272 4132 Imo
1317 4067 1499 4130 Deus
1555 4066 1695 4148 ipse
1751 4066 1879 4130 iam
1941 4073 2093 4129 aute
2152 4064 2357 4128 offen-

399 4160 624 4226 diculo
672 4159 766 4222 illi
812 4178 968 4222 suae
1014 4155 1192 4239 genti
1239 4155 1531 4217 maxima
1576 4173 1661 4215 ex
1704 4161 1887 4233 parte
1933 4151 2160 4214 fuerat.
2223 4150 2355 4213 Ite-

397 4268 555 4311 rum
600 4244 803 4328 igitur
840 4243 1135 4325 regulam
1181 4261 1374 4322 quam
1421 4259 1620 4319 supra
1665 4238 1846 4319 posui
1894 4244 2134 4317 repeto,
2182 4233 2356 4316 quod

398 4329 716 4416 quidquid
760 4329 942 4393 iubet
985 4336 1100 4392 aut
1141 4335 1324 4390 vetat
1369 4323 1566 4388 verbo
1609 4344 1727 4387 suo
1772 4322 2115 4396 Dominus,
2162 4320 2242 4384 ab
2280 4339 2356 4384 eo

399 4439 488 4483 ne
531 4417 743 4480 latum
789 4435 1079 4497 unguem
1118 4411 1446 4477 discedere
1482 4409 1578 4473 fas
1622 4428 1763 4471 esse
1811 4406 1916 4471 vel
1960 4428 2107 4472 eum
2153 4405 2357 4470 totius

399 4500 636 4568 mundi
708 4502 1086 4565 offensione.
1190 4496 1542 4578 Quumque
1606 4492 1914 4557 Christus
1986 4492 2206 4573 impiis
2272 4492 2358 4556 sit

401 4609 666 4670 semper
701 4586 1115 4664 offendiculo,
1159 4605 1290 4648 non
1326 4595 1426 4646 est
1462 4577 2000 4661 exspectandum,
2047 4586 2122 4640 ut
2156 4575 2356 4640 iidem

401 4675 627 4739 miuus
671 4672 1119 4748 offendantur,
1179 4689 1379 4751 quum
1436 4688 1555 4731 nos
1599 4664 2019 4748 evangelium
2064 4661 2356 4745 profiteri

403 4757 1009 4824 animadverterint.
1114 4753 1308 4835 Quod
1368 4771 1524 4816 vero
1584 4750 1664 4814 ad
1723 4750 1838 4815 illa
1895 4750 2133 4814 attinet
2187 4768 2355 4831 quae

403 4843 580 4929 quod
614 4843 697 4908 ad
731 4864 922 4908 usum
957 4839 1174 4905 media
1207 4845 1376 4916 sunt,
1423 4845 1498 4901 ut
1531 4857 1570 4900 a
1606 4836 1794 4899 nobis
1823 4835 2127 4918 usurpari
2163 4833 2356 4898 omit-

403 4932 546 4996 tive
591 4930 848 5013 possint
891 4928 1150 5010 integra
1192 4923 1606 5000 couscientia,
1665 4923 1737 4985 in
1780 4921 2040 4985 illorum
2085 4941 2209 4985 usu
2253 4919 2355 4984 vi-

405 5015 728 5090 dendum,
789 5035 871 5079 ue
914 5012 1084 5077 nihil
1129 5034 1256 5077 non
1303 5009 1613 5074 fratribus
1656 5005 2102 5080 concedamus,
2160 5011 2237 5070 ut
2275 5005 2354 5068 li-

403 5099 630 5168 bertas
685 5100 800 5165 illa
854 5107 1078 5164 nostra
1136 5097 1423 5162 caritatis
1480 5095 1612 5179 legi
1663 5102 1978 5178 perpetuo
2020 5092 2353 5156 inserviat.

404 5187 499 5252 Et
553 5195 781 5253 tamen
838 5186 967 5249 ista
1024 5185 1434 5248 infirmorum
1485 5181 1809 5264 susceptio
1853 5200 1967 5244 seu
2012 5177 2358 5242 tolerantia

408 5293 486 5339 eo
523 5274 756 5339 referri
802 5270 1020 5348 debet,
1078 5279 1155 5333 ut
1212 5269 1336 5351 ipsi
1394 5267 1640 5334 sensim
1695 5265 1777 5331 ad
1831 5286 1910 5330 ea
1961 5285 2125 5348 quae
2181 5271 2358 5327 reeta

408 5369 565 5425 sunt
605 5365 1148 5443 promoveantur,
1201 5362 1269 5419 et
1326 5352 1410 5419 ad
1457 5352 1676 5418 Deum
1717 5351 1982 5435 propius
2025 5349 2355 5417 accedant.

620 5461 842 5518 calm
869 5475 1052 5530 opera.
1135 5459 1247 5514 Voz.
1286 5456 1394 5512 xl.

2103 451 2259 512 1541
2310 446 2372 512 N
2376 445 2718 515 OVEMB.

4282 462 4405 525 338

2456 634 2633 700 Nam
2689 636 2747 700 si
2806 637 3108 720 exemplo
3166 645 3389 704 nostro
3447 641 3737 723 ipsorum
3783 644 4180 710 conscientia
4221 649 4409 729 quasi

2458 722 2595 784 vim
2639 722 2906 803 patitur,
2953 744 3072 788 nos
3115 724 3382 790 illorum
3427 728 3626 790 exitio
3669 750 3932 794 eausam
3977 729 4227 796 damus.
4316 734 4408 797 Et

2458 805 2632 889 quod
2671 806 2756 871 ad
2796 807 2941 872 illos
2985 813 3240 888 attinet,
3284 812 3395 894 qui
3437 833 3611 878 nunc
3650 814 3863 896 aliquo
3906 815 4167 897 pietatis
4210 826 4407 901 gustu

2458 892 2693 958 imbuti
2730 903 2901 971 suut,
2947 915 3148 977 quum
3187 897 3563 979 paucissimi
3599 898 3732 963 sint
3765 900 3999 982 quibus
4039 903 4239 967 missa
4272 902 4405 967 iam

2458 978 2531 1042 in
2574 977 2981 1044 idololatriae
3026 982 3461 1064 suspicionem
3505 984 3737 1048 saltem
3781 1007 3913 1048 non
3957 987 4207 1052 veniat:
4255 1009 4406 1054 nos-

2459 1070 2563 1127 tro
2601 1073 2823 1130 tamen
2857 1065 2970 1130 illo
3006 1067 3307 1150 exemplo
3344 1067 3670 1135 ducuntur
3709 1079 3778 1135 ut
3813 1072 3894 1136 ab
3936 1071 4052 1137 illa
4094 1095 4223 1137 non
4259 1075 4407 1139 abs-

2459 1149 2749 1227 tineant,
2816 1171 3011 1233 quum
3087 1153 3219 1216 iam
3278 1154 3621 1219 assistendi
3676 1156 4020 1239 scrupulus
4074 1159 4408 1225 eonscien-

2460 1234 2617 1298 tiam
2686 1255 2821 1318 pun
2872 1257 2989 1301 ens
3062 1237 3422 1305 revellitur.
3525 1241 3700 1306 Illud
3758 1263 3917 1307 vero
3984 1243 4410 1310 deterrimum

2459 1329 2559 1384 est
2598 1319 2885 1386 scandai
2939 1342 3174 1406 genus,
3232 1345 3360 1407 quo
3416 1325 3717 1392 infirmae
3769 1330 4203 1394 eonscientiae
4260 1337 4326 1395 et
4370 1352 4410 1395 a

2458 1425 2575 1488 spe
2651 1408 3012 1473 sanationis
3089 1430 3225 1473 non
3301 1421 3619 1490 remotae,
3701 1422 4114 1480 transversae
4189 1427 4410 1481 nostro

2457 1491 2757 1574 exemplo
2804 1493 2885 1558 ab
2930 1494 3107 1558 omui
3153 1516 3348 1561 sensu
3386 1498 3663 1579 pietatis,
3712 1497 3794 1562 ad
3830 1501 4035 1564 nostri
4071 1501 4224 1566 facti
4260 1523 4408 1585 per-

2457 1577 2776 1642 niciosum
2858 1589 3318 1663 argumentum
3397 1584 3599 1648 semel
3671 1584 4101 1667 abripiuntur.
4192 1588 4410 1652 Audio

2458 1672 2785 1746 postremo
2820 1664 3063 1729 bonum
3100 1676 3396 1731 nostrum
3422 1668 3501 1732 N.
3541 1669 3828 1734 scandali
3867 1670 4056 1735 istius
4094 1671 4172 1735 de
4208 1671 4412 1737 missa

2460 1749 2764 1814 adeunda
2798 1752 3189 1833 gravitatem
3228 1752 3486 1819 elevare
3524 1755 3690 1821 velle
3736 1757 4258 1838 germanicarum
4304 1777 4409 1824 ee-

2458 1834 2806 1900 clesiarum
2841 1836 3157 1919 example,
3206 1858 3388 1920 quae,
3438 1840 3669 1922 inquit,
3714 1840 3995 1906 liberum
4035 1843 4267 1925 cuique
4311 1843 4408 1908 fa-

2458 1922 2644 1987 ciunt
2680 1922 2919 1986 missas
2963 1922 3143 1987 adire
3185 1924 3289 1988 vel
3334 1945 3465 1990 non
3511 1925 3709 1991 adire.
3803 1926 3981 1992 Cedo
4025 1948 4179 1993 vero
4223 1937 4409 1993 auto-

2459 2027 2599 2071 rem
2644 2007 2834 2072 istius
2891 2009 3289 2092 imposturae
3342 2019 3409 2074 et
3464 2011 3897 2077 contumeliae
3954 2012 4269 2079 adversus
4315 2024 4412 2078 tot

2462 2092 2590 2157 Dei
2635 2092 2980 2158 ecelesias?
3069 2094 3206 2159 Res
3243 2107 3472 2179 aperta
3509 2106 3627 2174 est,
3674 2098 3731 2161 si
3770 2098 3879 2162 vel
3924 2098 4268 2163 minimum
4312 2101 4416 2164 in·

2462 2178 2633 2261 quiri
2677 2179 2961 2243 iusseris.
3066 2180 3212 2263 Ego
3254 2201 3408 2245 vero
3454 2181 3571 2246 tibi
3616 2184 3957 2258 confirm0,
4017 2183 4140 2250 hoc
4174 2186 4267 2249 ita
4312 2206 4415 2250 re-

2461 2275 2719 2346 ceptum
2773 2285 2945 2341 esse,
3015 2285 3148 2329 nou
3204 2275 3458 2331 tantum
3517 2268 3689 2352 apud
3751 2289 3977 2333 omnes
4036 2290 4202 2351 quae
4267 2270 4416 2335 istie

2463 2357 2623 2414 sunt
2663 2348 2988 2425 ecelesias,
3033 2349 3149 2415 sed
3193 2360 3260 2416 et
3295 2352 3465 2434 apud
3510 2375 4036 2436 unumquemque
4081 2375 4163 2418 ex
4208 2353 4417 2419 fideli-

2464 2436 2603 2513 bus,
2649 2436 2918 2499 missam
2960 2436 3506 2503 abominationem
3553 2460 3697 2503 csse
3733 2460 3866 2503 non
3908 2437 4260 2503 ferendam.
4322 2440 4416 2504 Et

2470 2520 2694 2602 Capito
2739 2523 2877 2602 ipse
2921 2522 3029 2603 qui
3080 2521 3541 2589 moderationis
3587 2523 3942 2589 studiosior
3987 2523 4251 2589 habitus
4297 2534 4414 2600 est,

2466 2607 2729 2689 scripsit
2771 2605 3012 2672 librum
3053 2628 3129 2671 ea
3173 2607 3252 2672 de
3295 2630 3368 2673 re
3425 2609 3505 2672 ad
3552 2631 3774 2693 regem
3820 2609 4101 2692 Angliae
4146 2631 4281 2674 non
4324 2610 4419 2674 ita

2465 2692 2755 2774 pridem,
2807 2713 2936 2775 quo
2993 2692 3180 2757 docet
3234 2694 3607 2778 principum
3652 2716 3795 2759 esse
3840 2696 3907 2758 in
3954 2695 4115 2759 illud
4160 2696 4418 2760 incum-

2467 2776 2622 2842 bere
2665 2778 2992 2860 inprimis,
3050 2787 3123 2841 ut
3167 2800 3404 2843 munus
3454 2801 3645 2844 suum
3692 2790 4052 2863 praestent,
4108 2787 4184 2846 ut
4228 2802 4417 2847 exse·

2467 2862 2779 2928 orandam
2824 2863 3006 2928 illam
3061 2863 3495 2928 idololatriam
3555 2866 3754 2930 semel
3809 2888 3844 2930 e
3901 2867 4115 2931 medio
4159 2867 4414 2932 tollant.

2467 2948 2697 3031 Neque
2742 2949 2916 3013 ullus
2960 2957 3179 3013 exstat
3223 2949 3414 3014 hodie
3458 2950 3734 3015 alicuius
3778 2951 3847 3016 in
3892 2951 4163 3018 ecclesia
4205 2953 4417 3017 nomi·

2467 3034 2589 3112 nis,
2634 3034 2748 3116 qui
2789 3055 2922 3098 non
2965 3033 3234 3117 perinde
3279 3035 3536 3100 sentiat.
3606 3035 3830 3116 Quum
3866 3036 4069 3120 igitur
4092 3039 4417 3103 Dominus

2466 3127 2533 3184 te
2579 3119 2888 3203 dignatus
2931 3120 3020 3184 sit
3062 3120 3434 3203 cognitione
3478 3124 3759 3187 nominis
3804 3124 3926 3198 sui,
3980 3133 4172 3206 teque
4216 3143 4418 3188 evan·

2465 3204 2618 3288 gelii
2658 3206 2758 3269 sui
2808 3206 3083 3270 veritate
3126 3206 3629 3282 illuminaverit,
3682 3209 3784 3273 fac
3828 3215 3904 3272 ut
3947 3209 4290 3273 coelestem
4334 3208 4418 3272 il-

2462 3291 2595 3354 lam
2664 3293 3072 3356 voeationem
3153 3313 3486 3376 agnoscas.
3595 3293 3823 3375 Neque
3904 3294 4078 3357 enim
4146 3293 4271 3357 alia
4335 3292 4417 3360 de

2466 3398 2663 3442 causa
2706 3398 2742 3441 e
2788 3378 3029 3441 nostris
3072 3376 3205 3441 illis
3247 3377 3533 3442 tenebris
3579 3378 3661 3442 ad
3719 3378 3930 3443 lucem
3976 3399 4162 3443 suam
4206 3377 4417 3443 admi-

2464 3462 2738 3526 rabilem
2783 3462 3153 3540 transtulit,
3208 3483 3405 3545 quam
3461 3473 3537 3527 ut
3579 3463 3676 3527 illi
3719 3464 3835 3528 uui
3880 3464 4186 3529 irretorto
4229 3463 4418 3530 oculo

2464 3547 2962 3612 adhaereamus:
3013 3546 3367 3630 demusque
3403 3569 3667 3631 operam
3710 3557 3790 3613 ut
3832 3549 4044 3632 magis
4088 3571 4161 3615 ac
4206 3550 4418 3631 magis

2463 3632 2740 3710 erudit-i,
2808 3634 3187 3698 continuum
3266 3634 3625 3715 profectum
3692 3636 3761 3698 in
3827 3635 4029 3717 ipsius
4096 3635 4418 3717 sapientia

2462 3718 2873 3796 meditemur,
2920 3719 3012 3782 uti
3049 3718 3226 3783 illius
3269 3717 3638 3784 rudimenta
3680 3719 3813 3783 iam
3858 3721 3937 3785 ab
3982 3722 4121 3801 ipso
4167 3721 4416 3801 accepi·

2460 3825 2627 3868 mus.
2708 3803 3023 3885 Inprimis
3082 3825 3234 3868 vero
3291 3804 3679 3882 cavendum,
3727 3826 3810 3870 ne
3855 3806 4156 3888 spiritum
4200 3806 4411 3889 ipsius

2463 3891 2997 3973 exstinguamus:
3044 3889 3143 3953 uti
3186 3888 3316 3953 illis
3360 3890 3611 3966 accidit,
3659 3891 3766 3972 qui
3799 3899 3865 3955 et
3909 3891 4224 3956 claudunt
4262 3911 4415 3955 oeu-

2463 3975 2578 4052 los,
2626 3984 2694 4039 et
2737 3996 2928 4039 aures
2972 3973 3347 4053 obstruunt,
3405 3973 3708 4057 illiusque
3751 3977 3848 4040 rei
3906 3996 4104 4040 unam
4148 3976 4412 4058 ignora-

2464 4062 2711 4125 tionem
2756 4061 3097 4137 affectant,
3159 4067 3356 4142 quam
3406 4061 3736 4125 Dominus
3780 4062 4079 4127 omnibus
4124 4062 4410 4143 patefac·

2465 4157 2600 4211 tam
2644 4146 2871 4210 voluit.
2961 4145 3156 4210 Absit
3210 4166 3364 4210 vero
3421 4166 3459 4209 a
3515 4146 3701 4211 nobis
3746 4155 4002 4211 tantum
4045 4146 4277 4224 scelus,
4321 4167 4409 4213 ne

2459 4231 3000 4315 ingratitudinem
3071 4230 3253 4296 illam
3335 4241 3402 4295 et
3476 4239 3922 4314 contemptum
3998 4231 4410 4299 severissime

2461 4317 2729 4383 tandem
2788 4316 3092 4382 vindicet.
3211 4314 3388 4396 Quin
3444 4318 3659 4398 potius
3724 4339 3799 4382 eo
3864 4317 4052 4382 unice
4116 4317 4409 4384 studium

2460 4403 2890 4485 applicemus,
2950 4411 3027 4467 ut
3085 4402 3155 4466 in
3212 4403 3438 4484 optimi
3498 4403 3793 4485 magistri
3862 4401 4086 4467 schola
4149 4402 4409 4470 assidue

2459 4486 2891 4571 proficiendO,
2955 4487 3219 4552 tandem
3276 4487 3480 4570 ipsius
3538 4487 3867 4553 doetrinae
3922 4508 4189 4572 scopum
4234 4488 4409 4571 apud

2457 4574 2643 4638 illum
2692 4595 3184 4657 consequamur.
3274 4572 3452 4639 Illud
3496 4594 3653 4638 vero
3696 4583 3835 4637 tum
3879 4572 4157 4650 dabitur,
4204 4595 4409 4657 quum

2461 4682 2546 4725 ex
2586 4681 2891 4743 corporeo
2934 4660 3125 4725 istius
3160 4660 3352 4724 molis
3396 4659 3725 4741 ergastulo
3770 4658 3853 4722 ad
3895 4659 4084 4723 illum
4127 4661 4408 4742 emigra·

2460 4745 2696 4820 bimus,
2744 4762 2818 4810 ut
2860 4767 2940 4829 pe
3060 4753 3175 4809 tua
3220 4745 3381 4811 haee
3425 4753 3650 4808 nostra
3692 4764 3839 4808 eum
3880 4743 4140 4809 Davide
4184 4743 4410 4810 schola

2461 4832 2577 4895 sit:
2624 4830 2806 4896 Doce
2841 4853 2945 4896 me
3035 4831 3255 4896 omine
3289 4832 3497 4896 facere
3537 4830 3948 4895 voluntatem
3978 4839 4161 4893 tuam
4197 4829 4406 4911 (Psal.

2468 4921 2535 4980 14
2551 4921 2608 4994 3,
2661 4916 2781 5001 10).
2872 4919 3088 5000 Atque
3145 4916 3258 4982 ubi
3314 4916 3426 4981 illo
3481 4917 3716 4980 affectu
3773 4924 3840 4979 et
3882 4913 4018 4980 zelo
4076 4914 4408 4994 ducemur,

2460 5024 2595 5067 non
2639 5014 2742 5068 est
2784 5000 3248 5080 dubitandum,
3303 5003 3460 5084 quin
3503 5001 3595 5065 ita
3638 5002 3718 5066 ab
3763 5002 3904 5084 ipso
3949 4998 4275 5083 dirigendi
4321 4999 4408 5063 si-

2461 5108 2627 5166 mne,
2673 5094 2750 5152 ut
2793 5088 2955 5152 nihil
2998 5090 3068 5152 in
3111 5089 3224 5152 via
3264 5109 3384 5152 nos
3428 5087 3516 5151 sit
3556 5098 4047 5152 remoraturum.
4114 5084 4222 5150 Ad
4258 5105 4409 5150 nos-

2459 5183 2599 5240 tros
2642 5194 2801 5240 vero
2844 5173 3132 5239 defectus
3173 5183 3241 5238 et
3282 5173 3720 5258 ignorantiam
3765 5170 4233 5237 sublevandam
4277 5192 4410 5236 non

2462 5260 2670 5327 deerit
2721 5259 2927 5343 ipsius
2980 5259 3222 5344 gratia,
3293 5279 3457 5342 quae
3514 5259 3828 5323 maiorem
3885 5257 4099 5321 lucem
4157 5257 4407 5338 afferat,

2463 5354 2790 5431 quatenus
2847 5346 2990 5429 ipse
3048 5346 3234 5410 novit
3290 5344 3448 5429 quid
3504 5344 3824 5428 expediat.
3914 5342 4266 5409 Summum
4309 5350 4408 5409 est
