5050 6167
649 462 781 529 231

644 650 844 718 tibus
883 645 1245 715 vindictam
1286 643 1577 729 aliquam
1620 650 1929 729 expetere
1972 642 2239 709 debeam
2281 641 2467 708 nulla
2510 651 2613 709 est

656 754 877 803 causa.
940 731 1386 815 Quaecunque
1422 729 1857 814 contigerunt,
1910 730 2003 795 sic
2045 737 2192 795 acta
2231 736 2388 794 sunt
2427 729 2610 795 urbis

660 819 960 896 nomine,
1039 828 1116 884 ut
1180 819 1253 882 in
1326 816 1553 900 paucis
1619 815 1954 881 autoribus
2016 814 2210 898 culpa
2285 813 2606 880 haereret.

660 907 886 989 Atque
927 903 1028 968 illi
1068 902 1199 987 ipsi
1230 921 1353 987 per
1385 898 1770 967 seditionem
1805 898 2142 965 conductis
2164 900 2379 983 operis
2400 906 2609 965 totam

659 1011 805 1057 rem
826 998 1123 1074 egerunt.
1188 988 1289 1053 Ac
1331 1008 1416 1052 ne
1460 987 1978 1070 Argentinenses
2021 983 2301 1068 quidem,
2345 984 2611 1051 tametsi

661 1095 783 1161 pro
845 1086 1122 1158 paterna
1193 1093 1325 1156 qua
1400 1092 1508 1137 me
1567 1070 2087 1154 complectuntur
2158 1071 2613 1137 benevolentia

660 1161 948 1227 retinere
991 1180 1097 1224 106
1139 1157 1314 1242 apud
1356 1179 1429 1224 66
1461 1158 1752 1241 cupiunt,
1795 1155 2163 1239 impediunt
2194 1165 2411 1222 tamen
2449 1178 2610 1239 quo-

661 1245 883 1311 minus
936 1245 1347 1311 vocationem
1402 1243 1571 1308 hanc
1634 1242 2001 1325 suscipiam,
2056 1243 2111 1308 si
2152 1241 2344 1307 modo
2389 1241 2610 1308 Gene-

662 1329 977 1397 vensibus
1021 1326 1248 1395 utilem
1294 1349 1436 1395 esse
1477 1348 1552 1393 ac
1573 1327 1927 1393 salutarem
1963 1335 2369 1411 compertum
2391 1329 2607 1393 fuerit.

665 1415 886 1498 Quam
941 1413 1224 1481 fideliter
1277 1414 1455 1479 illius
1509 1412 1821 1480 ecclesiae
1873 1412 2152 1479 salutem
2195 1433 2455 1497 semper
2497 1434 2610 1478 cu-

662 1502 978 1583 raverint,
1021 1521 1144 1586 ego
1186 1500 1472 1584 optimus
1514 1520 1663 1564 sum
1713 1498 1918 1564 testis.
2016 1497 2235 1579 Quam
2289 1498 2614 1582 singulari

664 1607 822 1653 vero
890 1587 1185 1652 omnium
1255 1585 1674 1652 ecclesiarum
1740 1582 2176 1650 sollicitudine
2232 1592 2609 1669 tangantur,

660 1673 737 1737 in
780 1670 918 1738 dies
961 1673 1173 1756 magis
1220 1672 1537 1755 experior.
1627 1668 1807 1750 Quid
1858 1670 2063 1754 igitur
2116 1691 2408 1735 remorae
2461 1669 2605 1735 est?

664 1756 911 1823 dicetis.
981 1755 1206 1839 Quum
1225 1757 1455 1821 literae
1474 1755 1628 1821 illae
1650 1755 2007 1833 venissent,
2026 1756 2084 1839 ⁴)
2118 1756 2253 1820 iam
2274 1753 2609 1821 decretum

663 1850 807 1910 erat
862 1863 902 1907 a
959 1850 1193 1908 senatu
1257 1850 1481 1908 nostro
1539 1849 1616 1907 ut
1679 1842 1761 1906 ad
1829 1840 2384 1906 Wormatiensem
2453 1861 2607 1906 con-

662 1937 937 1995 ventum
1002 1929 1462 2012 proficiscerer.
1574 1927 1771 1992 Hanc
1842 1928 2332 1992 excusationem
2406 1926 2606 1992 habui

663 2036 785 2081 001
839 2014 1010 2078 nihil
1066 2022 1244 2079 certo
1296 2013 1430 2077 illis
1483 2013 1964 2078 constituerem.
2064 2013 2326 2077 Literas
2382 2021 2606 2077 tamen

660 2099 890 2183 scripsi
926 2099 1356 2165 amicissimas
1397 2098 1648 2181 quibus,
1691 2108 1767 2162 ut
1803 2119 1911 2162 me
1954 2106 2305 2163 venturum
2338 2099 2608 2163 minime

658 2184 1066 2267 recipiebam,
1110 2184 1333 2250 omnia
1376 2193 1596 2249 tamen
1638 2182 1852 2248 officia
1914 2183 2269 2267 pollicebar
2315 2204 2481 2267 quae
2523 2184 2605 2248 ab

661 2270 924 2336 homine
1001 2269 1124 2335 sibi
1202 2268 1685 2336 devinctissimo
1738 2277 2006 2352 possent
2067 2269 2385 2354 flagitare.
2494 2268 2604 2334 Illi

659 2377 816 2423 vero
863 2377 995 2420 non
1061 2364 1438 2440 exspectato
1492 2375 1801 2438 responso
1857 2354 2106 2438 legatos
2162 2355 2607 2421 submiserunt

658 2443 770 2525 qui
814 2439 1170 2508 adventum
1208 2462 1429 2507 meum
1471 2448 1799 2525 urgerent.
1889 2439 2034 2505 Iam
2087 2461 2349 2507 eramus
2403 2440 2605 2506 Wor-

657 2527 913 2592 matiae.
997 2527 1100 2592 Eo
1143 2547 1350 2610 usque
1392 2527 1774 2610 prosequuti
1821 2533 1995 2590 sunt.
2083 2527 2263 2610 Ego,
2321 2548 2395 2591 re
2451 2547 2604 2592 cum

655 2613 737 2677 iis
791 2610 1146 2678 deliberata
1201 2613 1437 2696 quibus
1488 2631 1597 2676 1116
1652 2608 2012 2696 regendum
2071 2611 2395 2689 dederam,
2453 2632 2604 2678 cum

655 2698 782 2764 hac
835 2699 1264 2782 promissione
1321 2718 1432 2762 eos
1488 2694 1735 2775 dimisi,
1790 2717 1912 2761 nos
1964 2696 2163 2762 simul
2219 2717 2295 2763 ac
2336 2697 2603 2762 domum

654 2782 1077 2849 rediissemus
1143 2784 1428 2849 facturos
1492 2801 1577 2846 ex
1641 2782 1861 2847 animo
1924 2783 2095 2865 quod
2160 2804 2243 2848 ex
2308 2784 2603 2867 ipsorum

654 2869 938 2934 utilitato
995 2875 1184 2933 esset.
1287 2868 1582 2950 Exposui
1636 2868 1834 2933 etiam
1877 2867 2225 2934 consilium
2266 2875 2600 2933 nostrum:

653 2953 863 3021 videri
915 2954 1133 3031 nobis,
1194 2973 1329 3018 non
1384 2952 1621 3018 melius
1674 2953 1921 3019 consuli
1964 2955 2252 3036 ipsorum
2293 2953 2601 3020 ecclesiae

652 3060 860 3124 posse,
903 3060 1102 3123 quam
1143 3039 1201 3104 si
1241 3035 1325 3104 ad
1364 3037 1844 3122 inspiciendum
1885 3040 2025 3105 eius
2066 3046 2312 3105 statum
2352 3038 2602 3122 aliquot

654 3145 738 3191 ex
798 3125 1031 3191 vicinis
1086 3123 1374 3190 ecclesiis
1429 3124 1767 3202 venirent,
1833 3128 1945 3208 qui
2003 3146 2088 3190 ex
2143 3145 2216 3190 re
2271 3125 2600 3209 praesenti

653 3219 966 3294 caperent
1052 3229 1129 3274 ac
1205 3208 1438 3293 darqht
1513 3209 1873 3275 consilium.
1995 3208 2314 3276 Bucerum
2396 3211 2602 3295 igitur

652 3316 910 3361 mecum
932 3302 1306 3374 venturum,-
1323 3306 1334 3316 ‘
1350 3295 1479 3361 nisi
1521 3294 1737 3378 aliqua
1768 3296 1977 3361 maior
2009 3297 2361 3364 necessitas
2395 3296 2601 3361 inter-

651 3382 925 3461 veniret,
969 3378 1207 3446 bonam
1249 3401 1501 3464 quoque
1542 3381 1730 3447 nobis
1772 3401 1955 3465 spem
2005 3402 2147 3448 esse
2161 3433 2180 3463 ,
2237 3402 2277 3446 a
2331 3382 2601 3465 reliquis

652 3466 940 3532 ecclesiis
980 3466 1408 3550 impetratum
1445 3464 1531 3530 iri
1572 3474 1650 3530 ut
1681 3486 1833 3531 6006
1864 3468 2221 3533 mitterent.
2286 3468 2383 3533 At
2416 3476 2601 3533 ante·

650 3572 847 3637 quam
902 3552 1278 3619 Wormatia
1331 3549 1843 3629 discederemus,
1913 3553 2046 3618 iam
2101 3553 2181 3618 116
2224 3552 2432 3618 011610
2474 3554 2601 3619 hac

651 3638 1052 3723 profectione
1071 3639 1100 3680 ὅ
1171 3637 1368 3702 111001
1407 3636 1682 3703 10160106
1724 3637 1865 3702 fuit.
1953 3638 2191 3705 Paucis
2242 3658 2400 3705 vero
2450 3646 2606 3723 post

651 3723 940 3789 reditum
988 3722 1092 3788 die
1137 3743 1219 3787 us
1274 3723 1438 3787 mihi
1490 3720 1957 3789 denunciatum
2028 3724 2152 3790 fuit
2215 3731 2291 3790 ut
2342 3745 2449 3790 me
2514 3724 2599 3790 ad

650 3809 781 3875 iter
821 3828 1284 3892 compararem.
1390 3808 1500 3874 Ita
1551 3829 1668 3891 spe
1723 3808 1880 3874 illuc
1951 3810 2261 3875 veniendi
2314 3810 2601 3877 abscissa

651 3914 904 3959 moram
944 3895 1188 3959 iterum
1230 3893 1559 3961 excusavi.
1584 3895 1641 3977 ⁶)
1709 3896 1806 3959 At
1846 3895 2116 3961 videbor
2148 3897 2444 3962 fortassis
2487 3904 2604 3962 aut

651 3988 962 4062 captasse,
1006 3988 1122 4044 aut
1162 3988 1339 4046 certe
1372 3979 1659 4045 libenter
1677 3981 2031 4064 arripuisse
2054 3981 2174 4047 hos
2195 3990 2599 4065 praetextus,

650 4065 890 4149 quibus
952 4086 1058 4130 me
1121 4066 1203 4132 ab
1266 4065 1383 4130 illa
1459 4065 1797 4132 vocatione
1870 4067 2258 4132 extricarem
2276 4118 2293 4145 ,
2369 4088 2410 4132 a
2470 4088 2602 4150 qua

656 4149 916 4216 animus
971 4150 1212 4234 alioqui
1267 4151 1675 4217 abhorrebat.
1775 4151 1870 4219 Ut
1925 4174 2030 4218 me
2094 4153 2175 4218 ab
2220 4153 2344 4218 hac
2384 4154 2598 4235 suspi-

654 4236 839 4302 cione
880 4234 1171 4315 liberem,
1217 4244 1427 4301 totum
1472 4237 1673 4301 animi
1713 4236 1848 4301 mei
1888 4258 2160 4304 sensum
2210 4238 2396 4305 vobis
2449 4238 2596 4303 bre-

652 4322 831 4386 viter
884 4321 1194 4405 aperiam.
1301 4320 1477 4402 Quia
1543 4321 1676 4389 11116
1745 4324 2293 4401 contentionibus,
2357 4324 2596 4407 quibus

651 4405 809 4472 olim
852 4414 1111 4471 tantum
1154 4428 1289 4472 non
1333 4408 1665 4474 confectus
1708 4409 1832 4487 fui,
1889 4408 2086 4495 longe
2128 4429 2236 4474 me
2278 4411 2595 4493 imparem

649 4491 882 4571 sentio,
924 4491 1134 4557 fateor
1173 4513 1281 4557 me
1322 4513 1491 4559 onus
1532 4492 1656 4560 hoc
1698 4493 2121 4561 vehementer
2152 4494 2596 4561 reformidare.

649 4576 796 4643 Imo
837 4578 1090 4661 quoties
1131 4580 1450 4644 memoria
1492 4587 1715 4662 repeto
1758 4579 1873 4645 illa
1914 4581 2302 4659 certamina,
2361 4580 2597 4664 quibus

650 4682 773 4747 nos
813 4672 1251 4728 exercuerunt
1293 4685 1457 4747 0006
1498 4665 1769 4731 minime
1809 4664 1879 4730 id
1922 4664 2207 4743 decebat,
2249 4675 2425 4733 totus
2457 4666 2597 4732 fere

649 4750 1011 4815 exanimor.
1122 4748 1412 4815 Proinde
1480 4750 1538 4816 si
1605 4752 1822 4816 animo
1892 4773 2038 4817 meo
2098 4753 2592 4835 acquiescerem,

646 4834 1271 4917 transmarepotius
1310 4855 1507 4919 quam
1549 4836 1723 4902 illuc.
1794 4836 2049 4903 Verum
2070 4859 2276 4921 quum
2297 4859 2376 4903 ea
2396 4858 2596 4903 causa

646 4929 989 5004 suspectus
1028 4920 1194 4985 mihi
1237 4942 1404 5001 sum,
1447 4941 1556 4987 106
1597 4922 1814 5005 ipsum
1849 4945 1982 4989 000
2011 4922 2288 4989 adhibeo
2320 4924 2396 4988 in
2437 4944 2592 4990 con-

638 5158 2595 5299 ηῶὶοῦςλὼᾞπψαοιδωαωεθωώκά

849 5234 1323 5431 affir-

2390 450 2917 520 EPIS'POLAE
2964 454 3304 518 318-320

4528 453 4653 515 232

2712 640 2966 707 silium:
3034 661 3143 707 eos
3207 639 3576 707 consultare
3638 637 3833 705 iubeo
3896 638 4010 722 001
4067 646 4136 705 61
4197 659 4355 705 sano
4417 637 4656 705 iudicio

2714 736 2869 792 6001
2911 736 2979 793 61
3019 726 3279 812 integro
3322 727 3560 792 animo.
3649 727 3749 791 Ac
3792 745 3878 791 nc
3918 725 3986 790 id
4042 734 4254 792 astute
4297 725 4510 791 facere
4552 724 4657 790 vi·

2714 812 2899 893 dear,
2972 812 3261 878 obtestor
3328 834 3448 897 per
3510 811 3764 878 Christi
3829 832 4069 876 nomen
4128 833 4214 877 ne
4265 832 4460 894 quem
4522 811 4658 878 mei

2712 906 3080 981 respectum
3121 896 3424 964 habeant.
3445 899 3502 973 ⁷)
3572 895 3766 979 Quod
3805 895 3863 961 61
3897 896 4080 961 00110
4122 897 4229 962 1110
4272 897 4658 963 difficultate

2713 982 3060 1066 impedior,
3108 984 3291 1049 scitis
3344 993 3570 1048 tamen
3622 983 3792 1047 nihil
3847 982 4009 1047 mihi
4049 983 4120 1047 in
4164 990 4352 1047 tanto
4395 982 4657 1067 negotio

2714 1068 3106 1134 movendum
3168 1089 3309 1134 esse
3363 1070 3503 1134 sine
3560 1069 3703 1134 eius
3760 1068 4068 1135 ecclesiae
4138 1069 4484 1133 autoritate
4549 1069 4657 1135 cui

2714 1175 2861 1220 60111
2926 1154 3370 1238 obstrictus.⁸)
3476 1155 3687 1221 Porro
3757 1176 3893 1220 una
3962 1156 4254 1219 omnium
4327 1154 4657 1220 sententia

2714 1249 2814 1306 661
2857 1248 2949 1317 ut,
2995 1262 3198 1323 quum
3241 1240 3529 1323 primum
3573 1240 3656 1306 ab
3694 1241 3839 1305 istis
3881 1240 4159 1306 comitiis
4202 1240 4448 1304 erimus
4501 1239 4658 1306 libe-

2715 1325 2875 1404 rati,
2937 1347 3013 1390 60
3070 1346 3193 1392 006
3250 1325 3676 1392 conferamus.
3778 1324 4070 1392 Censent
4125 1325 4301 1390 enim
4344 1324 4656 1408 expedire

2714 1419 2790 1477 ut
2831 1432 2907 1475 eo
2950 1432 3056 1475 me
3099 1410 3392 1477 Buce-rus
3449 1411 3757 1491 deducat,
3814 1432 3944 1494 quo
4002 1411 4199 1476 simul
4240 1411 4655 1479 consulamus

2713 1495 2867 1580 quid
2933 1497 3109 1563 factu
3171 1500 3258 1563 sit
3319 1498 3654 1580 optimum.
3767 1499 3984 1580 Atque
4049 1497 4301 1562 utinam
4366 1517 4406 1561 a
4468 1497 4655 1564 vobis

2753 1603 2962 1665 uoque
3006 1581 3285 1647 obtineri
3330 1595 3560 1666 posset,
3608 1590 3684 1648 ut
3724 1605 3809 1648 ex
3853 1592 4070 1648 vestro
4124 1581 4393 1667 collegio
4447 1605 4654 1649 unum

2757 1668 2956 1732 aretis
2998 1668 3113 1750 qui
3157 1668 3340 1734 nobis
3384 1667 3656 1734 adesset.
3757 1667 4094 1752 Quidquid
4148 1669 4303 1745 erit,
4361 1690 4494 1734 non
4552 1678 4655 1735 661

2709 1753 3138 1818 metuendum
3209 1774 3295 1819 ne
3366 1755 3637 1821 60016610
3697 1755 4232 1839 Argentinensie,
4299 1776 4427 1838 quo
4502 1775 4654 1838 pro-

2710 1839 2944 1922 spiciat
2977 1838 3131 1917 sibi,
3189 1839 3464 1905 alteram
3517 1862 3601 1905 ne
3646 1839 3825 1924 ligat.
3912 1841 4142 1923 Neque
4185 1861 4344 1906 sane
4388 1861 4655 1907 causam

2713 1923 2912 1990 habet
2966 1925 3224 1990 etiamsi
3294 1925 3472 1991 velit.
3590 1862 3923 2007 5001011111
3977 1927 4113 1993 11110
4164 1927 4286 2005 fui,
4344 1947 4428 1991 06
4482 1926 4653 1992 nihil

2711 2031 3002 2094 agerem,
3061 2009 3502 2077 adhibuerunt
3542 2033 3649 2077 me
3692 2011 3776 2077 ad
3816 2012 4156 2078 lectionem
4202 2011 4651 2095 theologicam,

2710 2093 3059 2161 Caeterum
3101 2118 3236 2161 non
3280 2105 3542 2164 tantum
3582 2106 3684 2163 661
3723 2118 3958 2182 operae
3998 2117 4186 2164 meae
4226 2099 4530 2180 pretium,
4576 2108 4655 2163 ut

2711 2179 2992 2246 multum
3034 2182 3427 2248 incommodi
3462 2204 3733 2267 passura
3787 2184 3873 2249 611
3926 2183 4148 2250 schola
4201 2204 4282 2248 ex
4331 2205 4478 2249 meo
4519 2182 4654 2251 dis-

2711 2287 2917 2333 cessu.
3017 2266 3169 2334 Una
3226 2290 3331 2333 res
3397 2268 3717 2334 duntaxat
3784 2268 4143 2351 Capitonem
4203 2277 4269 2334 et
4332 2268 4653 2335 Bucerum

2710 2352 3117 2436 reliquosque
3160 2354 3393 2420 anxios
3428 2355 3652 2421 habet:
3695 2355 3869 2438 quod
3911 2376 4145 2439 parum
4180 2354 4652 2421 aedificationis

2708 2459 2794 2502 ex
2847 2459 2993 2503 meo
3045 2439 3408 2505 ministerio
3466 2451 3881 2524 exspectant,
3938 2441 4070 2507 nisi
4123 2462 4195 2507 se
4250 2442 4416 2506 mihi
4483 2441 4653 2507 bona

2706 2523 2837 2589 fide
2871 2523 3234 2609 adiungant
3257 2526 3598 2605 Bernates,
3635 2537 3703 2592 et
3734 2526 3920 2610 quasi
3955 2526 4345 2592 auxiliarem
4380 2544 4650 2591 manum

2705 2610 3060 2694 porrigant.
3084 2612 3140 2694 ⁹)
3203 2611 3432 2694 Neque
3476 2611 3829 2691 dissimulo,
3868 2613 3942 2677 in
3983 2633 4060 2677 eo
4094 2634 4201 2678 me
4233 2614 4651 2695 praecipuam

2705 2716 2887 2778 spem
2929 2696 3169 2762 habere
3212 2698 3268 2761 si
3311 2719 3435 2763 sua
3476 2698 3901 2764 consensione
3935 2698 4247 2764 adiuvare
4278 2718 4399 2763 nos
4423 2697 4645 2765 velint.

2704 2781 2806 2845 Eo
2863 2792 2939 2845 ut
2994 2780 3505 2861 adducerentur,
3562 2784 3756 2850 libuit
3795 2793 3950 2850 ante
3993 2804 4142 2850 cum
4184 2784 4317 2849 illis
4358 2804 4649 2849 commu-

2703 2867 2924 2932 nicare
2966 2888 3163 2950 quam
3203 2867 3450 2951 aliquid
3493 2869 4016 2954 aggrederemur.
4102 2869 4215 2934 Illi
4258 2890 4386 2935 non
4432 2869 4646 2935 alieno

2704 2952 2922 3017 animo
2965 2974 3037 3018 66
3079 2974 3221 3019 6666
3260 2954 3644 3034 0616011001,
3699 2956 3755 3021 61
3807 2953 3999 3021 100110
4056 2955 4422 3020 00061116111
4463 2955 4648 3020 illam

2703 3037 3042 3103 ecclesiam
3083 3060 3229 3104 meo
3272 3041 3635 3106 ministerio
3678 3050 3747 3106 61
3784 3042 4140 3107 1061001011
4175 3062 4365 3125 posse
4399 3051 4466 3106 et
4499 3061 4650 3106 con-

2704 3123 2971 3189 servari.
3060 3123 3211 3205 Quo
3251 3126 3454 3209 igitur
3495 3127 3568 3191 in
3611 3135 3786 3193 statu
3838 3127 3927 3192 sit
3979 3148 4086 3192 166
4141 3128 4396 3193 videtis.
4497 3126 4646 3211 Ego

2702 3209 3108 3292 provinciam
3169 3210 3371 3290 hanc,
3441 3222 3769 3296 utcunque
3820 3212 3986 3277 mihi
4039 3213 4127 3277 sit
4178 3211 4644 3297 ingratissima,

2704 3315 2839 3359 non
2894 3294 3085 3361 modo
3155 3318 3492 3380 nunquam
3547 3300 3898 3377 recusavi,·
3946 3297 4059 3364 sed
4126 3319 4209 3363 06
4273 3297 4646 3382 subterfugi

2703 3378 2983 3462 quidem.
3081 3381 3353 3448 Pridem
3409 3385 3610 3450 etiam
3665 3385 3881 3450 victus
3949 3385 4052 3450 vel
4115 3383 4331 3467 potius
4395 3385 4645 3450 fractus

2701 3465 3058 3531 multorum
3127 3470 3387 3551 piorum
3447 3470 3730 3536 fratrum
3796 3470 4226 3554 flagitatione,
4291 3469 4644 3537 concedere

2701 3550 2937 3616 saltem
2977 3552 3133 3619 illuc
3176 3552 3455 3634 decrevi,
3501 3564 3579 3621 ut
3620 3578 3704 3622 ex
3747 3559 4074 3640 praesenti
4097 3557 4206 3710 ¹¹2¹
4222 3566 4488 3642 aspectu
4531 3554 4645 3621 de-

2701 3636 2975 3736 liberem
3018 3636 3176 3721 quid
3229 3640 3399 3705 mihi
3450 3641 3779 3727 agendum
3831 3644 3933 3710 sit.
4035 3644 4130 3709 M·
4187 3645 4201 3660 ‘
4258 3653 4511 3724 tamen,
4571 3654 4647 3712 ut

2702 3732 2894 3788 101110
2950 3725 3129 3807 coepi
3181 3724 3430 3805 dicere,
3483 3749 3764 3813 magnae
3812 3730 4134 3813 voluptati
4191 3740 4294 3797 est
4345 3739 4646 3797 vestrum

2703 3828 2958 3892 quoque
3015 3809 3337 3876 calculum
3405 3811 3535 3879 huc
3598 3814 3975 3881 accessisse:
4047 3836 4200 3881 nam
4263 3838 4465 3900 quum
4525 3838 4645 3884 vos

2702 3914 2960 4043 66111361
3011 3896 3245 3962 merito
3302 3897 3613 3964 coluerim
3673 3900 4061 3983 plurimum,
4126 3902 4297 3967 nihil
4358 3903 4645 3986 optatius

2702 3980 2835 4044 acci
2883 4001 2993 4046 ere
3043 3981 3210 4046 mihi
3260 3991 3475 4066 potest
3524 4004 3721 4068 quam
3774 4006 3881 4052 1116
3897 4037 3912 4063 ,
3968 3987 4281 4070 0011100111
4474 4040 4491 4067 ,
4558 4009 4643 4054 ex

2704 4077 2923 4131 vestra
2964 4074 3032 4131 e't
3071 4066 3386 4133 similium
3428 4072 3777 4137 autoritate
3819 4092 4030 4156 agere.
4095 4009 4527 4156 Itaqueaiffid
4571 4075 4645 4140 10

2698 4164 3030 4248 postrema
3071 4153 3384 4235 epistolae
3425 4165 3681 4222 vestrae
3734 4169 3920 4239 parte
3973 4159 4138 4224 mihi
4194 4161 4644 4243 gratissimum

2699 4238 2845 4315 fmt,
2902 4258 3107 4321 quum
3164 4239 3378 4306 dicitis
3441 4260 3579 4307 non
3649 4262 3789 4308 esse
3863 4244 4050 4310 vobis
4136 4243 4405 4310 dubium
4525 4247 4643 4311 uin

2699 4321 2954 4405 pondus
2999 4321 3304 4390 habitura
3344 4326 3433 4392 sit
3473 4327 3647 4411 apud
3689 4350 3794 4394 me
3834 4336 4060 4395 vestra
4101 4329 4400 4397 hortatio.
4534 4353 4643 4397 am

2699 4428 2901 4490 quum
2954 4409 3153 4476 istam
3208 4412 3549 4478 ecclesiam
3603 4413 3920 4498 singulari
3971 4417 4342 4481 reverentia
4382 4437 4644 4500 semper

2700 4495 2825 4559 sim
2878 4504 3335 4578 prosequutus,
3391 4519 3632 4580 vosque
3690 4519 3948 4583 semper
4009 4500 4274 4585 plurimi
4351 4502 4639 4584 fecerim,

2700 4581 2953 4731 gaudeo
2998 4580 3166 4648 hanc
3211 4583 3291 4648 de
3326 4605 3430 4648 me
3470 4586 3959 4667 persuasionem
4019 4607 4131 4655 vos
4183 4587 4508 4667 induisse,
4562 4598 4642 4655 01

2745 4687 2782 4731 6
2825 4689 2972 4733 mea
3011 4668 3083 4732 in
3128 4688 3244 4734 vos
3278 4668 3693 4736 observantia
3735 4671 3900 4736 nihil
3943 4694 4078 4737 non
4125 4673 4303 4739 vobis
4345 4674 4641 4758 polliceri

2701 4751 3013 4818 audeatis.
3103 4755 3388 4821 Potestis
3427 4764 3602 4821 certe
3643 4756 3713 4822 id
3757 4765 3914 4823 tuto.
4002 4758 4159 4823 Non
4190 4759 4367 4825 enim
4409 4759 4638 4827 fallam

2902 5025 2962 5089 7)
2997 5028 3028 5081 1
3063 5032 3275 5097 protest
3306 5029 3519 5098 against
3552 5047 3660 5152 0οζ
3695 5047 3798 5086 one
3834 5032 4163 5114 harbouring
4177 5032 4308 5085 such
4325 5050 4397 5086 an
4414 5034 4636 5104 opinion

2696 5113 2760 5151 or
2792 5095 3135 5227 thoffihgfog
3137 5113 3261 5218 1011ξέ
3287 5098 3629 5220 {saffioggge
3631 5101 3817 5222 ¹311:st
3850 5101 3950 5155 felt
3980 5117 4051 5156 no
4085 5101 4367 5172 difficulty.

2866 5232 2959 5366 133
2996 5248 3110 5356 aa
3140 5249 3240 5302 spe
3274 5232 3530 5373 &aaa
3561 5241 3656 5292 m.
3707 5209 4009 5322 Kampsa..
4045 5240 4096 5295 ι
4131 5238 4360 5363 meaos.
4398 5239 4478 5295 N.
4511 5238 4635 5364 33⁴8

2696 5369 2949 5426 distincte
2974 5319 3607 5444 praebomeaertim.
3730 5321 3853 5363 Μ
4060 5421 4063 5424 .
4141 5349 4154 5363 ’
4281 5314 4521 5378 ww
