5050 6167
608 441 736 505 787

604 635 771 694 vero
824 643 949 690 nec
1002 621 1353 690 articulum
1405 640 1528 688 nec
1578 620 1860 686 haerens
1903 618 2217 698 articulis,
2261 627 2382 685 cur
2422 625 2562 684 tam

608 710 809 778 anxie
871 711 947 774 in
998 709 1200 774 huius
1269 709 1630 774 assertione
1698 705 1954 772 sudaris
2020 704 2253 772 nescio.
2366 702 2562 785 Quod

608 815 771 864 vero
826 813 967 861 rem
1023 795 1119 861 sic
1173 795 1376 860 fueris
1435 813 1802 877 aggressus,
1857 790 2131 876 gaudeo,
2242 791 2417 857 Nam
2481 811 2562 855 ea

603 882 753 967 lege
809 902 940 965 qua
995 879 1175 946 istud
1229 886 1420 945 tunm
1482 877 1890 963 paradoxum
1946 876 2136 943 licuit
2192 874 2558 955 defendere,

604 968 773 1033 mihi
816 986 1071 1051 quoque
1111 965 1441 1044 invadere,
1488 972 1607 1029 aut
1648 985 1688 1029 a
1730 972 1796 1029 te
1851 964 2148 1027 immissa
2187 961 2402 1027 iacula
2442 982 2561 1026 ex·

607 1054 824 1137 cipere
866 1057 1265 1134 exceptaque
1307 1052 1378 1115 in
1427 1059 1495 1115 te
1533 1058 1908 1131 retorquere
1951 1047 2187 1113 licebit.
2275 1045 2392 1113 Sic
2431 1047 2557 1129 igi-

604 1145 723 1205 tur
766 1157 909 1204 rem
961 1137 1346 1221 syllogismo
1403 1132 1777 1220 aggrediar:
1825 1132 2011 1198 Nihil
2052 1133 2224 1217 quod
2267 1153 2352 1198 ex
2395 1132 2559 1197 alte-

608 1226 747 1290 rius
813 1223 1180 1290 substantia
1232 1230 1360 1297 est,
1428 1242 1468 1286 a
1535 1241 1606 1286 se
1657 1221 1801 1302 ipso
1858 1239 2014 1283 vere
2077 1239 2221 1285 esse
2287 1218 2556 1283 dicetur.

606 1309 780 1375 Nam
824 1329 967 1375 esse
1008 1328 1049 1372 a
1087 1327 1178 1386 se,
1224 1316 1293 1372 et
1332 1327 1416 1372 ex
1450 1305 1721 1371 alterius
1755 1304 2125 1369 substantia
2166 1324 2327 1383 esse,
2370 1324 2558 1386 aper-

610 1396 857 1461 tissime
911 1400 1227 1478 pugnant.
1331 1393 1425 1458 At
1478 1389 1801 1467 Christus,
1862 1390 1935 1455 in
1990 1398 2309 1472 quantum
2351 1388 2557 1468 Deus,

607 1501 692 1545 ex
737 1480 1009 1546 alterius
1043 1479 1410 1545 substantia
1454 1485 1574 1555 est,
1622 1475 1927 1543 Christus
1972 1476 1991 1539 i
2046 1475 2194 1553 'tur,
2244 1476 2316 1540 in
2349 1495 2558 1558 quan-

602 1574 750 1631 tum
792 1564 1002 1643 Deus,
1057 1585 1098 1629 a
1160 1585 1229 1630 se
1286 1563 1430 1646 ipso
1472 1584 1608 1628 non
1651 1562 1795 1628 erit.
1884 1561 1970 1626 Vi
2019 1582 2089 1627 es
2132 1559 2242 1627 hic
2284 1567 2361 1625 nt
2402 1581 2558 1627 con-

605 1653 772 1719 iecto
816 1650 1230 1735 epicherema
1270 1646 1443 1731 quod
1499 1669 1585 1713 ne
1639 1646 1902 1731 quidem
1945 1646 2361 1731 Chrysippus
2416 1647 2558 1730 ipse

607 1737 891 1803 eluserit.
980 1733 1114 1801 Sed
1148 1735 1423 1799 minoris
1457 1734 1676 1799 forsan
1712 1752 1752 1796 a
1794 1752 1901 1797 me
1935 1731 2386 1815 probationem
2425 1732 2557 1797 eris

606 1831 976 1887 exacturus.
1072 1818 1335 1885 Addam
1392 1840 1479 1883 ex
1520 1818 1873 1884 Athanasii
1928 1817 2252 1902 symbolo,
2307 1817 2418 1899 qui
2475 1815 2556 1882 de

608 1907 876 1973 Christo
920 1906 1192 1988 loquens
1233 1905 1478 1988 inquit:
1522 1902 1709 1969 Deus
1752 1910 1852 1968 est
1903 1924 1988 1969 ex
2028 1904 2397 1970 substantia
2439 1923 2556 1986 pa-

602 1993 724 2058 tris
759 2001 912 2057 ante
946 1990 1204 2058 saecula
1236 1992 1515 2074 genitus,
1563 1996 1631 2054 et
1668 1990 1862 2055 homo
1897 2011 1980 2054 ex
2015 1989 2382 2055 substantia
2413 2010 2555 2053 ma-

603 2079 726 2143 tris
768 2079 840 2142 in
885 2077 1142 2142 saeculo
1186 2085 1399 2141 natus.
1493 2074 1671 2158 Quid
1715 2072 1800 2140 ad
1848 2072 2011 2140 haec
2053 2074 2257 2141 felicis
2300 2074 2555 2157 ingenii

604 2164 707 2228 tui
767 2163 1222 2246 perspicacitas
1287 2161 1545 2229 dictura
1604 2161 1708 2238 sit,
1773 2180 1859 2225 ne
1915 2160 2231 2242 suspicari
2288 2159 2551 2244 quidem

601 2268 885 2333 possum.
996 2246 1309 2330 Quisquis
1388 2248 1565 2313 enim
1649 2254 1826 2312 recte
1890 2244 2287 2312 dialecticari
2345 2246 2552 2322 novit,

602 2333 1056 2418 syllogismum
1092 2333 1270 2398 hunc
1303 2352 1342 2396 a
1376 2332 1537 2397 vitio
1571 2352 1839 2415 prorsus
1862 2341 2182 2397 assertum
2205 2330 2554 2414 intelliget.

602 2419 891 2485 Proinde
948 2440 1077 2502 qua
1131 2418 1248 2483 tibi
1303 2424 1528 2501 pateat
1583 2419 1901 2501 effugium
1954 2437 2088 2482 non
2143 2415 2363 2496 video,
2421 2416 2554 2482 nisi

602 2503 774 2589 quod
828 2511 1278 2587 portentosum
1336 2503 1499 2567 mihi
1556 2504 1772 2568 nescio
1842 2501 2000 2585 quid
2052 2503 2393 2570 cornicans
2450 2502 2554 2565 in-

604 2590 780 2674 quis:
838 2590 1008 2654 Tum
1068 2588 1152 2655 ad
1193 2588 1382 2653 illum
1427 2588 1671 2654 nodum
1715 2596 1987 2654 ventum
2033 2595 2149 2665 est,
2205 2587 2376 2671 quod
2419 2607 2555 2652 non

601 2673 875 2759 putabat
916 2696 1036 2740 nos
1080 2674 1254 2758 loqui
1292 2673 1372 2739 de
1409 2672 1660 2740 Christi
1697 2674 1982 2739 essentia
2014 2673 2370 2756 praeterita
2402 2692 2553 2755 per-

601 2781 802 2827 sonae
846 2761 1180 2826 mentione
1206 2762 1311 2836 ¹⁴).
1372 2757 1631 2840 Quibus
1675 2759 1746 2823 in
1782 2758 2000 2823 verbis
2036 2755 2163 2823 duo
2199 2756 2553 2823 admodum

599 2846 767 2911 mihi
820 2846 1130 2929 perplexa
1184 2843 1586 2928 exquirenda
1645 2844 1785 2910 visa
1836 2852 2008 2908 sunt.
2108 2843 2335 2920 Prius,
2393 2843 2554 2925 quid

601 2951 722 3016 per
765 2931 1118 2998 essentiam
1162 2929 1435 3009 Christi,
1481 2950 1674 3014 quem
1717 2928 2131 3012 suppositum
2185 2929 2254 2992 in
2300 2927 2552 2995 duabus

601 3018 856 3083 naturis
913 3037 1108 3082 nemo
1164 3036 1302 3081 non
1356 3016 1681 3099 agnoscit,
1737 3013 1962 3096 cupias
2015 3012 2313 3098 intelligi.
2412 3014 2554 3079 Aut

601 3103 778 3168 enim
814 3123 934 3186 per
968 3102 1318 3169 essentiam
1358 3101 1650 3167 divinam
1680 3108 1987 3164 naturam
2016 3120 2093 3164 ac
2114 3100 2552 3165 substantiam

602 3188 802 3272 (quae
854 3208 1112 3253 summa
1162 3186 1446 3253 essentia
1502 3185 1666 3266 est),
1723 3184 1828 3249 vel
1884 3184 2131 3266 aliquid
2187 3204 2271 3249 ex
2326 3184 2554 3251 divina

600 3280 669 3340 et
703 3273 997 3339 humana
1030 3281 1270 3339 natura
1305 3272 1569 3336 confuse
1602 3271 1958 3336 conflatum
1990 3269 2324 3355 intelligis.
2387 3270 2553 3336 Pos-

600 3360 808 3426 terius
865 3380 906 3425 a
960 3366 1028 3424 te
1095 3355 1443 3423 dicendum
1499 3375 1911 3438 nequaquam
1968 3356 2362 3437 putaverim:
2435 3353 2553 3421 sed

599 3445 757 3528 qnid
790 3445 949 3509 hinc
982 3442 1292 3527 praesidii
1326 3442 1443 3508 tibi
1481 3440 1755 3506 allatum
1794 3449 1986 3523 putes
2023 3441 2264 3506 nescio.
2324 3439 2551 3522 Quum

601 3531 779 3596 enim
821 3550 862 3595 a
902 3549 1091 3611 posse
1133 3528 1217 3593 ad
1261 3547 1405 3592 esse
1448 3526 1631 3592 nulla
1670 3525 1963 3592 formalis
2007 3526 2096 3591 sit
2135 3525 2366 3603 illatio,
2423 3547 2552 3610 qno

600 3613 795 3681 modo
839 3614 1131 3699 colliges:
1179 3612 1260 3678 de
1294 3611 1546 3678 Christi
1583 3610 1927 3677 divinitate
1969 3611 2144 3694 loqui
2177 3632 2550 3694 possumus,

598 3701 955 3785 praeterita
1010 3719 1329 3782 personae
1380 3696 1741 3776 mentione,
1801 3717 1958 3782 ergo
1999 3696 2309 3762 Christus
2366 3709 2468 3762 est
2511 3718 2554 3762 a

601 3806 673 3853 se
714 3785 901 3869 ipso?
968 3784 1048 3851 si
1090 3784 1185 3850 sic
1226 3782 1347 3847 tibi
1386 3782 1645 3848 licuerit
1685 3781 2011 3865 colligere,
2066 3783 2233 3847 mihi
2294 3803 2552 3866 quoqne

600 3872 1123 4022 citracpngrem
1167 3868 1500 4017 qluodlibet
1539 3889 1638 4018 ἐκ
1688 3954 1701 3968 ⁸
1734 3867 2268 4020 folibetffissijfirre
2313 3868 2550 4016 licebit.

834 3977 907 4021 ae
979 3976 1128 4020 rum
1225 3976 1264 4020 o
1305 3975 1462 4020 uere
1584 3975 1620 4018 e
1683 3976 1706 4017 ι
1758 3975 1798 4019 a
1866 3975 1977 4019 me
2160 3977 2184 4019 1
2246 3972 2433 4019 essen
2467 3972 2533 4016 1a

603 4061 875 4122 eamque
899 4041 982 4122 ¹³⁵)
1040 3976 1304 4105 ευωωὲ
1354 4040 1746 4124 cogitatione
1797 4059 1992 4106 versa
2050 4039 2208 4103 dum
2249 4037 2431 4104 voles
2475 4001 2552 4102 ac

599 4136 921 4211 quantum
978 4124 1175 4205 voles,
1231 4125 1606 4191 huiusmodi
1647 4125 1937 4208 loquutio
1994 4133 2111 4189 aut
2150 4121 2435 4189 versatio
2474 4123 2550 4186 in

720 4212 883 4276 tiam
942 4217 1094 4275 tuae
1151 4210 1528 4277 assertionis
1580 4211 1747 4276 nihil
1800 4219 1901 4276 est
1951 4210 2282 4275 effectura.
2382 4209 2551 4273 Pro-

596 4233 817 4364 ffida
858 4317 899 4362 a
942 4303 1011 4361 te
1049 4294 1211 4362 haec
1253 4304 1419 4362 erat:
1469 4295 1795 4373 Christus,
1835 4304 2158 4380 quatenns
2200 4295 2384 4359 Dens
2427 4300 2549 4372 est,

598 4389 701 4450 est
743 4403 783 4447 a
825 4401 897 4448 se
937 4381 1097 4465 ipso.
1185 4381 1392 4449 Cuius
1434 4390 1657 4465 aperte
1705 4380 2279 4450 contradictoriam
2321 4378 2549 4443 intuli-

596 4488 781 4548 mus,
861 4467 1264 4551 eandemque
1338 4488 1602 4533 rursum
1687 4465 2081 4550 expositorio
2145 4464 2546 4550 syllogismo,

595 4553 787 4619 iuxta
828 4573 1071 4636 aequas
1115 4552 1545 4619 ratiocinandi
1587 4551 1789 4637 leges,
1832 4551 1927 4617 sic
1984 4551 2372 4616 inferemus:
2430 4549 2547 4614 Fi-

596 4638 727 4705 lius
763 4639 895 4704 Dei
930 4647 1033 4705 est
1064 4660 1104 4704 a
1137 4647 1340 4723 patre,
1386 4638 1692 4704 Christus
1734 4639 1807 4702 in
1848 4647 2169 4721 quantum
2199 4637 2402 4714 Deus,
2445 4642 2550 4701 est

596 4724 773 4791 filius
817 4726 964 4803 Dei,
1020 4745 1175 4808 ergo
1229 4723 1552 4802 Christus,
1613 4724 1683 4788 in
1742 4733 2060 4807 quantum
2101 4720 2306 4801 Deus,
2366 4728 2469 4786 est
2506 4740 2550 4785 a

595 4816 798 4893 patre.
884 4808 1309 4876 Subsumam:
1357 4808 1679 4889 Christus,
1722 4810 1795 4874 in
1836 4815 2155 4892 quantum
2189 4807 2391 4884 Deus,
2446 4812 2550 4873 est

595 4916 638 4961 a
678 4905 883 4979 patre,
930 4916 1083 4980 ergo
1126 4917 1257 4960 non
1303 4904 1403 4961 est
1444 4916 1484 4959 a
1526 4915 1596 4960 se
1639 4895 1800 4978 ipso.
1889 4892 2040 4975 Quo
2076 4890 2269 4958 modo
2312 4914 2399 4958 ex
2440 4890 2549 4958 his

596 4999 668 5047 se
721 4980 1139 5046 fraudulenta
1194 4982 1444 5066 laqueis
1498 4991 1805 5064 ereptura
1846 4984 1934 5045 sit
1990 4977 2353 5062 vulpecula,
2411 4999 2543 5043 non

804 5201 897 5264 14)
933 5200 1015 5268 Gt.
1053 5199 1278 5256 C'alm'm'
1309 5201 1477 5255 verba
1509 5201 1574 5255 in
1600 5199 1951 5268 Confestim
1985 5200 2053 5255 de
2082 5199 2302 5255 Christo
2333 5199 2544 5256 Iehova

602 5268 746 5340 888·
781 5269 896 5407 fis,
931 5270 1052 5392 333
1090 5267 1546 5408 ..ec-..tw-

2264 423 2790 496 EPISTOLAE
2837 430 2961 492 590

4479 422 4606 485 788

2662 611 2979 702 intelligo,
3022 617 3156 680 imo
3199 634 3285 679 ne
3325 611 3591 697 quidem
3631 612 3779 696 ipsa
3817 609 4148 695 intelligit,
4202 608 4333 675 nisi
4384 607 4606 674 forsan

2665 702 3086 769 confessionis
3141 701 3298 767 olim
3354 701 3629 765 emissae
3680 719 3814 763 non
3859 697 4062 762 oblita
4102 694 4383 779 inquiat:
4429 691 4608 760 Illud

2664 795 2886 853 antem
2928 799 3030 854 est
3071 786 3437 852 divinitatis
3475 784 3758 869 elogium
3801 780 3974 867 qnod
4026 803 4160 847 non
4214 781 4436 845 minus
4488 801 4605 863 pa·-

2664 881 2831 939 trem
2853 883 2921 940 et
2941 874 3242 959 spiritum
3267 891 3462 955 quam
3498 872 3708 936 filium
3743 868 4196 953 complectitur
4217 868 4323 942 ¹⁶).
4380 863 4606 931 Dubio

2661 960 2890 1042 procul
2924 962 3151 1027 eadem
3182 959 3390 1040 patris
3422 956 3544 1023 filii
3578 978 3654 1023 ac
3681 954 3954 1038 spiritus
3985 952 4194 1020 sancti
4215 951 4606 1031 substantia,

2665 1044 2975 1113 divinitas
3033 1051 3101 1112 et
3154 1044 3453 1120 essentia,
3508 1063 3673 1126 quae
3730 1049 3801 1106 et
3852 1040 3933 1105 de
3984 1038 4274 1123 qualibet
4322 1057 4608 1119 persona

2661 1151 2819 1197 vere
2863 1131 3198 1198 enunciari
3243 1136 3474 1213 potest.
3562 1129 3763 1193 Pater
3817 1126 3994 1190 enim
4052 1124 4333 1190 essentia
4381 1121 4608 1189 divina

2664 1230 2782 1294 est,
2840 1227 2941 1283 est
2994 1226 3060 1283 et
3113 1215 3311 1294 filius,
3354 1212 3583 1280 itidem
3637 1222 3705 1277 et
3759 1212 4031 1295 spiritus
4073 1217 4358 1276 sanctus.
4446 1207 4483 1273 1

2662 1303 2840 1368 enim
2904 1302 3191 1370 essentia
3254 1301 3478 1366 eadem
3536 1299 3831 1383 personis
3887 1305 3988 1363 est
4044 1318 4121 1362 ac
4175 1294 4480 1360 relationi
4527 1314 4610 1359 us

2661 1408 2973 1471 personas
3007 1386 3553 1456 constituentibus
3600 1404 3993 1466 rursumque
4029 1382 4383 1448 relationes
4422 1379 4493 1444 id
4520 1378 4604 1463 ¹⁷)

2659 1474 2878 1557 ipsum
2918 1475 3089 1558 qnod
3135 1475 3420 1539 essentia
3470 1471 3827 1538 secundum
3870 1490 4030 1534 rem.
4118 1466 4456 1533 Differunt
4512 1472 4610 1531 ta-
4671 1526 4676 1531 .

2661 1580 2814 1625 men
2868 1561 3228 1627 secundum
3285 1557 3754 1642 intelligentiae
3795 1556 4139 1630 rationem,
4199 1551 4610 1636 quandoqui-'

2661 1645 2813 1711 dem
2854 1647 3170 1713 relatione
3214 1655 3547 1729 respectus
3587 1642 3671 1709 ad
3714 1663 3903 1707 suum
3950 1640 4316 1723 oppositum
4357 1638 4603 1720 impor-

2661 1741 2871 1810 tatur,
2943 1734 3266 1798 essentiae
3331 1751 3485 1797 vero
3552 1729 3816 1795 nomine
3868 1726 4038 1792 nihil
4092 1725 4290 1791 huius
4343 1723 4604 1807 generis

2659 1817 3082 1901 significatur.
3184 1818 3277 1883 At
3327 1823 3595 1900 propter
3645 1814 3829 1879 illam
3883 1813 4128 1878 realem
4192 1808 4606 1876 identitatem

2658 1900 2726 1967 id
2763 1901 2845 1967 de
2880 1924 3162 1988 persona
3196 1904 3345 1980 dici,
3380 1900 3552 1985 quod
3585 1901 3666 1966 de
3701 1900 3984 1965 essentia
4017 1918 4169 1964 vere
4212 1897 4600 1976 affirmatur,

2658 2010 3069 2073 nequaquam
3125 1991 3428 2054 feremus.
3514 1987 3742 2068 Neque
3798 1985 3974 2051 enim
4031 1984 4356 2067 sequitur:
4410 1982 4601 2048 Divi-

2657 2076 2832 2140 nitas
2875 2081 2976 2141 est
3019 2097 3059 2140 a
3101 2096 3174 2140 se
3217 2076 3377 2158 ipsa,
3425 2093 3581 2157 ergo
3624 2073 3798 2137 filius
3841 2080 3942 2137 est
3982 2092 4022 2136 a
4063 2091 4133 2136 se
4179 2069 4342 2152 ipso.
4429 2069 4605 2133 Nam

2656 2159 2888 2243 filium,
2931 2182 3130 2243 quum
3174 2160 3360 2225 nulla
3403 2180 3509 2225 res
3551 2179 3622 2224 se
3660 2159 3870 2240 ipsam
3916 2159 4164 2241 gignat,
4192 2154 4277 2220 ab
4319 2154 4447 2220 alio
4535 2173 4606 2219 e-

2658 2246 2871 2311 nitum
2924 2267 3068 2312 esse
3120 2245 3426 2330 oportuit,
3481 2244 3743 2310 tametsi
3797 2243 3870 2307 in
3928 2254 4043 2307 tua
4084 2240 4447 2308 christiana
4525 2262 4606 2305 n-

2657 2333 2998 2399 stitutione
3044 2353 3158 2414 pro
3204 2331 3487 2397 absurdo
3530 2351 3665 2395 non
3707 2327 3978 2394 duxeris
4013 2328 4221 2393 filium
4264 2348 4305 2392 a
4345 2347 4418 2392 se
4461 2326 4604 2408 ipse

2658 2439 2820 2498 esse,
2879 2439 3007 2502 quo
3065 2416 3241 2482 istud
3293 2426 3485 2481 tuum
3542 2414 3944 2498 paradoxum
4001 2420 4212 2479 astute
4255 2431 4602 2477 assereres.

2658 2505 2880 2570 Locus
2938 2506 3030 2570 sic
3087 2501 3315 2568 habet:
3346 2504 3427 2580 1Β)
3469 2502 3533 2566 N
3537 2519 3665 2566 unc
3722 2501 3899 2565 enim
3954 2508 4209 2583 patrem
4262 2497 4382 2563 filii
4423 2497 4603 2581 prin·

2658 2590 2902 2674 cipium
2945 2610 3088 2655 esse
3144 2588 3432 2663 tradunt,
3485 2606 3664 2652 nunc
3716 2586 3924 2651 filium
3966 2604 4109 2650 esse
4153 2605 4195 2650 a
4235 2605 4306 2649 se
4347 2583 4494 2667 ipso
4535 2588 4606 2647 et

2657 2674 3068 2741 divinitatem
3103 2681 3170 2740 et
3203 2674 3556 2739 essentiam
3589 2671 3831 2737 habere
3869 2676 4267 2737 asseverant.
4332 2669 4443 2734 Ex
4475 2689 4606 2752 quo

2657 2782 2922 2826 rursum
2978 2760 3146 2838 loce,
3213 2759 3271 2826 si
3327 2760 3473 2841 quis
3529 2758 3845 2823 concinne
3901 2756 4102 2822 fuerit
4157 2755 4602 2835 ratiocinatus,

2656 2847 2821 2912 citra
2842 2845 3130 2911 laborem
3160 2856 3224 2911 te
3245 2846 3320 2909 in
3345 2843 3830 2928 redargutionis
3865 2861 4128 2907 naseam
4160 2839 4351 2905 facile
4380 2849 4601 2908 osten-

2656 2929 2770 2996 det
2812 2931 3203 3015 prolapsum.
3291 2929 3605 3014 Sequitur
3646 2929 3852 2995 enim:
3894 2927 4100 2992 Pater
4132 2934 4236 2991 est
4266 2926 4388 2991 filii
4420 2926 4603 3010 prin-

2657 3017 2921 3101 cipium,
2966 3016 3141 3082 filius
3183 3016 3389 3101 igitur
3430 3034 3471 3079 a
3511 3035 3583 3080 se
3624 3013 3766 3098 ipso
3819 3033 3952 3077 non
3996 3019 4114 3077 est.
4200 3012 4488 3078 Deinde:
4513 3014 4600 3088 ¹⁹)

2655 3102 2868 3168 Filius
2901 3123 2942 3167 a
2979 3123 3050 3167 se
3082 3103 3226 3184 ipso
3260 3102 3471 3167 vitam
3509 3108 3577 3166 et
3609 3100 3955 3165 essentiam
3983 3096 4200 3176 habet,
4238 3118 4394 3182 ergo
4423 3098 4602 3164 filius

2656 3210 2697 3255 a
2739 3208 2810 3254 se
2862 3188 3007 3272 ipso
3062 3195 3181 3254 est.
3271 3185 3467 3267 Quid,
3523 3185 3809 3263 obsecro,
3866 3191 3968 3249 est
4020 3206 4060 3250 a
4113 3205 4184 3249 se
4239 3184 4381 3267 ipso
4435 3203 4600 3263 esse,

2655 3296 2851 3358 quam
2910 3276 3113 3339 vitam
3160 3281 3230 3339 et
3273 3272 3618 3339 essentiam
3665 3292 3705 3336 a
3747 3291 3819 3335 se
3858 3270 4000 3352 ipso
4059 3268 4343 3335 habere?
4426 3270 4600 3335 Tum

2654 3361 2942 3425 maxime
2984 3361 3053 3425 in
3098 3358 3261 3436 Dec,
3307 3358 3377 3422 in
3420 3378 3547 3440 quo
3591 3355 3765 3421 idem
3799 3365 3956 3421 sunt
3991 3375 4133 3420 esse
4167 3362 4236 3421 et
4277 3354 4597 3421 essentia!

2655 3444 2857 3511 quta
2898 3445 3070 3528 quod
3114 3443 3410 3509 Hilarius
3454 3443 3732 3524 septimo
3780 3441 3862 3507 de
3905 3440 4227 3506 Trinitate
4268 3441 4391 3506 ait:
4434 3441 4603 3507 Esse

2655 3552 2786 3596 non
2844 3538 2946 3597 est
3005 3528 3306 3595 accidens
3369 3528 3442 3592 in
3500 3526 3662 3606 Deo,
3728 3526 3842 3593 sed
3908 3526 4271 3592 subsistens
4331 3527 4600 3593 veritas.

2655 3614 2847 3694 Vide,
2893 3615 3112 3692 frater,
3157 3616 3227 3680 in
3271 3634 3436 3697 quae
3492 3623 3562 3678 te
3605 3613 3910 3679 coniicias
3954 3611 4348 3679 discrimina.
4437 3611 4602 3678 Nul-

2653 3701 2775 3767 libi
2828 3700 3250 3783 periculosius
3306 3706 3579 3777 erratur,
3637 3719 3761 3765 nec
3794 3698 4149 3781 quidquam
4203 3697 4602 3764 fructuosius

2653 3786 3104 3869 investigatur.
3194 3784 3330 3852 Sed
3389 3807 3473 3851 ne
3529 3785 3756 3851 celtica
3811 3783 4014 3867 (quod
4067 3783 4284 3868 aiunt)
4328 3783 4603 3851 audacia

2653 3870 2722 3936 id
2762 3872 2935 3956 quod
2978 3870 3304 3937 mordicus
3344 3880 3528 3937 tenes
3569 3872 3741 3936 tueri
3782 3890 4038 3955 pergas.

2824 3956 3085 4021 Addam
3121 3957 3338 4023 adhuc
3369 3978 3574 4022 unum
3599 3966 3792 4039 atque
3814 3956 4092 4021 alterum
4121 3953 4599 4040 syllogismum.

2653 4042 2850 4108 Prior
2890 4041 2997 4108 hic
3041 4044 3198 4107 erit:
3246 4042 3482 4109 Omnis
3526 4041 3751 4108 divina
3792 4062 4071 4126 persona
4113 4039 4220 4106 vel
4261 4049 4363 4106 est
4404 4060 4605 4125 gene-

2653 4149 2829 4206 rans,
2874 4128 2982 4193 vel
3025 4128 3268 4212 genita,
3312 4128 3420 4195 vel
3454 4128 3717 4211 spirata.
3784 4129 3879 4194 At
3914 4124 4240 4206 Christus,
4285 4126 4358 4190 in
4390 4147 4604 4208 quan-

2654 4222 2792 4278 tum
2838 4214 3039 4289 Deus,
3086 4213 3312 4279 divina
3361 4233 3640 4298 persona
3680 4221 3798 4279 est.
3888 4212 4197 4278 Christus
4247 4211 4270 4275 i
4322 4212 4471 4291 'tur,
4527 4211 4601 4277 in

2652 4307 2973 4382 qnantum
2993 4300 3195 4375 Deus,
3240 4319 3520 4383 persona
3552 4306 3655 4364 est
3686 4299 3796 4365 vel
3828 4319 4172 4381 generans,
4207 4318 4292 4364 ve
4352 4297 4598 4382 genita,

2652 4384 2761 4451 vel
2803 4386 3068 4468 spirata.
3170 4384 3414 4451 Eludat
3469 4384 3593 4450 hoc
3647 4404 3855 4468 genus
3897 4383 4228 4461 illationis,
4267 4383 4326 4448 si
4365 4389 4599 4466 potest,

2657 4470 2981 4537 Calvina-9.
3065 4470 3216 4537 Non
3253 4481 3354 4537 est
3388 4479 3607 4536 antem
3642 4490 3966 4555 generans
4007 4488 4130 4535 nec
4161 4469 4430 4551 spirata,
4473 4468 4602 4534 erit

2651 4557 2853 4641 igitur
2908 4577 3190 4639 persona
3231 4557 3479 4641 genita:
3537 4555 3709 4640 quod
3755 4558 3811 4621 si
3854 4555 4095 4640 genita,
4141 4565 4247 4620 eat
4291 4553 4598 4621 Calvinw

2652 4663 2727 4708 ac
2771 4643 3179 4722 vociferetur,
3239 4643 3609 4722 Christum,
3662 4642 3735 4707 in
3793 4650 4111 4725 quantum
4153 4642 4366 4719 Deus,
4425 4661 4466 4705 a
4519 4659 4596 4705 se

2856 4913 3886 4989 leilpmximahaecmc'alvini
3926 4910 4593 4993 „orbataeque-⁸,

2650 4986 2798 5111 ‘12:13
2832 4988 3008 5126 Ἥ
3049 4983 4332 5112 Yifflb'ff’mffimffffimoew

2650 5126 2823 5194 (VII.
2859 5128 2987 5193 322)
3020 5127 3121 5180 ubi
3153 5125 3342 5180 eadem
3373 5125 3528 5192 leges.
4287 5199 4292 5203 ᾗ

2857 5196 2946 5329 lg
2980 5195 3240 5320 ffoeffla.
3277 5260 3412 5317 1539
3443 5261 3529 5317 cel
3558 5259 3709 5316 1543.
3750 5259 3898 5330 opp.
3935 5260 4000 5316 T.
4033 5258 4087 5313 I.
4119 5257 4242 5312 491.

2855 5334 2947 5402 19)
2980 5334 3108 5389 Hoc
3139 5347 3348 5387 comma
3380 5330 3530 5387 abeat
3563 5331 3634 5387 ab
3667 5331 3837 5386 altero
3870 5327 4171 5398 exsufflari
4203 5331 4313 5394 (α).
