5050 6167
357 452 476 517 429

524 637 834 720 Collegae
878 636 1083 701 nostri
1139 633 1566 701 tolerabiliter
1608 645 1898 719 pergunt
1939 637 2011 701 in
2053 637 2309 703 666616-

357 726 576 791 nibus:
637 743 868 788 verum
923 723 993 786 in
1051 721 1304 785 duobus
1359 721 1560 785 timec
1603 721 1906 786 nonnihil
1955 721 2308 801 κενοδοξίαν.

359 810 526 909 Quis
564 809 805 873 horum
848 807 1017 872 alter
1070 807 1177 882 sit,
1231 806 1580 890 intelligis:
1611 807 1665 890 ⁷)
1717 828 2088 890 quanquam
2131 819 2309 875 certe

355 896 658 980 opinione
722 902 953 959 nostra
1015 892 1517 958 moderatiorem
1575 913 1647 957 se
1698 894 1985 975 praebet.
2078 893 2308 960 Petrus

356 992 574 1047 autem
620 979 838 1062 aliqua
877 982 1070 1063 signa
1109 980 1242 1042 iam
1279 977 1478 1053 dedit,
1525 999 1689 1060 quae
1726 979 1891 1043 mihi
1927 978 2305 1062 displicent:

356 1066 678 1150 siquidem
731 1086 961 1131 verum
1016 1076 1120 1130 est
1170 1062 1344 1147 quod
1388 1029 1554 1127 mihi
1610 1064 1836 1128 retulit
1881 1066 2303 1131 Genistonius.

356 1152 687 1234 Quoniam
718 1150 1011 1215 nondum
1053 1151 1214 1215 satis
1255 1148 1318 1213 id
1367 1157 1772 1232 compertum
1811 1150 2148 1228 habemus,
2195 1152 2307 1216 de-

353 1239 528 1304 crevi
580 1237 852 1319 propius
902 1238 1036 1300 iam
1090 1236 1454 1301 observare.
1546 1233 1624 1300 81
1665 1237 1736 1300 16
1781 1255 1858 1301 66
1913 1236 2061 1301 falsi
2105 1238 2307 1302 fueri-

351 1345 519 1398 mus,
565 1322 835 1387 ubinam
877 1323 1005 1387 erit
1046 1319 1251 1387 fides?
1329 1321 1703 1400 Ludovicus,
1726 1323 1789 1398 Β)
1834 1322 2006 1404 quod
2050 1344 2309 1423 semper

351 1409 643 1486 verebar,
711 1407 862 1491 plus
926 1407 1216 1472 levitatis
1280 1419 1348 1470 61
1411 1408 1921 1471 incontinentiae
1980 1407 2178 1472 habet
2232 1410 2306 1473 in

350 1495 571 1561 verbis
628 1504 695 1558 et
746 1494 1032 1571 actione,
1088 1514 1286 1576 quam
1343 1491 1781 1557 ministerium
1835 1502 2136 1557 nostrum
2193 1493 2304 1560 de-

349 1589 509 1648 ceat.
580 1577 716 1645 Sed
751 1586 1061 1661 tempore,
1110 1591 1184 1643 ut
1218 1599 1429 1662 spero,
1468 1578 1703 1643 vitium
1739 1578 1863 1642 hoc
1906 1580 2300 1663 corrigetur:

344 1666 542 1731 modo
583 1686 716 1730 non
760 1663 977 1730 desint
1019 1664 1271 1746 reliqua
1312 1665 1524 1747 magis
1568 1665 1950 1729 necessaria.

519 1750 699 1833 Quia
762 1750 1090 1816 Neocomc
1169 1750 1462 1814 transisti
1527 1771 1730 1832 quum
1795 1748 2087 1815 Bernam
2152 1750 2302 1828 ires,

343 1859 476 1902 non
525 1837 756 1901 dubito
799 1836 956 1919 quin
1001 1837 1121 1902 tibi
1164 1835 1248 1899 ad
1295 1834 1561 1917 plenum
1596 1835 2021 1916 exposuerint
2062 1836 2302 1901 fratres

343 1922 425 1988 de
485 1921 735 1987 Farelli
791 1922 1212 2004 profectione,
1241 1923 1298 2001 ⁹)
1351 1920 1519 2003 quod
1579 1919 1699 1984 tibi
1754 1943 1838 1986 ex
1896 1922 2037 1986 eius
2093 1921 2302 1986 1116116

341 2008 638 2074 indicare
674 2029 955 2090 possum.
1021 2006 1312 2072 Proinde
1347 2005 1769 2088 supersedeo:
1818 2006 2043 2071 literas
2079 2014 2301 2072 tamen

339 2095 522 2177 ipsas
579 2094 797 2172 mitte,
861 2115 944 2157 ne
1000 2091 1156 2176 quid
1214 2089 1558 2157 desideres.
1649 2090 2032 2157 Frumentum
2094 2114 2303 2175 nuper

339 2179 680 2264 Lug-duno
721 2178 934 2243 rediit
1027 2179 1256 2242 Refert
1292 2178 1616 2260 Reginam
1661 2177 1993 2242 Navarrae
2033 2178 2302 2244 meliore

338 2285 524 2331 nunc
570 2286 713 2331 esse
755 2265 995 2342 anime,
1040 2286 1237 2347 quam
1279 2284 1572 2344 unquam
1615 2262 1833 2327 fuerit.
1902 2262 2154 2328 Verum
2198 2286 2302 2329 re-

339 2352 471 2417 fert
515 2373 605 2416 ex
656 2352 796 2416 eius
848 2350 1089 2416 verbis.
1178 2349 1350 2414 Nam
1406 2368 1555 2412 cum
1611 2369 1689 2413 ea
1744 2349 2154 2414 familiariter
2205 2359 2307 2414 est

337 2437 777 2521 colloquutus.
881 2435 1176 2500 Tametsi
1243 2454 1377 2499 non
1443 2434 1749 2499 omnibus
1814 2436 2012 2499 etiam
2079 2434 2306 2500 nuncii

335 2522 568 2589 verbis
633 2520 829 2588 fidem
894 2530 1142 2586 temere
1209 2520 1576 2586 habendam
1643 2521 1833 2585 nosti.
1945 2518 2062 2586 Sic
2125 2523 2304 2586 enim

335 2609 464 2674 1166
521 2607 735 2692 gloria
787 2607 1153 2672 inebriatus
1196 2616 1329 2685 est,
1389 2605 1559 2688 quod
1618 2607 1686 2670 in
1732 2606 2125 2688 66116661616
2167 2607 2303 2671 Re-

334 2696 539 2778 ginae
586 2692 908 2759 admissus
952 2693 1056 2770 sit,
1103 2701 1176 2756 ut
1217 2691 1602 2775 particulam
1639 2693 1784 2756 sani
1827 2692 2092 2768 cerebri,
2137 2713 2304 2774 quae

335 2779 436 2844 1111
483 2779 798 2856 restabat,
856 2778 1021 2842 mihi
1065 2777 1369 2843 videatur
1410 2798 1680 2860 prorsus
1724 2777 2038 2842 amisisse.
2127 2778 2300 2843 Nam

332 2875 610 2950 praeter
673 2872 964 2932 caeteras
1025 2865 1326 2946 ineptias,
1394 2884 1597 2946 quum
1662 2862 1909 2928 diceret
1969 2864 2299 2947 Reginam

331 2973 522 3018 111666
570 2951 797 3015 literas
856 2949 1244 3027 desiderare,
1291 2948 1454 3013 161111
1510 2949 1772 3014 volebat
1813 2948 2057 3014 dictare
2100 2970 2298 3034 argu-

331 3047 678 3103 mentum:
725 3043 792 3100 et
834 3035 1020 3134 quasi
1062 3056 1298 3135 parum
1341 3036 1608 3118 1686616
1643 3056 1786 3099 11166
1820 3034 2070 3113 fideret,
2114 3045 2299 3100 veta-

331 3123 450 3189 bat
495 3145 588 3189 ne
630 3120 789 3206 quid
832 3122 1182 3199 mitterem,
1226 3121 1356 3186 nisi
1401 3132 1553 3186 ante
1596 3141 1636 3184 a
1679 3140 1750 3185 se
1792 3119 2031 3186 lectum
2077 3141 2154 3186 ac
2195 3142 2297 3186 re·

331 3212 701 3294 cognitum.
793 3206 1156 3272 Rumcrem
1199 3206 1274 3270 in
1316 3217 1453 3271 tota
1494 3206 1657 3271 urbe
1702 3206 2062 3288 dissipavit,
2104 3207 2299 3272 mini-

329 3316 529 3359 mum
577 3294 880 3371 abfuisse,
940 3294 1100 3377 quin
1143 3313 1361 3359 661616
1411 3292 1581 3375 Reye
1622 3293 2041 3358 concionatus
2081 3293 2297 3358 fuerit.

331 3380 531 3445 Mille
599 3387 753 3445 sunt
808 3379 948 3443 eius
1006 3379 1285 3463 generis.
1386 3377 1490 3442 Ne
1549 3388 1770 3441 tamen
1836 3385 2026 3460 putes
2080 3378 2103 3442 i
2152 3399 2300 3442 sum

331 3468 570 3532 omnia
613 3464 900 3543 mentiri,
957 3473 1214 3547 partem
1273 3483 1520 3541 eorum,
1579 3484 1746 3545 quae
1803 3473 2047 3541 narrat,

331 3552 441 3618 vel
489 3572 534 3616 a
579 3551 876 3636 Regina,
936 3550 1041 3615 vel
1095 3552 1175 3616 ab
1232 3551 1372 3615 eius
1417 3549 1752 3614 ministris.
1843 3548 1976 3615 86(1
2021 3551 2303 3614 artifices

329 3638 544 3704 aulici
591 3658 795 3720 quum
838 3635 1139 3701 viderent
1184 3635 1510 3701 hominem
1557 3634 1918 3714 credulum,
1962 3635 2102 3700 61116
2143 3634 2303 3700 faci-

327 3723 527 3788 litate
577 3723 766 3788 abusi
808 3730 968 3786 sunt
1009 3722 1080 3785 in
1118 3742 1310 3787 suum
1346 3719 1775 3798 commodum,
1821 3729 1896 3786 ut
1934 3721 2092 3785 baec
2128 3723 2304 3785 fama

327 3809 403 3873 in
428 3809 879 3876 Germaniam
920 3808 1314 3889 perveniret,
1360 3827 1525 3888 quae
1559 3805 2012 3871 reconciliaret
2047 3807 2304 3888 piorum

331 3896 609 3960 animos
653 3894 749 3958 Re
888 3913 1050 3975 quos
1106 3894 1323 3959 sciunt
1367 3913 1542 3957 nunc
1588 3889 2011 3956 vehementer
2057 3891 2302 3955 aliena-

329 3995 438 4046 tos
485 4000 660 4046 esse.
745 3914 942 4043 {liter
984 3978 1115 4043 alia
1157 3986 1626 4061 persuaserunt
1664 3976 2126 4043 Cancellarium
2167 3997 2303 4041 non

330 4066 466 4131 alia
511 4066 736 4148 magis
782 4064 862 4129 de
904 4084 1101 4130 causa
1159 4064 1372 4128 teneri
1425 4064 1494 4126 in
1538 4083 1816 4140 carcere,
1877 4084 2076 4145 quam
2176 4061 2303 4126 uod

328 4153 609 4218 1111116611
635 4150 827 4234 Reqis
870 4150 1158 4214 edictum
1202 4149 1366 4248 illud
1403 4146 1482 4212 de
1527 4147 1713 4213 libris
1754 4085 2305 4232 promulgandum

330 4237 706 4316 curaverit,
750 4238 1022 4318 piosque
1061 4236 1250 4300 exuri
1294 4234 1574 4299 iusserit.
1665 4234 1844 4315 Quid
1889 4233 2123 4317 plura?
2172 4255 2301 4297 non

329 4324 540 4390 modo
585 4323 809 4387 omnia
849 4319 1158 4387 eredidit:
1222 4321 1334 4384 sed
1380 4318 1503 4384 sibi
1545 4320 1687 4401 ipse
1733 4320 1923 4402 plura
1964 4318 2302 4398 confinxit,

330 4430 545 4493 611616
611 4408 927 4474 audierat.
1021 4406 1159 4472 Rem
1201 4406 1458 4472 Galliae
1517 4407 1879 4470 exercitum
1939 4406 2183 4470 traiicit
2234 4404 2307 4469 in

557 4747 941 4812 ’ΠΡκΐαηκιο
1000 4747 1169 4802 nma'
1229 4746 1301 4799 A.

331 4816 1385 4874 omminationintroducmwm.

556 4887 744 5016 3333
914 4902 1034 4940 Μ·

331 5025 908 5150 &evangelium-

329 5095 970 5290 ἵωὲἷέίάπάῌωῖξ
986 5166 1370 5285 W
1393 5228 1541 5282 Aeta
1583 5228 1870 5283 166616.
1911 5165 2313 5311 1736891108162

332 5319 412 5358 ss.
450 5310 560 5358 etc.
639 5299 1202 5439 mmmm
1234 5297 1498 5366 epistolae
1529 5297 1587 5365 ip
1571 5313 1687 5352 sae
1719 5298 1875 5353 intra
1907 5298 2149 5368 ρτοωίηκ·
2169 5298 2313 5353 anni

1356 4745 2311 4881 fflffldfflm

976 5039 1047 5077 us
1079 5020 1519 5102 praedicandum
1565 5037 1622 5076 se
1655 5025 2038 5075 converterant
2069 5021 2205 5076 adeo

884 5037 1242 5159 woadumqi
1259 5090 1571 5158 cupiebant.
1600 5089 1926 5214 Fss'm
1939 5106 2060 5216 m
2090 5037 2310 5214 611111ῗέ

2144 452 2307 515 1542
2351 447 2568 517 AUG-

2154 3462 2303 3528 abet
2371 3465 2378 3476 “

843 4961 1049 5009 etenses
1081 4952 1198 5007 sca.
1232 4952 1479 5005 abitum
1522 4952 1785 5021 temporis
1830 4945 2009 5006 denuo
2056 4951 2312 5006 nonnulli
2415 4941 2432 4946 ⁸

4242 454 4371 518 430

2413 636 2829 718 Hispaniam,
2867 636 2947 714 ¹⁰)
3007 635 3117 701 cui
3181 635 3369 702 aiunt
3422 636 3706 701 'furcam
3771 636 3980 701 altera
4035 658 4119 703 ex
4181 649 4369 721 parte

2412 723 2777 787 imminere.
2845 722 3004 786 Dux
3028 722 3428 788 Aureliensis
3471 721 3639 786 nihil
3682 720 3976 788 adhuce
4022 723 4077 787 it
4118 744 4365 791 memo-

2410 807 2635 884 rabile,
2704 806 2833 873 11161
2896 807 3062 889 quod
3132 806 3371 890 oppida
3423 806 3553 872 duo
3610 809 3877 872 exussit.
4036 830 4364 892 uanquam

2410 892 2577 957 illud
2643 901 2837 958 vetus
2899 902 3017 958 est.
3124 892 3454 959 Fortassis
3511 891 3594 958 ab
3656 914 3734 958 eo
3800 902 4093 976 tempore
4156 896 4365 962 multa

2411 1000 2531 1045 eon
2635 987 2846 1044 erunt.
2937 977 3083 1044 Scis
3141 979 3296 1061 quid
3354 979 3646 1078 responsi
3699 977 4001 1044 dederint
4042 980 4365 1050 Bernates

2412 1063 2650 1146 1686116
2691 1063 3179 1129 Β661116661616.
3268 1064 3499 1130 Nostri
3540 1085 3717 1130 nunc
3774 1077 3932 1129 66111
3973 1065 4045 1128 111
4088 1087 4166 1130 66
4208 1085 4363 1132 666-

2411 1149 2781 1215 saltatione.
2819 1153 2902 1226 ¹¹)
2991 1149 3251 1215 Nostris
3309 1171 3485 1214 nunc
3543 1148 3755 1214 nodus
3811 1158 3911 1215 est
3960 1149 4242 1216 difficilis
4278 1154 4362 1235 ¹²)

2411 1234 2496 1300 ad
2549 1234 2968 1302 solvendum:
3036 1255 3240 1317 66666
3294 1235 3538 1318 magis,
3604 1233 3776 1317 quod
3828 1235 4027 1300 etiam
4091 1237 4149 1301 61
4204 1237 4361 1303 hinc

2409 1321 2632 1385 omnia
2687 1321 2938 1385 fuerint
2989 1341 3311 1399 66666666,
3365 1320 3742 1404 ambiguam
3783 1341 3966 1403 spem
4008 1321 4221 1389 adhuc
4264 1323 4360 1389 al-

2410 1418 2554 1471 tera
2588 1425 2742 1490 pars
2776 1407 2950 1470 facit.
3018 1406 3212 1472 11111161
3234 1413 3459 1471 tamen
3487 1405 3661 1486 apud
3695 1416 3995 1471 senatum
4017 1410 4355 1475 minorem.

2410 1491 2694 1557 Precare
2717 1492 3097 1569 Dominum,
3144 1503 3221 1556 ut
3254 1491 3338 1557 ad
3380 1490 3636 1558 felicem
3680 1492 3931 1557 exitum
3975 1513 4079 1558 res
4122 1494 4357 1591 perdu-

2408 1585 2613 1643 catur.
2688 1578 2813 1642 Est
2854 1578 3030 1642 enim
3072 1576 3454 1660 periculum,
3496 1597 3583 1642 ne
3625 1598 3826 1660 quum
3867 1579 3939 1641 in
3982 1579 4361 1646 concionem

2408 1672 2681 1728 ventum
2745 1663 2961 1740 166111,
3026 1664 3249 1727 omnia
3313 1662 3704 1728 conturbent
3766 1664 3953 1746 pauci
4016 1663 4134 1742 illi,
4197 1687 4359 1747 6666

2409 1749 2583 1814 66611
2639 1769 2782 1814 6666
2847 1761 3101 1814 veteres
3153 1759 3220 1813 61
3275 1749 3665 1814 exercitatos
3730 1746 4134 1829 δημαγωγούς.
4222 1749 4360 1817 Sed

2404 1835 2754 1913 Dominus,
2792 1855 3000 1917 spero,
3039 1833 3445 1918 gubernabit,
3472 1832 3662 1899 modo
3687 1855 3804 1899 666
3829 1834 4181 1934 diligenter
4203 1857 4357 1901 eum

2407 1940 2766 2071 precemur.
2857 1919 3028 1986 Vale
3088 1921 3331 2003 optime
3386 1931 3453 1985 61
3507 1919 3676 1984 161111
3741 1920 4077 1986 carissime
4133 1922 4356 1988 frater.

2463 2006 2645 2071 aluta
2685 2006 2924 2072 fratres
2968 2027 3224 2084 616666,
3282 2013 3705 2071 materteram
3764 2017 3943 2072 tuam
3987 2027 4241 2106 666666
4284 2029 4360 2074 66

2407 2113 2712 2157 uxorem:
2791 2093 2893 2158 661
2960 2113 3109 2157 mea
3172 2093 3418 2175 gratias
3482 2093 3619 2175 agit
3681 2091 3763 2156 de
3822 2101 3957 2155 tam
4022 2093 4230 2158 amica
4292 2099 4361 2158 et

2407 2188 2635 2277 san-cta
2693 2178 3148 2244 consolatione.
3236 2177 3625 2243 Rescribere
3688 2177 3864 2242 enim
3929 2196 4059 2241 non
4122 2187 4357 2260 potest,

2406 2264 2540 2329 nisi
2582 2286 2701 2348 per
2743 2285 3227 2331 amanuensem.
3314 2264 3409 2328 Et
3463 2262 3537 2327 in
3593 2262 3896 2328 dictando
3947 2283 4079 2327 non
4122 2284 4357 2346 parum

2408 2359 2582 2415 esset
2623 2351 2954 2434 impedita.
3023 2349 3350 2415 Dominus
3393 2359 3568 2415 certe
3611 2348 3802 2414 nobis
3835 2347 4075 2414 vulnus
4110 2349 4360 2413 inflixit

2408 2455 2610 2519 grave
2660 2445 2729 2502 et
2786 2434 3091 2502 acerbum
3145 2438 3218 2501 in
3260 2446 3471 2500 morte
3526 2433 3730 2500 611611.
3819 2432 3956 2499 8611
3999 2442 4185 2516 pater
4224 2445 4355 2498 est:

2408 2521 2600 2586 novit
2641 2521 2800 2603 quid
2842 2522 2996 2588 filiis
3039 2521 3177 2586 6616
3216 2520 3538 2603 expediat.
3608 2520 3774 2585 Vale
3816 2522 4078 2598 iterum,
4123 2518 4357 2584 Domi-

2407 2629 2537 2673 nus
2573 2607 2694 2673 tibi
2728 2607 2915 2673 adsit.
2982 2608 3254 2674 Utinam
3290 2607 3514 2672 liceret
3548 2604 3725 2671 istuc
3759 2626 3964 2688 usque
3999 2625 4355 2671 accurrere.

2406 2693 2728 2759 Libenter
2761 2705 2976 2759 tecum
3012 2692 3353 2758 dimidium
3378 2691 3550 2757 diem
3584 2692 4054 2758 confabularer.
4135 2689 4356 2757 Gene-

2406 2801 2548 2859 vae,
2603 2784 2698 2845 19.
2745 2779 3053 2865 Augusti.
3091 2777 3173 2865 ¹⁸)

3323 2912 3598 2980 Ioannes
3644 2909 3962 2980 Calvinus
4002 2921 4176 2978 tuus.

3307 3560 3451 3631 417.

2946 3731 3418 3799 GALVINUS
3460 3730 3829 3798 VIRETO.

2580 3923 2681 3990 De
2716 3925 3086 3988 decanorum
3109 3920 3456 3985 Bernenm's
3475 3919 3732 3983 ditionis
3751 3924 4042 3983 conventu
4065 3919 4358 4001 proxime

2407 4014 2676 4079 instante
2711 4009 2943 4075 anxius
2975 4007 3197 4080 haeret,
3234 4006 3389 4089 quid
3410 4005 3716 4078 audituri,
3751 4004 3904 4084 quid
3937 4004 4177 4087 facturi
4210 4006 4352 4069 sint.

2516 4097 2850 4163 aestimem
2905 4095 2982 4161 de
3035 4112 3221 4158 coena
3277 4092 3549 4174 qualiter
3597 4089 3911 4155 vindicari
3963 4089 4095 4154 vult
4124 4092 4359 4170 paucis

2406 4185 2642 4266 repetit,
2698 4181 2949 4246 modum
2983 4176 3356 4263 procedendi
3415 4177 3525 4258 qm·
3568 4174 3822 4240 senatui
3851 4174 4104 4256 placuit
4144 4176 4361 4240 minus

2409 4441 2520 4506 (Ex
2558 4436 2897 4505 autographo
2932 4434 3062 4487 Ood.
3101 4433 3305 4486 Genev.
3347 4430 3463 4496 106,
3498 4430 3590 4485 fol.
3625 4429 3694 4483 82
3740 4431 3859 4483 6611.
3895 4446 3939 4483 6.
4000 4445 4186 4499 apogr.
4225 4430 4357 4484 eod.

2411 4509 2554 4562 111⁸.
2587 4507 2694 4644 folp
2716 4505 2751 4558 3
2787 4522 2941 4557 11.-
2978 4502 3142 4555 Edita
3177 4509 3261 4553 est
3294 4518 3328 4552 a
3364 4500 3505 4553 Besa
3538 4499 3739 4553 Genev.
3776 4515 3830 4568 p.
3868 4496 3950 4562 39,
3988 4498 4147 4551 Laus.
4183 4515 4236 4567 p.
4272 4497 4359 4568 83,

2413 4579 2619 4631 Hauov,
2750 4572 2832 4636 93,
2880 4571 3158 4638 Chcuetp
3161 4568 3292 4634 ,49
3340 4573 3511 4622 Amet.
3560 4586 3613 4637 p.
3646 4566 3733 4623 23.
3783 4595 3850 4605 —
3884 4568 4109 4636 Anglice
4156 4542 4360 4636 legitur

2301 4588 3158 4775 -ἰξὺθξξυῖξὲἓιῖῗωὲὲθηέ
3172 4636 3338 4827 3322}
3364 4637 3905 4838 Εέἑῖοὲἓίηῗιξέἲζὲιι
3917 4643 4360 4758 engirltililmldllcgsse

3247 4792 3317 4830 vc
3338 4791 3454 4828 ueri

2586 5019 2680 5082 10)
2719 5017 2971 5084 Steidan,
3005 5014 3039 5069 l.
3076 5015 3112 5068 1.
3150 5015 3268 5069 272.
3340 5012 3541 5068 Baubo
3574 5011 3688 5067 IV.
3728 5012 3847 5066 195.

2588 5089 2682 5150 11)
2721 5089 2837 5140 Scis
2874 5127 2885 5139 .
2926 5125 2941 5138 .
2979 5124 2994 5139 .
3034 5123 3047 5137 .
3083 5085 3616 5146 consultationem.
3653 5081 3803 5136 Edd.

2588 5157 2679 5212 121
2719 5156 2878 5211 Num
2912 5151 3632 5220 derebusaddiociplinam
3666 5149 4037 5220 spectantibus
4070 5147 4359 5218 loquio-w?

2412 5228 2624 5282 Annon
2648 5225 2845 5294 potius
2879 5223 2946 5277 de
2977 5224 3071 5278 lite
3105 5237 3230 5276 cnm
3263 5217 3681 5276 Beruennbus?
3745 5218 3946 5299 (Roqet
3978 5217 4355 5342 11911111.)ω

2416 5366 2550 5420 ιω
2584 5293 3176 5420 mm·
3194 5291 3272 5346 ⁰⁰¹
3317 5291 3605 5345 'mm
3644 5288 3930 5357 ΝΜ
3974 5286 4341 5356 ‘mmm
