5050 6167
665 389 786 452 143

661 573 781 640 lim
839 579 905 638 te
958 572 1053 637 ita
1106 570 1299 636 amici
1365 569 1660 655 partibus
1721 569 2104 636 defunctum
2124 620 2140 648 ,
2205 580 2280 634 ut
2331 590 2468 634 non
2529 570 2616 634 sit

664 656 837 743 quod
882 656 961 724 de
1005 665 1074 722 te
1117 657 1426 740 conqueri
1461 655 1804 739 possimus.
1884 653 2140 721 Verum
2185 655 2519 720 enimvero
2556 656 2613 721 si

661 744 907 810 silentii
950 743 1161 809 nostri
1201 762 1467 808 causam
1511 742 1807 826 requiris,
1861 742 2074 807 multa
2115 740 2416 824 equidem
2458 762 2613 807 cau-

661 830 796 896 sari
837 850 1127 914 possem:
1197 827 1283 893 ad
1324 848 1597 894 manum
1650 848 1784 893 non
1827 828 2027 893 fuisse
2071 826 2459 907 tabellarios,
2504 848 2611 894 oc-

662 937 935 1000 cupasse
957 913 1403 999 quotidianam
1439 913 2063 998 interpretationem,
2100 911 2460 979 detinuisse
2498 912 2612 978 do-

661 1002 936 1069 mestica
976 1000 1271 1085 negotia,
1329 1020 1498 1083 quae
1553 999 1777 1064 omnia
1826 999 1998 1063 bona
2039 998 2237 1063 etiam
2280 997 2410 1064 fide
2452 998 2611 1065 alle-

661 1107 908 1173 garem,
952 1087 1083 1152 nisi
1127 1085 1361 1153 scirem
1378 1137 1397 1163 ,
1452 1085 1533 1152 iis
1584 1084 1755 1150 nihil
1800 1092 1914 1149 aut
1966 1084 2315 1148 minimum
2359 1082 2613 1150 deferre

659 1182 745 1253 te,
792 1170 966 1256 apud
1005 1193 1199 1255 quem
1242 1170 1543 1256 vulgaria
1583 1169 1746 1237 haec
1788 1170 1850 1234 le
1902 1169 2124 1235 'timae
2166 1170 2611 1237 excusationis

659 1258 874 1326 locum
913 1279 1049 1323 non
1082 1257 1345 1323 habent.
1415 1255 1640 1338 Quare
1675 1255 1744 1320 id
1779 1277 1849 1321 so
1878 1277 1991 1320 um
2024 1276 2403 1339 proponam,
2440 1264 2609 1321 tam-

660 1345 785 1411 etsi
830 1344 973 1410 sine
1015 1344 1285 1409 horrore
1330 1364 1462 1408 non
1504 1363 1802 1426 possum,
1863 1340 2035 1426 quod
2090 1350 2158 1407 et
2209 1363 2281 1407 re
2340 1363 2496 1407 vera
2536 1343 2611 1406 in

659 1450 858 1497 causa
898 1429 1025 1495 fuit
1066 1436 1142 1495 ut
1182 1427 1436 1494 tardius
1491 1426 1859 1495 scriberem.
1947 1425 2029 1491 Id
2071 1434 2172 1493 est
2213 1426 2386 1511 quod
2423 1428 2611 1494 nobis

661 1514 743 1582 de
784 1522 998 1581 morte
1051 1522 1169 1580 tua
1223 1515 1686 1581 renunciatum
1736 1514 1950 1579 fuerat
1999 1510 2196 1597 idque
2240 1513 2322 1579 ab
2366 1513 2449 1578 iis
2493 1514 2610 1597 qui

658 1602 761 1666 tui
805 1607 964 1667 sunt
1014 1599 1489 1666 studiosissimi.
1570 1597 2068 1665 Confirmabant
2111 1598 2434 1665 Germani
2489 1599 2609 1664 ali-

662 1693 821 1772 quot
872 1687 986 1770 qui
1045 1686 1125 1752 de
1175 1685 1475 1767 Philippo
1531 1705 1783 1769 quoque
1839 1682 2195 1765 addebant,
2250 1685 2610 1768 pronostici

659 1773 756 1839 illi
801 1781 992 1856 puto,
1052 1772 1270 1839 nescio
1324 1792 1451 1855 quo
1504 1770 1680 1836 malo
1735 1771 1985 1848 omine,
2042 1770 2419 1855 gravissimi
2463 1770 2607 1836 eius

658 1858 872 1925 morbi
914 1859 1044 1936 tui,
1099 1856 1181 1922 de
1234 1878 1363 1941 quo
1418 1856 1583 1921 mihi
1633 1855 1979 1941 significas.
2085 1854 2168 1920 Id
2225 1877 2351 1955 quo
2393 1858 2608 1940 magis

657 1943 1110 2011 metuebamus
1152 1964 1238 2008 ne
1281 1941 1620 2020 accideret,
1665 1962 1742 2007 eo
1777 1943 1992 2026 magis
2025 1941 2381 2009 verisimile
2419 1942 2622 2010 nobis,

659 2031 876 2096 fiebat.
966 2030 1219 2095 Morem
1282 2029 1459 2094 enim
1515 2048 1667 2094 eum
1723 2028 1808 2093 iis
1861 2048 2004 2094 esse
2048 2027 2161 2111 qui
2204 2026 2395 2093 alteri
2438 2028 2607 2094 bene

657 2116 870 2181 velint
924 2114 1131 2199 deque
1187 2135 1265 2180 eo
1321 2121 1479 2179 sunt
1532 2113 1825 2192 solliciti,
1877 2113 1985 2178 vel
2029 2133 2117 2176 ex
2156 2112 2436 2178 Mitione
2479 2112 2606 2177 Το-

657 2202 960 2268 rentiano
1023 2201 1214 2266 nosti.
1327 2197 1802 2265 credulitatem
1880 2207 2175 2266 nostram
2255 2196 2609 2264 adiuvabat

656 2288 919 2354 insueta
958 2285 1303 2352 literarum
1344 2293 1614 2351 tuarum
1647 2285 1758 2350 lon
1811 2285 1908 2350 ‘or
1949 2284 2351 2367 exspectatio
2366 2335 2383 2364 ,
2440 2305 2606 2366 quae

657 2380 726 2439 et
762 2374 908 2457 ipsa
950 2371 1238 2437 dolorem
1280 2391 1398 2454 per
1441 2391 1514 2436 se
1554 2306 1980 2436 imm05icum
2038 2368 2334 2454 angebat.
2421 2370 2606 2435 Mor-

657 2468 815 2525 tuus
858 2458 1035 2524 enim
1078 2457 1265 2523 nobis
1324 2477 1487 2522 eras.
1577 2454 1758 2537 Quid
1800 2455 2052 2521 homini
2095 2466 2354 2521 mortuo
2396 2455 2604 2539 scrip-

657 2546 887 2612 sissem
902 2543 934 2607 ⁸?
1022 2544 1230 2627 Atqui
1275 2564 1394 2608 nec
1440 2542 1737 2627 sepulcro
1781 2540 2046 2625 quidem
2090 2541 2372 2607 scribere
2416 2561 2604 2607 recu-

657 2650 933 2708 sassem,
1006 2628 1122 2695 sed
1176 2628 1691 2711 quotiescunque
1749 2626 1830 2692 de
1888 2625 2231 2694 scribendo
2296 2627 2603 2710 cogitavi,

655 2718 751 2783 ita
790 2736 897 2781 me
940 2714 1181 2798 punxit
1217 2721 1355 2779 tam
1396 2713 1506 2797 pia
1548 2718 1900 2796 sanctaque
1942 2713 2042 2777 tui
2084 2712 2465 2793 recordatio,
2510 2713 2606 2779 ita

655 2824 763 2868 me
806 2801 1084 2886 agitavit
1126 2799 1368 2865 doloris
1410 2798 1837 2882 impatientia,
1896 2805 1973 2862 ut
2014 2805 2271 2863 tantum
2315 2820 2450 2863 non
2505 2798 2603 2864 la-

654 2909 827 3040 ffiffi·
869 2886 1413 3056 ..3322222
1433 2891 2605 3038 Pffioetsstffssmffiffiqssssisssffli

654 3059 945 3127 officiosa
1001 3057 1206 3123 animi
1260 3055 1633 3141 aegritudo,
1690 3076 1855 3140 quae
1890 3057 1984 3123 sic
2028 3075 2137 3120 me
2179 3076 2221 3120 a
2262 3054 2603 3123 scribendo

651 3143 1127 3211 remorabatur.
1213 3143 1307 3209 Et
1346 3148 1791 3208 remoraretur
1844 3141 2206 3208 etiamnum
2249 3142 2604 3209 cruciaret-

653 3251 801 3316 qne,
845 3229 976 3295 nisi
1018 3249 1164 3295 eam
1208 3235 1323 3294 aut
1363 3226 1635 3294 omnino
1676 3226 1900 3294 levare
1936 3233 2051 3293 ant
2086 3235 2357 3312 propter
2387 3229 2601 3294 incer-

653 3313 1008 3382 titudinem
1060 3334 1196 3380 non
1259 3315 1416 3380 satis
1478 3313 1722 3380 iustam
1786 3312 2004 3397 aliqua
2055 3313 2310 3379 ratione
2363 3315 2601 3381 confir-

651 3421 835 3468 mare
892 3398 1241 3484 aliquando
1308 3398 1736 3465 deliberatum
1793 3406 1983 3465 esset.
2074 3398 2329 3482 Scripsi
2382 3400 2602 3483 itaque

651 3486 937 3564 tandem,
984 3486 1077 3552 sic
1110 3493 1331 3551 tamen
1365 3493 1442 3550 ut
1477 3485 1558 3551 de
1601 3484 1976 3569 accipiendo
2017 3506 2138 3570 per
2177 3492 2246 3549 te
2287 3505 2601 3569 responso

652 3594 805 3657 spes
848 3571 1015 3638 mihi
1058 3570 1243 3637 nulla
1284 3578 1472 3637 esset.
1560 3571 1664 3636 'Pu
1706 3576 1945 3652 autem,
2007 3571 2317 3655 quoniam
2355 3572 2602 3656 opinio-

652 3679 808 3725 nem
851 3663 1146 3724 nostram
1191 3657 1427 3735 vicisti,
1471 3657 1780 3740 quoniam
1805 3656 2081 3723 Domini
2123 3657 2436 3723 beneficio
2472 3656 2601 3722 sal·

652 3766 815 3811 vum
857 3753 923 3809 te
966 3743 1152 3809 nobis
1196 3740 1626 3808 reddiderunt
1665 3743 1897 3808 literae
1942 3751 2125 3823 tuae,
2185 3743 2329 3809 eius
2373 3743 2601 3808 nuncii

652 3830 922 3895 nomine
1000 3836 1137 3893 tam
1209 3828 1364 3893 laeti
1446 3826 1713 3912 quidvis
1790 3849 1830 3893 a
1891 3837 1958 3895 te
2011 3829 2266 3913 perpeti
2331 3837 2600 3912 paratus

650 3936 822 3982 sum.
893 3913 971 3980 Si
1007 3934 1270 3980 causam
1304 3935 1521 3980 meam
1554 3913 1865 3994 admittis,
1910 3915 2125 3998 placet
2156 3913 2330 3998 quod
2367 3922 2430 3980 te
2464 3937 2600 3981 non

650 3999 1058 4068 offenderim.
1147 3997 1274 4065 Sin
1318 4000 1505 4084 quasi
1546 3999 1774 4065 falsam
1821 4021 1970 4066 eam
2012 4001 2195 4066 reiici
2234 3999 2367 4079 vis,
2422 4009 2489 4065 et
2531 4000 2601 4065 id

647 4086 846 4172 longe
888 4086 1186 4150 omnium
1240 4085 1692 4170 gratissimum
1746 4094 1878 4164 est,
1934 4084 2109 4170 quod
2164 4085 2397 4151 falsam
2453 4107 2600 4152 eam

648 4172 1046 4256 intelligam,
1102 4183 1178 4235 ut
1231 4171 1364 4236 iam
1406 4171 1574 4236 mihi
1627 4171 1773 4238 leve
1816 4172 1905 4237 sit
1947 4179 2064 4236 aut
2102 4172 2442 4256 ingratum
2486 4180 2602 4238 aut

648 4258 1096 4407 nggligentem
1141 4256 1289 4336 dici,
1333 4255 1857 4342 qnandoquidem
1891 4264 2111 4323 exstat
2151 4257 2264 4340 qui
2308 4256 2601 4324 desidem

649 4364 693 4426 p
767 4351 884 4422 set,
928 4342 1380 4427 negligentem
1422 4343 1692 4423 excitet,
1747 4343 2083 4428 ingratum
2137 4350 2354 4422 notet,
2413 4352 2600 4410 nota-

647 4439 793 4493 tum
837 4429 1335 4512 convictumque
1367 4429 1691 4494 monitum
1736 4426 2039 4506 dimittat,
2082 4429 2356 4511 insuper
2398 4430 2596 4494 etiam

647 4521 991 4597 peccatum
1033 4512 1359 4581 condonet
1414 4524 1482 4580 et
1536 4516 1852 4599 ignoscat.
1941 4514 2295 4581 Caeterum
2334 4523 2410 4580 ut
2451 4515 2598 4582 aliis

649 4599 847 4665 etiam
891 4598 1207 4682 epistolae
1262 4607 1415 4666 tuae
1469 4599 1790 4684 capitibus
1845 4601 2257 4680 satisfaciam,
2316 4602 2597 4686 gratiam

646 4685 859 4751 habeo
903 4684 1075 4767 quod
1129 4706 1283 4752 cum
1335 4695 1641 4770 pergrato
1698 4686 2094 4753 valetudinis
2146 4694 2300 4751 tuae
2353 4689 2597 4754 nuncio

643 4771 731 4836 de
774 4770 1026 4854 nuptiis
1065 4773 1264 4836 etiam
1323 4771 1457 4837 tuis
1512 4773 1819 4838 certiores
1876 4793 1997 4839 nos
2051 4770 2433 4839 reddideris.
2522 4773 2598 4839 Id

647 4877 725 4923 eo
762 4856 1077 4922 libentius
1112 4857 1376 4936 scimus,
1423 4857 1597 4941 quod
1632 4878 1749 4942 per
1799 4868 1863 4923 te
1912 4859 2176 4938 scimus,
2221 4879 2595 4943 speramus-

646 4964 773 5026 que
814 4943 1105 5008 faustum
1148 4941 1270 5007 tibi
1313 4954 1381 5009 et
1422 4943 1581 5009 felix
1615 4945 1753 5009 fore
1789 4944 2186 5029 coniugium,
2233 4945 2341 5011 cui
2385 4947 2495 5029 pia
2530 4953 2597 5012 et

645 5028 851 5113 proba
892 5049 976 5094 ex
1015 5029 1217 5094 animi
1262 5030 1587 5095 sententia
1629 5030 1803 5095 conti
1851 5032 1977 5096 erit
2008 5051 2196 5096 uxor.
2262 5029 2325 5096 O
2361 5040 2427 5098 te
2462 5033 2594 5098 for-

646 5124 972 5190 tunatum,
1015 5115 1131 5198 qui
1174 5124 1313 5180 tam
1351 5116 1570 5199 ampla
1610 5115 1761 5181 dote
1852 5119 2052 5182 ‘tatus
2084 5139 2172 5197 es,
2216 5138 2414 5200 quam
2456 5140 2595 5184 am-

645 5198 1012 5283 plissimam
1077 5201 1514 5285 exspectabas.
1620 5203 1988 5270 Meministi
2050 5201 2214 5269 illud
2283 5203 2594 5288 Philippi,

645 5305 849 5369 quum
890 5286 1310 5355 Francoforti
1350 5289 1422 5353 in
1463 5308 1669 5355 coena
1708 5309 2025 5356 essemus:
2071 5290 2358 5376 cogitare
2401 5297 2469 5356 te
2513 5289 2596 5357 de

2204 377 2731 448 EPISTOLAE
2774 383 3113 446 271—273

4550 386 4674 449 144

2717 568 3095 652 accipienda
3150 591 3372 635 uxore.
3475 569 3749 637 Gaudeo
3814 570 3988 655 quod
4054 571 4219 637 bene
4286 572 4673 638 successerit

2716 655 2909 721 amici
2953 655 3406 721 chiromantia.
3484 656 3795 722 Morbum
3837 665 4057 722 autem
4101 665 4310 737 tuum,
4355 657 4472 741 qui
4514 677 4670 723 oon-

2716 741 2974 827 iugium
3015 742 3313 825 proxime
3365 750 3680 825 sequutus
3723 749 3826 808 est
3840 793 3857 821 ,
3908 763 3986 808 eo
4041 743 4265 809 minus
4316 743 4670 810 molestum

2717 826 2837 892 tibi
2876 828 3077 893 fuisse
3120 826 3332 904 credo,
3392 827 3563 911 quod
3607 850 3777 893 uxor
3821 828 4155 894 molestiae
4197 837 4453 912 partem
4498 828 4671 894 tule-

2715 913 2821 977 rit.
2888 913 2996 978 De
3037 934 3144 979 me
3187 912 3360 996 quod
3395 914 3516 979 tibi
3551 913 3915 997 significem
3958 913 4130 979 nihil
4171 921 4292 994 est,
4333 916 4460 981 nisi
4496 914 4668 998 quod

2713 997 2894 1064 haud
2934 999 3030 1064 ita
3067 997 3346 1084 pridem,
3392 1020 3543 1065 cum
3584 1000 3719 1084 pila
3755 1021 3859 1065 me
3894 1003 4285 1079 exercerem,
4330 1001 4668 1067 confossus

2713 1083 2852 1150 fere
2893 1084 3062 1149 mihi
3106 1094 3207 1150 est
3260 1086 3428 1150 alter
3469 1085 3726 1165 oculus,
3785 1085 3880 1150 sic
3933 1093 4011 1151 ut
4054 1085 4135 1151 de
4191 1085 4342 1151 visu
4386 1108 4504 1170 per
4547 1085 4667 1152 ali-

2715 1175 2877 1252 quot
2917 1168 3057 1236 dies
3103 1169 3530 1254 desperarint.
3620 1170 3946 1238 Convalui
3989 1179 4214 1237 tamen
4257 1172 4386 1237 Dei
4430 1172 4665 1257 gratia,

2716 1255 2899 1321 salvo
2941 1264 3223 1339 utroque
3265 1256 3531 1322 lumine.
3602 1256 3862 1323 Accidit
3907 1264 3974 1321 et
4005 1257 4273 1322 iamiam
4317 1254 4491 1341 qnod
4525 1277 4665 1322 om-

2714 1342 2876 1407 nino
2919 1341 3039 1406 tibi
3083 1342 3320 1407 vellem
3357 1344 3715 1427 significari
3752 1364 3887 1408 non
3920 1364 4129 1426 posse.
4193 1343 4279 1408 In
4322 1343 4667 1409 scribenda

2713 1426 2839 1494 hac
2881 1428 3157 1511 epistola
3197 1429 3451 1494 subitus
3493 1429 3859 1495 rheumatis
3912 1430 4134 1494 fluxus
4185 1449 4293 1494 me
4350 1430 4667 1512 corripuit

2714 1514 2808 1578 ita
2851 1513 3223 1591 vehemens,
3269 1523 3343 1579 ut
3378 1515 3620 1580 intorto
3664 1515 3830 1581 collo
3875 1514 4273 1581 absolvenda
4315 1514 4482 1580 mihi
4525 1515 4665 1582 fue-

2711 1600 2818 1664 rit.
2901 1599 3245 1665 Incertum
3287 1607 3389 1666 est
3425 1600 3585 1684 quid
3628 1601 3927 1666 futurum
3970 1600 4077 1666 sit.
4147 1598 4383 1667 Saluta
4424 1621 4663 1684 quaeso

2711 1684 2882 1749 mihi
2924 1685 3385 1751 suavissimam
3428 1707 3707 1751 uxorem
3750 1692 3933 1752 tuam
3976 1693 4044 1752 et
4083 1686 4500 1753 carissimum
4531 1687 4663 1751 fira-

2713 1777 2885 1835 trem
2927 1771 3298 1837 Antonium.
3388 1773 3491 1838 'I'u
3533 1794 3708 1838 cura·
3743 1783 3821 1838 ut
3876 1772 4099 1838 valeas
4150 1779 4219 1838 et
4275 1793 4396 1838 nos
4439 1791 4661 1838 amare

2711 1876 2930 1941 perge.
3019 1856 3234 1922 Bitur.
3254 1860 3315 1941 ²)
3400 1857 3629 1924 Idibus
3671 1857 3983 1923 Ianuarii.

3453 1993 3654 2060 Totus
3698 2005 3853 2061 tuus
3895 1996 4092 2061 Anto.
4138 1994 4571 2061 Fontaninus.

3617 2453 3761 2523 272.

3192 2608 3691 2678 PARELLUS
3736 2610 4175 2677 OALVINO.

2896 2780 3173 2853 Viretus
3206 2782 3520 2847 Genevam
3576 2802 3644 2848 se
3704 2782 3960 2848 contidit
4014 2804 4059 2848 a
4115 2782 4351 2848 Senatu
4407 2790 4661 2851 vocatus

2706 2873 2765 2933 ct
2804 2886 3048 2933 summo
3084 2867 3316 2933 civium
3356 2868 3561 2934 studio
3604 2872 3888 2948 acceptus
3930 2873 4035 2934 est.
4104 2869 4538 2936 Nihilominus
4578 2870 4659 2936 de

2711 2951 2973 3019 Calvino
3014 2953 3371 3019 accersendo
3412 2973 3610 3037 usque
3650 2956 3880 3038 ayitwr.

2709 3126 2912 3193 (Exem
2950 3126 3035 3178 lar
3069 3124 3436 3179 authenticum
3482 3125 3582 3179 sed
3615 3140 3725 3179 non
3772 3131 4000 3196 autogr:
4036 3125 4167 3180 hum
4201 3130 4384 3181 exstat
4414 3128 4474 3181 in
4511 3128 4657 3182 Bibl.

2705 3200 2848 3265 past.
2885 3141 3336 3250 rfoooomonsium
3370 3194 3511 3264 Epp.
3548 3194 3750 3248 Farelli
3784 3193 3937 3248 Faso.
4029 3231 4044 3245 .
4089 3194 4160 3249 N.
4199 3193 4269 3247 12
4311 3196 4407 3250 ubi
4440 3195 4656 3251 subiici-

2706 3271 2800 3317 tur
2857 3262 3120 3333 epistolae
3176 3263 3246 3317 sd
3307 3262 3610 3317 Beruenses
3663 3263 3967 3329 ministros,
4023 3263 4084 3316 in
4129 3263 4320 3318 eadem
4364 3263 4554 3318 charta
4594 3265 4656 3318 in

3288 3331 3501 3386 calvini
3537 3347 3694 3386 usum
3728 3332 4077 3403 descriptae.)

2879 3521 3132 3589 Christi
3172 3520 3353 3588 fideli
3409 3542 3600 3588 servo
3643 3521 3879 3588 Ioanni
3920 3520 4199 3589 Calvino
4253 3528 4655 3610 symmystae

2707 3616 2851 3674 tum
2893 3608 3003 3691 pio
3048 3616 3189 3673 tum
3233 3605 3423 3674 docto
3467 3607 3874 3676 Wolmaoiae

3650 3711 3721 3777 in
3765 3716 4095 3778 conventu
4136 3711 4564 3780 Wolmaciae.

2879 3845 2949 3914 S.
3017 3847 3322 3913 Festinat
3362 3847 3644 3915 nuncius
3679 3857 3748 3914 et
3782 3869 3902 3934 ego
3937 3849 4152 3933 capite
4195 3848 4447 3916 laboro:
4492 3870 4654 3934 pau-

2705 3934 2799 4001 cis
2843 3954 2998 4017 ergo
3042 3953 3250 4018 agam.
3356 3934 3608 4000 Viretus
3661 3956 3796 4000 non
3854 3935 3997 4001 sine
4050 3937 4468 4001 contentione
4510 3936 4653 4021 pio-

2704 4041 2876 4098 rum,
2923 4019 3432 4086 acclamantibus
3488 4019 3635 4086 aliis
3678 4021 3793 4104 qui
3837 4020 4186 4087 Genavam
4230 4021 4466 4087 volunt
4505 4042 4655 4105 per-

2706 4104 2939 4182 ditam,
2996 4105 3221 4170 literas
3278 4105 3516 4171 habuit
3574 4127 3615 4171 a
3674 4116 3906 4173 senatu
3957 4106 4192 4191 quibus
4235 4107 4514 4173 liberum
4556 4109 4653 4187 fit,

2704 4191 2761 4257 si
2805 4190 2983 4270 velit,
3029 4190 3375 4258 Genevam
3416 4201 3541 4257 eat.
3632 4191 3825 4274 Quod
3870 4193 4085 4259 effecit
4135 4193 4503 4277 septimana
4540 4215 4655 4259 su-

2703 4276 2976 4428 geriore.
3054 4276 3266 4343 Nemo
3307 4278 3652 4345 hominum
3696 4300 3984 4363 unquam
4029 4279 4121 4344 ita
4164 4287 4467 4363 acceptus
4509 4279 4651 4345 fuit.

2771 4362 2908 4428 ulla
2950 4362 3224 4429 ecclesia
3263 4375 3402 4430 tam
3446 4364 3755 4430 ardenter
3799 4364 4084 4431 accurrit
4126 4364 4211 4430 ad
4254 4364 4655 4431 audiendum

2703 4449 2978 4516 verbum
3003 4447 3291 4516 Domini.
3361 4448 3668 4517 Summa:
3714 4470 3849 4515 non
3891 4458 4051 4533 puto
4094 4451 4420 4534 apertiora
4463 4451 4654 4536 signa

2703 4535 2953 4619 gratiae
2996 4533 3269 4601 Domini
3314 4534 3491 4602 edita
3525 4555 3686 4602 esse.
3776 4536 4021 4620 Agitur
4063 4537 4304 4602 iterum
4348 4536 4428 4601 de
4471 4537 4651 4622 lega·-

2702 4622 2880 4687 tione
2925 4620 3010 4687 ad
3053 4628 3119 4687 te
3158 4622 3499 4701 mittenda,
3544 4619 3716 4705 quod
3752 4620 4049 4702 dissuasi,
4093 4643 4180 4687 ne
4215 4629 4550 4706 sumptum
4585 4633 4654 4689 et

2701 4728 2967 4790 operam
3010 4707 3380 4790 perderent,
3424 4728 3628 4792 quum
3671 4708 3894 4774 venire
3936 4729 4073 4774 non
4115 4709 4323 4792 possis
4366 4708 4492 4774 nisi
4537 4707 4650 4774 ab·

2701 4793 2915 4860 soluto
2949 4792 3284 4877 colloquio,
3313 4794 3365 4879 ¹)
3453 4793 3555 4858 'I'u
3612 4791 3762 4859 vide
3814 4813 3900 4859 ne
3959 4794 4220 4877 spiritui
4273 4802 4502 4860 sancto
4545 4813 4652 4859 re-

2906 5031 2963 5099 2)
2998 5031 3286 5101 Biton-»ms

2698 5099 2898 5157 tersae
3076 5101 3167 5156 eae
3202 5032 4648 5160 cafafemffmwmm

2736 5170 2866 5231 2⁷2.
2906 5106 3135 5240 lma.
3180 5171 3261 5225 du
3303 5142 3524 5227 Gonsset‘l
3635 5214 3650 5227 .
3685 5173 3850 5242 jann.
3900 5172 4058 5227 1541:
4112 5172 4313 5228 Claude
4347 5145 4518 5230 Boset
4563 5181 4652 5230 est

2703 5255 2915 5321 envoy-e
2951 5256 2984 5292 a
3018 5241 3178 5294 Basle
3214 5258 3353 5310 pour
3399 5259 3501 5296 nos
3549 5243 3781 5298 affaires.
3834 5242 3896 5326 ‘n
3941 5244 4025 5297 ira
4065 5243 4139 5296 de
4183 5243 4257 5324 la·
4287 5249 4513 5298 trouver
4545 5245 4647 5299 ΜΘ.

2703 5308 2931 5363 ΟιιιΙνιιι
2965 5325 2999 5361 a
3032 5308 3142 5364 Str.
3178 5325 3318 5380 pour
3359 5311 3412 5365 le
3456 5311 3594 5365 faire
3639 5313 3796 5367 venir
3829 5327 3935 5383 ¹⁰5·
4014 5310 4351 5381 &uoq-anun
4395 5309 4648 5370 Worna-
