5050 6167
634 420 755 486 147

625 600 959 670 industria
1000 601 1130 668 alio
1173 599 1409 668 abduci
1452 599 1821 684 suspiceris,
1876 619 1962 664 ne
2017 617 2124 663 me
2177 598 2419 663 iterum
2476 617 2582 662 re-

627 696 863 773 petant
885 688 1281 755 Genevates.
1302 687 1362 768 ὁ)
1429 684 1655 767 Quum
1697 685 1875 750 enim
1893 683 2111 768 legato
2134 691 2359 749 nostro
2404 681 2582 750 vale-

630 773 893 854 diceret,
917 781 1055 842 tam
1076 773 1276 840 anxie
1296 772 1392 837 illi
1414 769 1914 850 commendavit,
1937 779 2015 835 ut
2028 791 2134 835 me
2155 769 2585 834 vehementer

627 859 926 944 puderet,
1015 858 1241 941 Quum
1260 879 1382 944 ego
1409 865 1682 926 conatus
1703 873 1915 923 essem
1936 854 2376 939 interpellare,
2414 853 2587 919 dixit

628 967 701 1012 se
742 967 877 1012 non
916 944 1161 1011 morari
1201 965 1382 1010 meas
1422 943 1895 1022 excusationes,
1941 942 2065 1007 sibi
2110 941 2251 1008 eius
2292 939 2585 1024 postula-

630 1033 823 1098 tionis
844 1034 1159 1115 optimam
1178 1041 1478 1096 constare
1501 1029 1841 1095 rationem.
1879 1026 2212 1093 Adiunxit
2234 1033 2583 1110 postremo,

627 1139 699 1185 se
722 1118 987 1184 omnino
1016 1114 1181 1182 velle
1203 1123 1279 1184 ut
1300 1113 1675 1182 adducerer.
1756 1114 1849 1179 Et
1890 1113 2115 1197 paucis
2158 1121 2312 1178 ante
2354 1109 2586 1178 diebus

626 1203 701 1270 in
743 1201 1021 1269 eandem
1055 1202 1448 1268 sententiam
1479 1201 1791 1285 loquutus
1825 1199 2055 1265 fuerat.
2143 1198 2318 1264 Nam
2351 1197 2472 1264 sub
2517 1197 2585 1262 id

628 1295 886 1374 tempus
930 1307 1061 1371 quo
1105 1287 1292 1353 nobis
1335 1286 1712 1353 obtulerunt
1753 1284 2168 1368 colloquium,
2227 1284 2381 1367 quia
2435 1303 2586 1367 spes

628 1375 843 1440 omnis
885 1372 1143 1440 sublata
1185 1381 1346 1452 erat,
1403 1372 1799 1456 petieramus
1850 1370 2204 1455 GvynaeuS,
2264 1368 2588 1435 Stre-mites

629 1469 695 1527 et
739 1480 881 1545 ego,
925 1467 1002 1524 ut
1045 1458 1310 1524 domum
1352 1456 1568 1524 redire
1609 1458 1796 1524 nobis
1837 1456 2085 1522 liceret.
2189 1454 2586 1539 Compositis

626 1546 761 1614 iam
827 1545 1130 1624 sarcinis,
1196 1544 1665 1612 cursitavimus
1729 1542 1813 1608 ad
1878 1541 2261 1609 salutandos
2319 1540 2582 1607 amicos.

626 1630 762 1699 Ubi
785 1640 1058 1698 ventum
1081 1637 1181 1696 est
1201 1629 1285 1695 ad
1310 1629 1717 1713 Philippum.-
1759 1629 1930 1695 Aliis
1964 1629 2291 1711 permitto,
2336 1626 2552 1710 inquit
2566 1649 2584 1708 ;

628 1716 713 1783 ad
746 1724 1007 1801 tempus
1039 1715 1374 1782 Calvinum
1407 1714 1738 1782 discedere
1772 1735 1905 1780 non
1937 1715 2169 1797 patiar.
2228 1714 2324 1780 Et
2357 1712 2585 1778 statim

626 1801 895 1868 domum
934 1807 1228 1867 nostram
1264 1801 1565 1880 accurrit,
1611 1811 1685 1868 ut
1718 1800 2181 1884 profectionem
2215 1798 2582 1882 impediret.

627 1885 833 1953 Vides
909 1887 1143 1972 igitur,
1222 1889 1314 1952 mi
1382 1887 1649 1966 Farelle,
1718 1888 1930 1952 teneri
1994 1907 2101 1951 me
2167 1884 2581 1952 adstrictum:

625 1993 747 2040 nec
790 1972 1145 2057 quidquam
1192 1972 1301 2039 hic
1345 1973 1524 2038 vafre
1569 1973 1997 2055 compositum
2032 1993 2174 2038 esse
2210 1969 2584 2036 frustratio-

625 2060 731 2125 nis
788 2079 1000 2126 causa.
1090 2057 1485 2143 Quanquam
1543 2079 1666 2143 ego
1720 2058 1987 2141 ineptus
2043 2079 2208 2136 sum,
2265 2057 2379 2140 qui
2434 2075 2583 2120 eam

624 2144 1090 2228 suspicionem,
1150 2164 1316 2228 quae
1375 2165 1585 2228 neque
1637 2145 1711 2208 in
1763 2144 2059 2210 animum
2115 2151 2304 2208 tuum
2361 2141 2582 2207 subire

625 2251 840 2315 neque
885 2229 964 2296 de
1011 2228 1195 2296 nobis
1238 2230 1493 2313 concipi
1536 2237 1766 2313 potest,
1812 2229 2061 2295 diluere
2105 2248 2322 2295 conor.

794 2315 926 2383 Ubi
989 2314 1256 2380 domum
1321 2314 1503 2394 redii,
1569 2317 1852 2382 multum
1915 2315 2163 2399 negotii
2226 2312 2390 2378 mihi
2455 2312 2583 2377 fuit

624 2424 776 2472 cum
837 2400 1122 2468 Claudio,
1143 2403 1200 2483 6)
1289 2398 1402 2469 Sic
1447 2401 1624 2467 enim
1669 2403 1802 2468 tuis
1847 2399 2211 2466 rationibus
2267 2419 2420 2465 eum
2473 2397 2583 2465 vel

623 2487 973 2567 imbueras,
1020 2487 1127 2554 vel
1159 2485 1623 2567 inebriaveras,
1670 2496 1744 2552 ut
1785 2485 2045 2552 nullum
2089 2485 2582 2551 dissentientem

623 2575 796 2642 ferre
850 2580 1084 2657 posset.
1192 2573 1338 2658 Ego
1392 2594 1564 2652 vero,
1622 2578 1697 2638 ut
1752 2574 1895 2650 scis,
1962 2581 2029 2636 et
2080 2577 2198 2636 tuo
2252 2577 2320 2637 et
2370 2570 2582 2653 ipsius

625 2659 894 2728 consilio
950 2657 1383 2725 libentissime
1442 2659 1992 2742 obtemperassem
2047 2655 2450 2733 iamdudum,
2513 2664 2584 2720 et

623 2743 818 2811 hodie
860 2753 1130 2830 paratus
1174 2764 1385 2810 essem
1431 2743 1905 2828 obtemperare:
1969 2744 2026 2809 si
2080 2741 2272 2808 modo
2328 2741 2581 2807 obicem

623 2830 812 2898 illum
883 2829 1205 2896 tolleretis
1230 2881 1245 2909 ,
1321 2830 1437 2914 qui
1497 2831 1677 2896 viam
1742 2829 1902 2896 mihi
1960 2848 2139 2894 nunc
2195 2826 2577 2911 praecludit.

625 2915 1038 3000 Quanquam,
1074 2914 1265 2981 crede
1297 2916 1485 2995 mihi,
1522 2916 1779 2981 etiamsi
1800 2936 1908 2980 me
1928 2935 2124 2980 nemo
2146 2913 2580 2992 sollicitasset,

623 3023 745 3088 ego
781 3002 947 3067 mihi
980 3002 1141 3068 satis
1176 2997 1473 3086 diligens,
1510 3003 1643 3066 imo
1666 3000 1966 3068 assiduus
1987 3001 2259 3066 fuissem
2281 2999 2582 3065 hortator

626 3096 696 3158 et
714 3088 1050 3173 impulsor.
1142 3084 1320 3168 Quia
1359 3086 1418 3153 si
1458 3087 1626 3152 mihi
1668 3109 1802 3153 non
1845 3093 2020 3153 esset
2060 3085 2457 3170 permissum
2499 3106 2579 3151 eo

623 3174 1023 3259 demigrare,
1090 3180 1453 3240 statueram
1517 3180 1743 3238 tamen
1808 3172 1917 3238 vel
1984 3171 2286 3238 omnibus
2326 3170 2580 3263 ’invitis

622 3259 779 3327 illuc
842 3259 1067 3326 statim
1132 3259 1356 3326 venire
1422 3258 1777 3325 excusandi
1838 3277 2052 3324 causa.
2169 3258 2319 3323 Non
2401 3258 2578 3324 enim

624 3367 802 3416 eram
849 3344 1128 3422 nescius,
1172 3353 1490 3428 quantum
1514 3346 1929 3428 profuturum
1952 3350 2125 3409 esset
2145 3343 2271 3410 hoo
2293 3343 2580 3409 officium

625 3429 709 3500 ad
753 3452 863 3496 eos
907 3428 1400 3497 confirmandos.
1487 3429 1581 3495 Et
1623 3428 1866 3514 aliquid
1913 3430 2209 3496 fortassis
2254 3428 2579 3495 dedissem

624 3516 719 3582 eis
776 3516 1058 3584 consilii:
1124 3515 1298 3598 quod
1352 3516 1408 3580 si
1465 3517 1721 3599 sequuti
1780 3523 2029 3596 essent,
2095 3515 2579 3598 aliquantulum

623 3601 1037 3687 collegissent
1102 3622 1288 3666 suam
1355 3600 1698 3668 ecclesiam
1776 3623 1858 3669 ex
1925 3602 2050 3668 hac
2131 3601 2574 3685 dissipatione.

619 3687 817 3756 Nunc
861 3708 967 3752 me
1009 3695 1392 3753 excusatum
1437 3687 1722 3754 habeant
1762 3697 2040 3772 oportet,
2099 3685 2274 3770 quod
2324 3708 2409 3751 ne
2461 3687 2578 3752 illa

622 3774 884 3858 quidem
950 3773 1372 3840 excusatione
1441 3773 1777 3859 defungor.
1865 3773 2095 3841 Unum
2160 3794 2266 3838 me
2331 3772 2580 3839 solatur

622 3881 699 3928 ac
754 3866 1040 3937 recreat,
1105 3858 1275 3942 quod
1331 3859 1524 3925 audio
1589 3860 1669 3925 de
1721 3860 1928 3926 Vireto
1982 3858 2347 3925 confectum
2402 3857 2578 3942 quod

622 3944 1058 4028 cupiebamus.
1148 3945 1328 4029 Ergo
1372 3953 1583 4012 status
1625 3945 1759 4012 mei
1780 3947 2087 4026 incertus,
2134 3944 2364 4010 relicta
2387 3943 2577 4010 domo

621 4031 1077 4113 incomposita,
1121 4031 1416 4098 fortassis
1460 4030 1543 4096 ad
1589 4053 1708 4097 sex
1752 4031 1858 4097 vel
1903 4039 2047 4098 octo
2090 4051 2349 4097 menses
2392 4052 2577 4113 pere-

622 4116 948 4202 grinabor.
1014 4116 1246 4195 Taceo,
1284 4124 1605 4201 quantum
1630 4116 2002 4184 domesticis
2024 4117 2189 4182 meis
2208 4116 2578 4183 rationibus

622 4201 808 4281 obsit,
853 4200 1025 4285 quod
1070 4202 1178 4269 hic
1222 4203 1374 4268 nolo
1408 4224 1515 4267 me
1552 4201 1868 4269 addicere.
1959 4203 2099 4269 Ista
2122 4212 2220 4268 est
2242 4223 2440 4269 causa
2460 4224 2579 4268 cur

619 4288 782 4353 mihi
848 4310 984 4353 non
1047 4297 1364 4373 augeatur
1426 4288 1848 4371 stipendium.
1949 4290 2050 4355 Eo
2119 4296 2339 4354 autem
2404 4287 2576 4372 quod

620 4394 797 4440 nunc
840 4373 1152 4459 penditur
1193 4375 1309 4440 vix
1354 4395 1617 4459 possum
1675 4381 1818 4440 octo
1876 4394 2136 4440 menses
2190 4376 2572 4459 transigere.

618 4459 758 4525 Nec
804 4469 903 4525 est
945 4459 1117 4542 quod
1151 4481 1270 4525 con
1320 4482 1363 4525 u
1406 4483 1542 4525 rar:
1589 4461 1741 4544 quia
1783 4458 1947 4526 mihi
1991 4481 2185 4545 cogor
2227 4460 2573 4543 imputare.

621 4542 920 4612 Scribam
964 4546 1201 4610 iterum
1250 4481 1367 4610 tibi
1403 4557 1558 4612 ante
1592 4546 1858 4611 abitum.
1949 4545 2117 4611 Vale
2152 4545 2576 4630 integerrime

618 4629 842 4697 frater.
915 4629 1150 4696 Saluta
1184 4630 1531 4716 diligenter
1565 4653 1792 4699 omnes
1826 4634 2081 4698 fratres.
2149 4632 2576 4716 Argentorati

618 4715 828 4802 pridie
872 4715 1012 4782 Cal.
1058 4716 1374 4783 Februar.
1430 4723 1608 4783 1541.

739 4973 750 4985 ι
826 4903 883 4970 5)
923 4903 1012 4959 De
1044 4903 1119 4958 iis
1162 4904 1327 4959 rebus
1553 4905 1644 4960 hic
1686 4905 1860 4962 obiter
1894 4905 2246 4974 ααὺιριαύιη

620 4987 806 5096 m
822 4972 1247 5124 affirm.
1275 4990 1355 5098 ’ἷέ
1391 4974 2572 5101 mafwaah‘ssmnss‘fflmw

616 5127 670 5165 v.
710 5111 1288 5247 ΒΜῶιιὶἹέἓὴωραρρ.
1323 5112 1433 5168 17.
1460 5131 1523 5182 p.
1556 5113 1642 5167 22.

2274 4906 2449 4975 plum
2480 4907 2571 4961 ὑι-

2173 405 2704 476 EPIS'POLAE
2750 409 3045 472 273-27
3052 409 3089 471 5

4525 405 4647 468 148

3585 590 3738 662 274.

3141 712 3713 781 BERNARDUS
3760 712 4196 780 GALVINO.

2685 867 4645 1022 mDewdituvetedscolleyaeetGenevaeetsibiyra-

2847 977 2942 1021 ur.

2693 1112 2803 1178 (Ex
2839 1110 3178 1192 autographo
3214 1110 3344 1165 Cod.
3381 1108 3541 1165 Goth.
3576 1106 3695 1174 405,
3732 1109 3822 1164 fol.
3859 1107 3943 1162 92.
4014 1107 4157 1164 Beza
4204 1109 4377 1166 edidit
4460 1109 4645 1166 uidem

2689 1179 2787 1233 sed
2824 1181 3007 1232 multis
3041 1180 3174 1233 locis
3212 1179 3476 1231 variatam
3513 1176 3715 1231 Genev.
3793 1217 3806 1230 .
3845 1174 3926 1243 22,
3979 1177 4138 1231 Laus.
4186 1195 4242 1248 p.
4292 1176 4376 1246 52,
4483 1194 4644 1234 anov.

2688 1267 2743 1318 p.
2770 1247 2854 1314 58,
2893 1247 3101 1303 Chonet
3122 1266 3174 1318 p.
3202 1245 3286 1315 26,
3326 1247 3502 1300 Amet.
3520 1262 3573 1314 p.
3601 1245 3675 1299 12.
3747 1195 4090 1300 ὅπτίθιαιοω
4106 1247 4356 1302 lectionis
4375 1248 4645 1317 integram

3296 1316 3606 1370 adscribere
3641 1332 3751 1370 non
3784 1316 4029 1382 attinet.)

2860 1488 3151 1554 Domino
3191 1487 3431 1554 Ioanni
3473 1486 3755 1554 Calvino
3797 1489 3870 1552 in
3913 1488 4182 1555 Christo
4223 1489 4398 1573 patri
4441 1507 4641 1555 vene-

2687 1573 2893 1640 rando
2937 1575 3345 1660 Argentinae
3388 1581 3508 1638 aut
3548 1572 3980 1640 Wormaciae.
4007 1574 4056 1659 ¹)

2861 1709 2933 1776 S.
2959 1709 3155 1791 Quod
3176 1709 3260 1775 ad
3282 1717 3348 1774 te
3369 1709 3705 1793 hucusque
3726 1732 3861 1776 non
3884 1712 4274 1795 scripserim,
4294 1712 4642 1796 praecipue

2686 1818 2806 1881 per
2847 1797 2940 1861 M.
2988 1796 3401 1862 Ludovicum
3444 1795 3558 1861 Du
3601 1795 3780 1861 Fom·
3821 1797 4109 1882 legatum
4156 1796 4638 1876 Genevensem,

2687 1904 2774 1947 ne
2794 1890 2984 1967 putes
3007 1891 3350 1966 propterea
3379 1883 3646 1961 factum,
3691 1882 4068 1949 venerande
4111 1905 4188 1949 ac
4232 1883 4642 1950 observande

2686 1976 2891 2053 pater,
2936 1965 3110 2050 quod
3152 1980 3266 2033 aut
3308 1966 3701 2050 dedignatus
3736 1968 3859 2034 sim
3896 1978 4011 2035 aut
4032 1979 4146 2034 tua
4165 1969 4330 2034 mihi
4351 1969 4640 2035 redinte-

2687 2054 2900 2139 gratio
2957 2052 3347 2137 displiceret.
3446 2054 3642 2119 Hanc
3695 2054 3936 2122 idcirco
3991 2054 4076 2120 ad
4131 2063 4197 2122 te
4254 2076 4374 2138 pro
4448 2075 4641 2139 prae-

2688 2147 2872 2206 sente
2907 2137 3237 2205 destinavi
3271 2139 3631 2221 epistolam,
3653 2140 3712 2224 ²)
3756 2150 3835 2205 ut
3867 2148 4046 2206 certo
4088 2142 4306 2219 scires,
4350 2141 4643 2225 primum

2687 2247 2794 2292 me
2838 2233 2978 2291 tum
3013 2245 3144 2289 non
3184 2224 3470 2290 adfuisse
3506 2224 3818 2293 Genevae
3861 2238 3884 2304 (
3936 2227 4209 2293 etieram
4242 2228 4423 2292 enim
4456 2226 4640 2292 Lau-

2687 2332 2934 2389 sanam,
2989 2310 3406 2377 consulturus
3447 2312 3532 2377 D.
3579 2311 3859 2378 Petrum
3962 2314 4191 2378 iratum
4233 2333 4432 2396 super
4473 2333 4640 2380 non-

2687 2396 2885 2463 nullis
2921 2417 3087 2480 quae
3109 2397 3589 2463 concernebant
3624 2405 3871 2464 statum
3908 2398 4214 2464 ecclesiae
4249 2398 4561 2479 nostrae),
4582 2401 4642 2477 ⁸)

2687 2492 3025 2567 praeterea
3060 2504 3256 2566 quam
3292 2483 3459 2548 bono
3497 2503 3655 2567 erga
3677 2491 3742 2549 te
3776 2484 3903 2550 sim
3925 2505 4001 2550 ac
4023 2483 4378 2550 christiano
4401 2483 4640 2564 animo,

2688 2577 2755 2634 et
2796 2577 3115 2653 quantum
3158 2568 3324 2633 mihi
3368 2567 3621 2652 placeat
3663 2568 3834 2653 quod
3889 2569 4150 2636 videam
4207 2581 4274 2635 te
4331 2569 4545 2635 denuo
4603 2592 4643 2635 a

2686 2655 2931 2721 nostris
2973 2655 3238 2738 agnosci
3280 2652 3525 2719 bonum
3561 2665 3889 2738 pastorem
3926 2676 4002 2721 ac
4035 2655 4326 2721 fidelem:
4378 2655 4644 2741 potissi-

2685 2763 2867 2807 mum
2933 2738 3105 2824 quod
3169 2740 3294 2806 hoc
3356 2741 3555 2806 sciam
3623 2741 3731 2806 via
3791 2742 4062 2824 spiritus
4129 2744 4337 2808 sancti
4402 2750 4640 2809 actum.

2686 2824 3031 2911 Siquidem
3075 2847 3207 2891 uua
3242 2824 3713 2892 dominicarum
3750 2825 4022 2907 dierum,
4068 2850 4268 2911 quum
4305 2827 4642 2911 praedica·

2684 2934 2829 2978 rem
2844 2915 2902 2986 ⁴)
2949 2910 3123 2995 apud
3142 2912 3450 2995 Rippam,
3471 2916 3528 2988 ⁵)
3575 2919 3645 2977 et
3672 2912 3963 2978 viderem
3986 2914 4327 2980 ecclesiam
4348 2921 4643 2981 nostram

2686 2996 3043 3064 desolatam
3067 2998 3393 3078 (abierant
3413 2998 3590 3063 enim
3612 2999 3724 3081 qui
3738 3018 3966 3064 curam
3979 3000 4184 3082 ipsius
4201 3007 4640 3084 susceperant,

2685 3083 3042 3150 Mon-andus
3072 3082 3375 3150 videlicet
3408 3092 3475 3150 et
3500 3081 3898 3152 Marcurtius
3916 3086 4002 3162 6);
4041 3095 4447 3152 remanserat
4482 3104 4640 3153 vero

2685 3170 2861 3236 solus
2904 3170 3223 3236 Henricus
3278 3191 3535 3237 mecum
3581 3207 3663 3218 —-
3706 3167 3823 3237 sed
3865 3171 3976 3255 qui
4020 3192 4249 3238 sumus
4291 3193 4412 3256 pro
4455 3178 4641 3236 tanto

2683 3255 2923 3341 populo
2967 3254 3092 3321 soli
3134 3253 3603 3322 conducendo?
3626 3260 3682 3333 ⁷)
3783 3255 3963 3323 Sane
4016 3257 4272 3338 nihili),
4328 3255 4641 3323 admonui

2682 3342 2995 3426 populum
3037 3340 3364 3426 lacrymas
3408 3341 3803 3408 effundendo
3860 3351 3935 3408 ut
3977 3364 4333 3410 conversus
4378 3341 4462 3409 ad
4501 3343 4639 3409 Do-

2682 3429 2939 3493 minum
2955 3427 3178 3493 Deum
3195 3428 3429 3493 humili
3452 3428 3749 3495 oratione
3771 3449 3889 3513 per
3911 3428 4272 3508 Christum,
4298 3438 4639 3512 pastorum

2682 3520 3029 3598 pastorem,
3066 3515 3147 3580 ab
3172 3533 3248 3579 eo
3271 3514 3653 3598 imploraret
3671 3522 4018 3599 pastorem,
4056 3523 4124 3581 et
4145 3513 4408 3600 quidem
4434 3513 4640 3580 talem

2682 3599 2943 3684 qualem
3015 3607 3436 3686 cognosceret
3461 3599 3521 3686 8)
3593 3621 3751 3666 suae
3820 3602 4236 3685 profuturum
4312 3599 4636 3669 ecclesiae.

2683 3687 2793 3766 At,
2813 3688 2867 3766 9)
2890 3706 2975 3750 ne
2996 3687 3300 3766 mentiar,
3339 3685 3440 3751 tui
3473 3708 3608 3751 non
3645 3685 4051 3766 recordabar,
4087 3706 4210 3753 nec
4245 3695 4309 3753 te
4332 3687 4532 3753 talem
4553 3685 4638 3768 ¹⁰)

2683 3794 2715 3838 s
2762 3772 3025 3838 erabam
3068 3773 3223 3838 fore.
3315 3770 3507 3853 Quod
3553 3779 3620 3838 et
3662 3771 3815 3839 fecit
3859 3773 4157 3873 populus,
4218 3775 4508 3839 maxima
4565 3777 4640 3837 ut

2684 3856 2922 3925 dicitur
2964 3879 3113 3924 cum
3159 3857 3524 3924 devotione.
3625 3857 3711 3922 In
3764 3866 4128 3924 crastmum
4184 3880 4342 3925 vero
4397 3856 4638 3924 ducen-

2683 3953 2902 4009 torum
2945 3951 3380 4028 congregatur
3422 3944 3795 4022 consilium,
3839 3952 3908 4009 et
3949 3966 4175 4011 omnes
4218 3953 4452 4029 petunt
4497 3942 4639 4010 Caz-

2682 4032 2915 4095 vinum.
3015 4029 3477 4115 congregatur
3538 4038 3605 4095 et
3712 4030 3973 4096 enerale
4031 4032 4330 4115 sequenti
4385 4029 4489 4095 die
4517 4032 4601 4107 ¹¹)
4617 4053 4635 4110 ;

2681 4116 2909 4181 itidem
2946 4114 3233 4181 clamant
3269 4136 3524 4180 omnes:
3691 4116 3924 4196 vinum,
3957 4118 4233 4200 probum
4272 4129 4338 4181 et
4374 4114 4637 4182 doctum

2712 4302 2845 4363 274.
2882 4301 2940 4364 1)
2979 4301 3403 4372 Inscriptionem
3436 4319 3540 4357 om.
3576 4303 3698 4359 edd.

2884 4370 2947 4434 2)
2985 4373 3187 4426 idcirco
3224 4390 3365 4426 nunc
3402 4373 3470 4426 ad
3507 4380 3563 4427 te
3597 4374 3723 4427 dedi
3760 4379 3821 4426 ut
3856 4376 3952 4427 etc.
3989 4369 4144 4426 Edd.

2811 4439 2949 4564 Εέἆ
2983 4457 3122 4510 quae
3175 4443 3243 4495 ad
3301 4443 3559 4496 ecclesiae
3611 4448 3832 4496 nostrae
3884 4447 4087 4495 statum
4143 4443 4519 4512 pertinebant,
4571 4457 4636 4495 ac

2884 4577 2947 4644 4)
2985 4597 3093 4634 una
3126 4580 3336 4633 dierum
3371 4580 3639 4634 dominica
3674 4597 3839 4650 quum
3874 4580 4132 4635 haberem
4149 4581 4461 4634 concionem
4479 4577 4635 4636 Edd.

2885 4646 2946 4710 b)
2985 4648 3068 4703 St.
3104 4647 3385 4715 Frameois
3417 4648 3485 4703 de
3519 4647 3678 4717 Rive,
3727 4647 3855 4702 olim
3900 4648 4431 4716 stammam,
4478 4661 4636 4703 nunc

2944 4715 2992 4771 ἲ.
3063 4717 3413 4784 (Archiater-cl
3466 4716 3681 4784 edifices
3712 4717 3981 4787 rdiqieuoe
4014 4718 4082 4773 de
4113 4717 4171 4773 la
4204 4717 4382 4774 nieme
4416 4716 4634 4773 Genese

2682 4789 2705 4838 1
2745 4786 2833 4854 64,
2863 4803 2929 4855 ρ.
2965 4785 3053 4840 87.
3125 4786 3348 4855 cauffo,
3388 4757 3604 4841 &eneae
3637 4787 3763 4841 hist.
3798 4793 3852 4842 et
3884 4788 4035 4842 mh.
4079 4787 4228 4857 1869,
4258 4801 4324 4857 p.
4358 4786 4478 4840 sos.

2677 4923 2754 4978 Μ
2857 4857 2943 4992 )6)
2981 4855 3133 4910 Edd.
3157 4858 3438 4911 Morentns
3473 4857 3582 4910 vid.
3619 4866 3674 4913 et
3689 4857 4002 4912 Marcutius.
4023 4887 4089 4898 —
4124 4858 4392 4912 Henricus
4426 4857 4459 4925 (
4573 4856 4634 4912 la

2748 4939 2846 4978 are

2849 4964 2862 4978 ⁹
2886 4992 2944 5060 7)
2982 5011 3010 5046 ι·
3109 4994 3258 5048 ndo?
3287 5063 3298 5074 ⁹
3329 4993 3620 5052 Continere
3655 5011 3742 5048 me
3778 5011 3886 5050 non
3922 4996 4075 5064 potui
4101 4996 4243 5122 2¹⁸3}
4279 4996 4540 5065 populum
4571 4995 4632 5056 is

2677 5064 2948 5192 ῑαοτγωεδιῗ
2983 5078 3088 5200 {gn
3089 5063 3486 5190 ogssrgidffid.
3471 5063 3834 5130 admonerem,
3873 5072 3936 5118 ut
3969 5070 4065 5120 etc.
4237 5103 4252 5118 .

2881 5197 3351 5333 ῗόἧῖιὲᾖω.

2881 5338 2978 5398 11)
3015 5335 3093 5393 N.
3129 5337 3252 5408 245,
3286 5344 3399 5398 not.
3435 5338 3486 5394 5.
