5050 6167
386 461 499 522 117

381 663 543 728 quae
585 662 800 743 again,
845 661 1058 725 neque
1090 641 1243 710 volo
1285 642 1597 727 cuiquam
1637 663 1782 710 esse
1826 642 2029 709 oneri.
2116 642 2337 743 Igitur

378 735 458 828 te·
493 749 641 829 era,
691 750 791 828 ,ιω
833 726 1104 809 Farelle,
1159 739 1239 794 ut
1290 727 1416 796 hoe
1471 737 1771 878 tempsi-:³¹
1823 737 1891 795 et
1947 729 2072 828 hac
2120 750 2335 880 1ιὲῃῇ

375 813 2005 1002 ssasszfflaeoesffi.vasatas}
2046 837 2334 1000 aff...

375 984 1552 1172 ffl}1?:mpss¹;1„35¹¹23222.3235
1598 984 2164 1173 &sawt
2188 1008 2333 1156 03¹3}

374 1178 667 1343 tm,
685 1156 1846 1327 “zssssfflxffleffflzzssmffxjss
1871 1167 2334 1322 52:522&ss

372 1328 1195 1482 Qfflaeeffibhssbssm,
1238 1338 1306 1398 et
1345 1339 1553 1396 totam
1588 1329 1855 1397 domum
1891 1340 2095 1397 tuam.
2160 1329 2333 1397 Vale

1303 1553 1487 1618 'I'uus
1529 1552 1840 1620 Nicolaus
1885 1554 2155 1621 Parcus.

1152 1831 1187 1837 --
1234 1827 1421 1838 —-—-——-—d-

1283 2046 1431 2117 256.

850 2203 1353 2272 BEDROTUS
1400 2203 1856 2272 MYOONIO.

548 2375 913 2459 Scripserat
963 2377 1299 2461 Myconius
1354 2379 1433 2444 de
1486 2378 1763 2460 quodam
1825 2378 1939 2460 qui
2003 2377 2194 2442 libros
2259 2397 2337 2442 ex

372 2464 792 2549 Arqentorato
844 2463 970 2529 sibi
1027 2464 1354 2529 mittendos
1406 2464 1783 2545 postularat.
1902 2460 2026 2532 Cui
2084 2463 2187 2528 hic
2239 2483 2338 2529 re-

372 2550 713 2635 spondetur
753 2551 907 2614 istos
942 2550 1135 2616 libros
1175 2550 1352 2631 apud
1400 2550 1750 2629 Calvinum,
1807 2570 1974 2614 nunc
2010 2549 2336 2621 absentem,

371 2657 504 2703 csse
549 2641 607 2702 et
642 2635 829 2703 certis
871 2634 950 2701 de
991 2637 1207 2701 causis
1248 2637 1591 2701 remissum
1632 2656 1759 2701 non
1802 2635 1908 2700 iri.

518 2841 593 2877 nu
750 2823 861 2891 pho
896 2823 1036 2877 Bibl.
1064 2824 1560 2878 civie.'1'urieensis.
1598 2822 1743 2876 Plut.
1769 2822 1919 2876 VIII.
1956 2823 2062 2904 vol.
2100 2822 2172 2876 40
2206 2824 2335 2877 olim

418 2933 433 2947 .
464 2892 558 2958 22,
594 2893 685 2946 so.
720 2891 838 2946 305.
910 2891 1139 2946 Omissis
1188 2893 1661 3028 ffgaeffiggguem
1696 2900 1911 2946 tantum
1947 2893 2212 2961 epistolae
2248 2893 2337 2946 hic

553 3169 635 3182 —-
692 3169 777 3182 -
836 3168 917 3180 --
972 3130 1315 3218 scripsisti
1368 3134 1563 3200 uxori
1620 3132 1861 3199 Bucari
1887 3134 1938 3216 ¹)
2004 3133 2085 3198 de
2148 3131 2334 3199 libris

371 3218 744 3302 Aldeberyii
785 3218 1143 3298 cuiusdam,
1189 3222 1298 3302 qui
1335 3220 1508 3304 apud
1548 3240 1664 3285 vos
1699 3220 2022 3303 tantisper
2065 3239 2333 3301 exspec-

370 3305 547 3371 tabit
589 3304 748 3370 dum
790 3304 945 3369 libri
987 3307 1336 3371 mittantur
1378 3313 1499 3371 ete.
1569 3305 1778 3370 Novit
1821 3304 2029 3370 bonus
2070 3304 2185 3369 ille
2230 3307 2334 3371 vir

369 3389 599 3468 libros,
645 3391 701 3456 si
744 3411 907 3475 quos
951 3390 1059 3458 hic
1102 3392 1398 3475 reliquit,
1456 3412 1600 3456 esse
1654 3390 1828 3473 apud
1876 3389 2222 3470 Calvinum,
2266 3400 2335 3455 et

369 3477 569 3543 novit
608 3497 739 3559 qua
780 3476 1155 3543 conditione
1208 3475 1382 3561 apud
1439 3476 1620 3543 hunc
1663 3478 1814 3543 sint.
1907 3476 2167 3542 Calvino
2206 3477 2333 3556 igi-

370 3569 487 3628 tur
557 3563 843 3629 scribere
909 3562 1188 3630 debebat
1250 3566 1467 3647 potius
1532 3584 1729 3646 quam
1787 3561 2098 3643 Bucerae‚
2163 3563 2331 3627 nihil

416 3669 650 3715 rersus
707 3649 943 3714 scienti
998 3648 1080 3714 de
1144 3649 1329 3715 libris
1384 3650 1592 3714 istius.
1697 3649 1852 3714 Misi
1908 3647 2131 3714 literas
2186 3658 2333 3715 tuas

420 3756 499 3801 oc
548 3735 815 3800 nomine
869 3735 1148 3818 scriptas
1203 3733 1286 3800 ad
1336 3734 1685 3802 Calvinum.
1792 3734 1965 3800 Mihi
2009 3745 2184 3799 eerte
2229 3735 2331 3800 vi-

370 3819 578 3885 detur
651 3821 897 3886 frustra.
974 3832 1274 3903 sumptus
1350 3823 1564 3888 facere
1639 3821 2119 3902 exspectatione
2183 3821 2327 3887 ista.

368 3903 601 3972 Homo
644 3914 747 3971 est
789 3906 1261 3989 phantasticae,
1305 3906 1476 3990 quod
1522 3908 1590 3973 in
1634 3927 1863 3972 aurem
1919 3905 2035 3970 tibi
2083 3904 2329 3972 dictum

368 3992 549 4057 vole.
640 3990 827 4068 Vale,
871 3993 961 4055 mi
1007 3991 1290 4076 Myconi,
1346 4005 1414 4059 et
1466 3992 1773 4059 brevitati
1834 4013 2129 4057 mearum
2176 3992 2331 4058 boni

369 4077 677 4144 consule:
722 4077 918 4162 plura
951 4079 1129 4144 enim
1181 4079 1459 4146 adiicere
1508 4101 1642 4145 non
1692 4079 1983 4157 vacabat,
2031 4099 2152 4144 nee
2186 4087 2333 4144 erat

364 4164 575 4229 etiam
621 4184 785 4246 opus
829 4163 1009 4229 adeo.
1098 4164 1325 4230 Habes
1369 4165 1542 4230 enim
1586 4165 1838 4248 legatos
1883 4164 2331 4230 Genevatium

367 4248 970 4333 aVangionibus²)
1006 4249 1375 4328 redeuntes,
1420 4273 1505 4315 ex
1540 4251 1778 4334 quibus
1822 4259 2132 4334 tanquam
2178 4271 2330 4316 ocu-

364 4332 526 4401 latis
585 4333 862 4402 testibus
916 4335 1246 4419 intelliges
1305 4337 1544 4402 omnia.
1649 4338 1911 4402 Rursus
1970 4336 2115 4402 vale
2181 4358 2333 4402 cum

364 4440 602 4487 uxore.
692 4420 958 4487 Cursim
1004 4422 1162 4506 Arg.
1220 4427 1313 4488 17.
1357 4422 1767 4489 Novembris.

1811 4558 2159 4625 Bedrotus.

403 4883 544 4945 256.
586 4815 643 4940 3
682 4815 1008 4940 Εἰεῖὗεὶῗὲ
1035 4817 1417 4940 ὲῗιὸῑῑιίξεᾳῖῑίω
1450 4886 1698 4953 moniali,
1736 4903 1847 4954 qua
1884 4885 2020 4938 1541
2058 4892 2202 4946 peste
2238 4885 2334 4939 ab·

366 4959 589 5090 m,
620 4953 878 5088 ξαῧνᾶωἷ
922 4955 1152 5009 viduam
1188 4955 1479 5022 Capitonis
1513 4955 1691 5010 duoeit.
1763 4954 2088 5024 (Roehrich,
2128 4956 2181 5009 I.
2217 4953 2333 5006 160.

2085 458 2249 522 1540
2290 452 2710 528 Novmffl.

2390 5273 2393 5282 ·
2444 5248 2682 5300 Vurmes
2718 5265 2751 5298 a
2786 5249 2979 5317 obayir
3016 5289 3028 5299 .
3067 5294 3079 5304 .
3119 5288 3130 5300 .
3171 5289 3182 5300 .

4293 466 4420 532 118

3354 643 3503 714 257.

2646 798 2772 865 LE
2813 782 3122 866 SENAT
3165 799 3292 866 DE
3338 784 3734 868 GENEVE
3776 803 3843 869 A
3884 802 4194 872 va'r.

2439 1026 2456 1047 ,
2612 969 2826 1053 Appel
2866 969 3124 1037 adress&
3165 969 3208 1035 ὰ
3243 970 3435 1051 Vir-et,
3479 972 3557 1037 de
3598 973 3778 1039 venir
3817 973 4131 1043 des-servir
4171 976 4413 1064 matisc

2438 1055 2515 1122 de
2563 1055 2805 1122 Geneve
2848 1076 2925 1121 en
2968 1056 3269 1124 l‘absence
3310 1058 3386 1124 de
3433 1055 3672 1124 Calvia.

2440 1227 2768 1297 (Exemplar
2802 1227 3180 1296 autographon
3229 1233 3412 1282 exstat
3457 1230 3513 1283 in
3551 1229 3896 1284 Bibliotheca
3939 1236 4223 1299 postorum
4257 1235 4408 1290 Neo-

2438 1300 2768 1350 eomensium
2810 1297 2961 1350 MSS.
3011 1297 3188 1351 tascie.
3237 1298 3299 1350 B.
3373 1298 3600 1364 Lenitur
3644 1316 3863 1380 quoquo
3909 1299 3965 1352 in
4011 1301 4211 1356 Codice
4257 1304 4405 1361 Bibl.

2439 1366 2592 1419 eivie.
2633 1366 2817 1419 Turic.
2855 1368 2917 1419 B.
2956 1364 3077 1430 217,
3115 1383 3166 1435 p.
3208 1365 3329 1430 213,
3367 1368 3421 1421 in
3461 1368 3678 1421 Pei-reti
3716 1370 3830 1421 vitu
3865 1367 4068 1423 Farelli
4105 1372 4217 1424 MS.
4258 1389 4404 1441 quse

2440 1434 2734 1505 Neoeomi,
2782 1436 3000 1490 Rornae
3049 1442 3108 1489 et
3142 1434 3328 1489 Turici
3362 1445 3647 1559 ἲεῖτὸαῑυτ,
3692 1436 3930 1506 denique
3980 1455 4070 1509 sp.
4109 1441 4406 1497 Simlerum

3290 1521 3360 1558 vo
3384 1545 3396 1557 .
3508 1508 3553 1571 .)

2439 1692 2506 1758 A
2540 1693 2842 1777 Maystre
2863 1692 3095 1759 Pierre
3117 1693 3312 1758 Viret·
3344 1692 3704 1787 Prediqant
3737 1701 3805 1759 et
3837 1693 4147 1761 Ministro
4177 1697 4406 1766 Evan-

2852 1779 3114 1864 gelique
3157 1790 3383 1845 nostre
3427 1779 3751 1863 singulier
3790 1780 3989 1865 Amy.

2614 1914 2979 1996 Monsieur,
3017 1916 3100 1982 de
3122 1916 3254 1982 bon
3278 1937 3480 1981 eueur
3514 1936 3555 1980 a
3587 1937 3757 1983 vous
3791 1938 3958 1983 nous
3994 1937 4405 1987 recomman-

2439 1999 2623 2066 dons.
2714 2000 3028 2087 Suyvant
3081 2002 3149 2067 la
3205 2002 3605 2068 declaration
3648 2003 3734 2068 du
3782 2002 3994 2085 grand
4038 2002 4238 2089 desyr
4276 2027 4405 2089 que

2440 2097 2666 2153 nostre
2709 2088 2950 2170 peuple
2990 2110 3030 2154 a
3072 2110 3310 2155 envers
3360 2110 3527 2153 vous
3572 2088 3872 2171 lesquelx
3918 2090 4209 2156 toutiour
4251 2102 4404 2160 sont

2441 2192 2524 2238 en
2571 2173 2663 2238 tel
2709 2174 2980 2259 volloyr,
3040 2196 3208 2240 vous
3251 2194 3594 2257 envoyons
3640 2174 3736 2240 les
3778 2195 4053 2257 propres
4094 2175 4322 2244 lettres
4351 2183 4401 2259 ι)

2440 2278 2569 2340 que
2609 2281 2813 2325 avons
2858 2282 3129 2343 receupz
3174 2260 3289 2325 des
3324 2259 3658 2326 ministres
3701 2260 4167 2345 evangeliques
4209 2272 4276 2327 et
4319 2262 4404 2333 de

2440 2344 2777 2411 monsieur
2824 2344 3096 2413 Caulvin
3138 2345 3490 2429 lesquelles
3549 2365 3716 2412 vous
3760 2347 4028 2430 playraz
4083 2369 4292 2432 voyer
4336 2356 4405 2417 et

2443 2427 2767 2515 dempuys
2832 2452 2997 2497 nous
3073 2453 3419 2517 renvoyer,
3465 2442 3755 2516 suyvant
3822 2432 4169 2514 lesquelles
4233 2455 4403 2503 vous

2441 2536 2693 2599 pryous
2747 2525 3166 2583 tresassertes
3219 2539 3389 2584 vous
3445 2518 3736 2603 volloyer
3794 2525 4240 2601 transsporter
4327 2540 4404 2588 ar

2441 2601 2603 2668 deca
2646 2610 2715 2667 et
2755 2623 2990 2688 croyes
3032 2605 3468 2669 entierement
3510 2626 3635 2686 que
3671 2626 3757 2672 nc
3800 2625 4022 2689 seryes
4066 2606 4203 2670 fere
4246 2627 4291 2689 p
4321 2628 4401 2675 us

2443 2685 2693 2770 grande
2735 2709 2939 2755 ouvre
2983 2710 3220 2756 envers
3255 2690 3429 2756 Dieu
3466 2698 3535 2756 et
3575 2690 3673 2755 les
3717 2690 3945 2755 homes
3987 2689 4238 2757 fidelles
4274 2713 4401 2774 que

2441 2772 2670 2848 iceste,
2707 2784 3000 2858 voyeant
3056 2795 3310 2841 eamme
3367 2787 3593 2841 nostre
3650 2776 3781 2840 ditz
3835 2775 4071 2859 pcuple
4117 2797 4281 2842 vous
4324 2798 4400 2845 az

2442 2860 2577 2924 fort
2617 2859 2986 2944 aggreable.
3077 2862 3169 2926 Et
3212 2862 3269 2926 si
3315 2882 3434 2944 par
3487 2873 3808 2927 aventure
3851 2862 4094 2928 nesties
4138 2870 4402 2948 prompt

2441 2966 2515 3010 az
2540 2947 2757 3031 layser
2780 2946 2840 3011 le
2866 2947 2997 3011 lieu
3031 2959 3148 3013 aut
3181 2946 3228 3011 il
3274 2967 3347 3011 az
3392 2946 3547 3029 pleu
3583 2968 3623 3011 a
3651 2948 3820 3012 Dieu
3863 2968 4026 3013 vous
4072 2949 4399 3018 constitue

2441 3053 2515 3096 az
2561 3040 2827 3114 present
2869 3054 3036 3098 vous
3079 3033 3348 3116 playraz
3387 3054 3550 3098 nous
3595 3032 3846 3098 donner
3890 3032 3950 3098 le
3993 3054 4234 3119 moyen
4278 3055 4400 3117 par

2439 3117 2683 3201 lequelt
2723 3120 3024 3204 puyssics
3062 3121 3197 3183 fere
3235 3130 3450 3185 vostre
3490 3117 3946 3199 departoment
3987 3141 4029 3185 a
4069 3121 4403 3187 lhonneur

2440 3202 2521 3268 de
2573 3205 2746 3269 Dieu
2804 3215 2874 3269 et
2930 3226 3016 3269 en
3073 3224 3310 3287 appres
3367 3203 3448 3269 de
3506 3224 3687 3270 vous.
3787 3205 3880 3270 Et
3932 3227 4123 3272 surce
4178 3217 4400 3274 vostre

2439 3291 2741 3376 amyable
2784 3311 3116 3375 response.

2610 3429 2855 3494 Actum
2903 3431 3002 3494 22.
3049 3425 3365 3493 Novemb.
3423 3430 3603 3492 1540.

3162 3564 3348 3631 Vous
3397 3565 3561 3630 bons
3605 3583 3794 3647 amys
3837 3565 3973 3629 Les
4018 3562 4400 3649 Syndiques

3304 3661 3372 3716 et
3415 3649 3682 3718 Conseil
3725 3649 3806 3715 de
3851 3650 4224 3730 Geneve.²)

3346 4127 3496 4197 258.

2917 4265 3418 4334 BEDROTUS
3467 4264 3920 4333 OONZENO.

2613 4439 2870 4505 Laudat
2912 4458 3052 4503 eum
3094 4438 3165 4502 ob
3205 4438 3605 4522 viyilantiam
3656 4440 3729 4503 in
3782 4438 4133 4519 haereticae,
4188 4441 4402 4521 suspi-

2436 4528 2639 4592 ciones
2679 4526 2756 4591 de
2798 4544 2913 4590 sao
2956 4525 3024 4588 in
3066 4544 3208 4588 eum
3250 4526 3460 4589 animo
3515 4529 3748 4590 mutato
3802 4526 4126 4609 dissipare
4177 4526 4400 4592 studet.

2444 4611 2697 4678 Calvim'
2756 4610 3261 4694 familiaritatem
3322 4631 3447 4676 non
3497 4612 3739 4690 abnuit,
3805 4612 3931 4677 imo
3998 4611 4401 4678 commendat.

2479 4834 2605 4892 257.
2651 4835 2704 4900 l)
2739 4832 2796 4886 11
2830 4832 2998 4901 s'aqit
3031 4848 3166 4887 sans
3200 4833 3365 4887 doute
3400 4833 3496 4886 des
3533 4833 3609 4887 N.
3647 4833 3751 4886 246
3789 4839 3840 4887 et
3874 4833 4008 4900 247,·
4044 4847 4142 4887 car
4175 4831 4323 4886 dam
4353 4831 4405 4888 lc

2442 4902 2517 4957 N.
2556 4901 2661 4955 252
2693 4901 2737 4955 a
2769 4903 2911 4956 n’est
2991 4918 3056 4956 as
3090 4903 3339 4970 question
3386 4901 3453 4955 de
3495 4902 3650 4956 Vim-ct
3745 4902 4060 4970 &pendant
4095 4902 4142 4954 le
4177 4899 4253 4954 N.
4291 4899 4398 4957 ²53

2441 4971 2603 5025 aussi
2629 4972 2872 5039 pouvait
2945 4971 3036 5038 dja
3070 4971 3180 5025 &tre
3214 4977 3366 5025 entre
3399 4972 3475 5025 les
3511 4971 3696 5024 mains
3731 4970 3808 5023 da
3843 4970 4057 5024 conseil.

2648 5043 2706 5102 2)
2747 5039 2876 5108 Ray.
2920 5040 2998 5094 du
3034 5041 3252 5095 Conseil
3286 5041 3386 5095 vol.
3425 5041 3512 5106 34,
3548 5040 3645 5106 fol.
3667 5040 3802 5093 532:
3842 5042 4029 5094 Lettre
4066 5037 4134 5091 dc
4169 5037 4401 5094 Caulvin

2443 5119 2501 5163 et
2537 5109 2634 5162 des
2669 5113 2955 5178 predicans
2995 5112 3379 5178 Desa-abourg.
3463 5110 3667 5179 Lequel
3716 5127 3809 5163 sur
3856 5112 3908 5161 la
3954 5108 4138 5177 priore
4176 5106 4268 5176 qui
4306 5110 4401 5180 luy

2444 5197 2476 5231 a
2511 5189 2627 5231 este
2663 5179 2820 5231 saicte
2857 5179 2926 5231 de
2963 5181 3118 5232 venir
3137 5180 3222 5250 icy
3245 5218 3398 5233 .....
3419 5180 3457 5233 il
3494 5191 3579 5232 est
3616 5196 3741 5248 pres
3786 5194 3947 5246 apres
3983 5177 4040 5229 la
4077 5176 4297 5230 iomnee
4331 5177 4404 5233 de

3220 5255 3279 5300 et
3314 5265 3419 5315 que
3455 5248 3758 5317 copondunt
3792 5247 3882 5298 lou
3921 5246 4186 5299 domando
4212 5246 4310 5299 Μθ·
4340 5245 4402 5301 Ρ.

2446 5317 2625 5370 Vin-et.
2697 5316 2948 5386 Surquoy
2984 5318 3162 5369 resolu
3200 5317 3268 5370 de
3305 5317 3505 5370 eserire
3542 5317 3694 5369 audit.
3731 5315 3892 5367 Viret
3929 5315 4044 5383 quil
4080 5317 4275 5385 viegne
4310 5316 4402 5388 icy

2445 5392 2502 5438 et
2539 5387 2653 5455 quil
2688 5386 2780 5455 luy
2818 5386 2926 5438 soit
2961 5403 3170 5456 envoye
3207 5387 3370 5441 doble
3407 5387 3502 5439 des
3541 5388 3747 5439 lettres.

3916 5468 3984 5521 8*
