5050 6167
630 397 756 461 219

632 579 865 649 deinde
920 599 1270 664 pergamus
1325 578 1510 643 nobis
1566 598 1703 643 non
1759 598 1901 643 esse
1965 575 2327 642 dissimiles.
2427 576 2492 641 Ν
2494 597 2581 641 on

632 668 821 735 decet
852 668 925 731 in
967 665 1091 730 hac
1134 684 1331 729 causa
1371 684 1521 728 eum
1564 663 1875 746 vulpibus
1915 663 2266 745 vulpinari,
2325 672 2392 727 et
2432 683 2583 727 cum

633 751 1053 820 astutissimis
1074 750 1274 815 huius
1295 749 1523 814 mundi
1560 750 1966 833 sapientibus
2011 749 2256 813 astutia
2299 758 2580 814 certare:

632 837 1016 908 certandum
1092 845 1193 901 est
1258 835 1441 899 nobis
1515 835 1652 900 sola
1724 836 2238 919 perseverantia,
2318 834 2583 917 pietate,

635 924 1069 1008 simplicitate,
1116 920 1282 985 adde
1319 929 1387 986 et
1430 922 1747 1004 patientia
1788 920 2030 986 crucis:
2078 920 2246 985 hane
2289 929 2581 985 mentem

634 1010 834 1076 donet
875 1010 1062 1074 nobis
1108 1007 1412 1072 Christus
1456 1007 1799 1072 Dominus.
1888 1005 2206 1083 Proinde,
2266 1028 2392 1088 quo
2437 1005 2582 1069 diu-

634 1098 766 1163 tius
810 1114 1158 1179 regnemus
1193 1093 1264 1157 in
1287 1092 1572 1171 Christe,
1615 1093 1963 1156 exhortare
1997 1090 2261 1157 obsecro
2297 1091 2584 1173 reliquos

634 1183 871 1248 fratres
923 1200 1149 1245 omnes
1206 1179 1469 1261 quantis
1526 1187 1710 1262 potes
1784 1178 2063 1255 viribus,
2131 1184 2208 1241 ιιι
2271 1177 2582 1260 quoniam

636 1268 941 1335 ecclesiae
985 1264 1323 1346 disciplina
1353 1266 1402 1346 ¹)
1446 1264 1736 1328 maxima
1790 1284 1873 1328 ex
1929 1272 2117 1345 parte
2165 1264 2453 1341 evanuit,
2517 1269 2587 1326 et

634 1355 804 1420 forte
864 1352 1005 1417 sine
1053 1351 1352 1434 graviore
1409 1349 1583 1413 malo
1649 1347 1906 1413 restitui
1972 1351 2041 1412 in
2104 1348 2402 1413 ordinem
2469 1349 2583 1412 vix

635 1445 866 1525 potest,
910 1446 986 1502 ut
1029 1437 1257 1502 saltem
1304 1443 1371 1499 et
1412 1436 1736 1519 principes
1785 1446 1852 1499 et
1892 1435 2319 1518 magistratus
2373 1436 2585 1498 nostri

637 1533 905 1592 strenue
963 1521 1494 1586 animadvertant
1537 1523 1601 1585 in
1642 1521 1801 1586 vitia
1850 1529 1917 1584 et
1960 1520 2267 1585 scandala
2300 1520 2582 1603 publica,

682 1632 767 1675 uo
834 1608 1062 1675 saltem
1142 1608 1263 1672 hac
1319 1608 1433 1672 via
1486 1617 1804 1691 purgetur
1860 1607 2159 1684 ecclesia,
2214 1627 2585 1687 nomenque

698 1697 889 1762 hristi
948 1694 1121 1777 apud
1177 1694 1456 1775 reliquos
1520 1693 1755 1757 melius
1808 1692 2063 1770 audiat,
2127 1691 2295 1774 quod
2367 1693 2584 1774 ipsum

638 1801 893 1866 quoque
936 1778 1133 1845 donet
1175 1778 1482 1843 Christus
1526 1800 1645 1844 suo
1690 1778 1940 1861 spiritu.
2046 1777 2189 1842 Ah!
2238 1800 2319 1842 ne
2363 1777 2584 1862 oppri-

637 1875 778 1934 mat
816 1886 939 1931 nos
981 1864 1383 1947 ingratitudo
1426 1873 1493 1929 et
1535 1865 1860 1929 iniustitia
1902 1865 2012 1946 qui
2059 1863 2138 1927 de
2181 1862 2473 1928 bonitate
2518 1871 2586 1927 et

636 1953 889 2019 iustitia
948 1952 1075 2016 Dei
1132 1958 1385 2014 tantum
1454 1950 1827 2034 gloriamur.
1940 1948 2206 2030 Quanta
2268 1949 2584 2014 bonorum

638 2038 1223 2106 ecclesiastieorum
1271 2035 1569 2101 habenda
1608 2037 1697 2100 sit
1738 2036 1920 2113 ratic,
1964 2057 2096 2100 non
2146 2055 2310 2120 opus
2346 2045 2448 2100 est
2483 2056 2585 2100 re-

569 2146 573 2151 ’
638 2125 873 2193 citare:
933 2131 1190 2187 tantum
1248 2121 1331 2187 da
1386 2143 1648 2203 operam
1706 2120 1877 2204 apud
1931 2120 2133 2185 bonos
2188 2142 2443 2193 omnes,
2513 2129 2588 2184 ut

639 2220 896 2277 nostros
942 2210 1024 2273 ad
1064 2219 1362 2273 sanetum
1404 2209 1666 2272 illorum
1710 2229 1904 2272 usum
1942 2208 2110 2272 serio
2133 2208 2584 2272 exhortentur.

636 2296 792 2362 Huc
850 2296 1025 2359 enim
1084 2304 1356 2357 ventum
1414 2294 1676 2358 videtur
1732 2292 1927 2379 (quod
1982 2304 2204 2358 tamen
2265 2315 2398 2358 non
2444 2294 2587 2357 sine

638 2382 887 2468 gemitu
933 2378 1240 2465 dixerim)
1299 2386 1375 2443 ιιι
1430 2401 1671 2462 magna
1721 2387 2096 2445 nostrorum
2153 2400 2303 2461 pars
2362 2379 2589 2445 credat

638 2488 780 2533 sese
823 2475 963 2531 tum
1011 2466 1273 2531 demum
1318 2486 1474 2530 vere
1521 2486 1798 2548 regnum
1846 2465 2234 2529 Antichristi
2280 2466 2586 2543 evasisse,

638 2555 695 2619 si
750 2574 897 2618 cum
949 2551 1138 2616 bonis
1195 2551 1501 2615 ecclesiae
1547 2550 1777 2616 ludant
1820 2572 1936 2633 pro
1995 2550 2212 2627 libito,
2282 2570 2403 2615 nec
2466 2550 2588 2615 ulli

638 2638 1019 2722 disciplinae
1078 2638 1348 2703 subsint.
1463 2636 1524 2702 O
1592 2638 1928 2721 egregium
1994 2635 2582 2702 christianismum!

634 2725 745 2790 Da
783 2746 938 2808 ergo
993 2744 1258 2806 operam
1314 2730 1390 2786 ιιι
1441 2743 1574 2787 ιιοιι
1629 2723 1839 2787 solum
1895 2744 2041 2787 cum
2088 2724 2362 2805 papistis
2405 2722 2588 2788 vobis

634 2812 975 2896 negotium
1024 2810 1128 2888 sit,
1174 2807 1286 2873 sed
1330 2809 1505 2873 inter
1545 2829 1661 2874 vos
1716 2829 1972 2891 quoque
2029 2818 2096 2872 et
2151 2830 2299 2875 eum
2346 2809 2586 2874 vestris

635 2902 916 2962 tractate
974 2916 1138 2978 quae
1194 2896 1265 2959 in
1324 2915 1465 2958 rem
1522 2894 1830 2960 ecclesiae
1874 2893 2251 2978 Christique
2308 2895 2583 2978 gloriam

633 2983 846 3048 faeere
888 2987 1178 3064 possunt,
1225 2999 1522 3063 quaeque
1564 2980 1824 3064 placare
1868 2988 2143 3062 possunt
2186 2981 2582 3044 Dominum:

634 3089 720 3133 ne
756 3068 999 3151 ingrati
1044 3067 1323 3149 pessime
1368 3086 1726 3148 pereamus.
1830 3065 2021 3130 Hane
2080 3065 2586 3131 sollicitudinem

634 3162 702 3219 et
745 3173 971 3219 euram
1016 3152 1334 3235 largiatur
1387 3152 1573 3216 nobis
1630 3151 1804 3216 filius
1858 3152 1986 3217 Dei
2027 3151 2215 3216 Iesus
2260 3151 2582 3218 Christus

634 3239 869 3304 Amen.
960 3236 1082 3301 Ille
1126 3246 1193 3302 te
1227 3257 1376 3301 eum
1413 3238 1601 3303 bonis
1636 3236 1939 3302 omnibus
1963 3236 2324 3303 diutissime
2347 3246 2582 3303 servet.

634 3322 771 3391 Sed
809 3345 891 3387 ne
926 3325 1219 3406 graveris
1256 3344 1401 3387 meo
1435 3324 1700 3387 nomine
1735 3322 2020 3388 salutare
2068 3344 2293 3389 omnes
2328 3325 2581 3403 fratreS,

637 3408 1027 3491 Philippum,
1066 3407 1399 3487 Bac-erum,
1447 3408 1794 3487 Freehtum,
1844 3408 2204 3475 Masculum
2217 3409 2275 3496 ¹²)
2319 3420 2388 3474 et
2430 3410 2584 3476 reli-

634 3516 829 3580 quos,
889 3503 957 3559 et
1015 3503 1231 3559 servet
1273 3514 1384 3559 eos
1441 3516 1666 3559 omnes
1713 3495 1981 3577 spiritus
2025 3495 2277 3560 Christi
2320 3497 2394 3560 in
2438 3496 2584 3560 uni·

633 3588 791 3656 tate,
828 3580 1337 3663 perseverantia,
1374 3580 1807 3662 simplicitate,
1832 3581 2110 3646 veritate
2133 3590 2198 3646 et
2221 3581 2581 3646 tolerantia.

635 3664 840 3733 Orate
887 3686 1043 3730 vcro
1089 3686 1317 3731 omnes
1359 3687 1476 3748 pro
1511 3666 1783 3733 ecclesia
1816 3687 1981 3748 quae
2017 3678 2113 3731 est
2139 3668 2583 3745 Constantiae‚

635 3762 711 3818 ut
765 3752 835 3817 in
893 3751 1020 3816 fide
1077 3758 1339 3817 crescat.
1445 3751 1755 3816 Salutant
1812 3760 2029 3817 autem
2075 3761 2139 3817 te
2194 3762 2260 3817 et
2300 3753 2586 3836 reliquos

634 3837 1016 3903 Ambrosius
1035 3840 1091 3919 ³)
1147 3852 1214 3901 et
1268 3838 1503 3920 reliqui
1545 3859 1769 3903 omnes
1806 3845 2227 3923 symmystae,
2276 3850 2584 3923 rogantes

635 3923 1000 3988 Dominum
1055 3932 1321 3988 strenue
1378 3932 1453 3988 ut
1506 3924 1577 3987 in
1640 3924 1756 3988 illo
1821 3925 2064 4006 optime
2126 3924 2451 3995 habeatis.
2519 3934 2587 3989 et

639 4009 967 4108 evangelii
1004 4010 1336 4092 negotium
1371 4009 1539 4075 bene
1574 4008 1895 4075 succedat.
1960 4013 2189 4075 Amen.
2263 4014 2371 4076 Ex
2410 4011 2584 4077 Con-

640 4102 902 4174 stantia,
951 4100 1045 4159 12.
1094 4096 1255 4159 Maii
1310 4100 1488 4159 1541.

1624 4234 1809 4297 Tuus
1853 4233 2139 4298 Ioannes
2185 4235 2407 4299 Zuick.

635 4373 1013 4383 ——--—

668 4451 800 4513 310.
844 4454 887 4513 1)
924 4468 1090 4521 quam
1124 4454 1245 4521 ipse
1277 4468 1401 4507 eum
1434 4454 1708 4508 Blaurero
1750 4454 2105 4511 Con-stantiae
2138 4458 2459 4513 severiorem
2493 4459 2580 4512 in-

698 4522 709 4533 ‘
914 4539 969 4575 m
1004 4528 1297 4576 curaverat
1334 4522 1481 4576 1531.
1556 4523 1817 4592 (Pr-esset,
1854 4526 2114 4580 Blaurer.
2154 4528 2273 4595 170,
2310 4527 2456 4594 547.)

840 4590 897 4655 2)
933 4608 969 4644 a
1016 4597 1211 4644 senatu
1254 4592 1584 4660 Auyustano
1634 4592 2007 4662 Ratisponam
2062 4595 2308 4649 missum.
2393 4596 2581 4665 (Corp.

636 4656 762 4725 Ber.
800 4658 909 4713 1V.
951 4659 1063 4713 267,
1137 4660 1321 4729 Grote,
1362 4662 1542 4715 Maec.
1574 4662 1771 4783 ῗν76)

730 4797 829 4851 45¹
843 4728 904 4864 ζ»)
936 4729 1264 4793 Blauto-erus,
1302 4750 1356 4784 a.
1380 4731 1560 4786 15400
1656 4732 1909 4788 mmber‘
1908 4733 2301 4804 giudimissus.
2342 4733 2586 4801 (Pr-esset

1507 5045 1747 5056 *⁹—
1790 5050 1811 5056 -..

2178 386 2705 455 EPIS'POLAE
2749 392 2788 454 3
2801 393 3003 455 10—3
3018 393 3089 455 12

4510 393 4640 457 220

3591 576 3733 649 311.

2740 714 3238 782 PRINCIPES
3283 715 3721 781 GERMANI
3763 714 3997 782 REGI
4039 715 4586 784 FRANOISCO.

2865 884 3268 952 Clementiam
3310 886 3446 952 eius
3486 891 3541 952 et
3584 887 3898 951 iustitiam
3940 888 4266 970 appellant
4305 908 4430 970 pro
4489 888 4640 953 Vaz-

2685 972 2980 1038 densibus
3021 979 3077 1037 et
3117 972 3607 1054 Delphinatilms
3648 972 3719 1037 ob
3746 973 4102 1056 reliyionem
4130 975 4357 1040 misere
4378 975 4635 1039 vexatis.

2688 1143 2786 1202 (Im
2829 1160 2980 1196 ressa
3015 1143 3220 1199 Genev.
3253 1162 3308 1214 p.
3346 1142 3464 1210 283,
3500 1144 3661 1197 Laus.
3706 1161 3760 1212 p.
3799 1134 3896 1212 66,
3941 1144 4153 1198 Hanov.
4201 1162 4254 1213 p.
4292 1141 4375 1209 74,
4413 1146 4638 1200 Chouet.

2688 1229 2740 1280 p.
2812 1211 2897 1280 89,
2944 1214 3119 1265 Amst.
3169 1230 3222 1283 p.
3277 1211 3392 1266 177.
3429 1242 3496 1251 -
3531 1212 3738 1266 Gallice
3785 1230 3945 1265 versa
3978 1213 4032 1265 in
4071 1213 4202 1266 edit.
4241 1213 4424 1266 Colon.
4463 1230 4516 1282 p.
4551 1214 4636 1268 36.

2689 1282 2888 1334 Exstat
2947 1298 3163 1351 quoque
3214 1282 3268 1335 in
3324 1282 3484 1351 Corp.
3539 1281 3658 1335 Ref.
3707 1281 3801 1334 IV.
3850 1299 3904 1350 p.
3954 1281 4058 1334 325
4109 1282 4165 1335 in
4205 1282 4638 1336 Melanchtbonis

2687 1350 2828 1419 Epp.
2866 1350 2949 1403 ed.
2988 1351 3160 1404 Lond.
3195 1352 3230 1403 l.
3267 1350 3360 1404 ΙΙΙ.
3398 1367 3482 1419 cp.
3517 1349 3568 1416 2,
3606 1348 3852 1481 1011ὸ61)88,
3889 1350 4097 1403 Gen-des
4132 1351 4259 1405 hist.
4276 1351 4371 1403 ref.
4391 1351 4491 1404 IV.
4511 1368 4636 1421 app.

2860 1605 3161 1673 Salutem
3230 1615 3295 1673 et
3346 1608 3725 1690 obsequium
3799 1614 4128 1685 nostrum,
4200 1605 4636 1674 Serenissime

2689 1702 2884 1776 atque
2934 1692 3494 1759 Christianissime
3545 1694 3713 1758 Rex.
3818 1691 4146 1770 Quoniam
4212 1714 4291 1758 ea
4357 1695 4634 1763 benevo-

2690 1780 2928 1844 lentiae
2999 1780 3190 1863 signa
3245 1780 3458 1864 Regia
3511 1777 3798 1863 dignitas
3841 1780 4085 1844 Vestra
4149 1780 4335 1844 nobis
4377 1800 4637 1863 semper

2691 1865 3019 1942 exhibuit,
3082 1887 3250 1946 quae
3315 1874 3703 1947 argumento
3781 1886 3922 1931 esse
3997 1865 4282 1948 possint,
4355 1866 4636 1949 Regiam

2691 1952 3104 2017 Maiestatem
3181 1952 3491 2015 Vestram
3567 1953 3813 2033 optimo
3889 1971 4031 2017 esse
4104 1960 4173 2015 et
4244 1951 4637 2017 amicissimo

2691 2058 2850 2120 erga
2908 2058 3027 2101 nos
3079 2038 3317 2113 animo,
3383 2036 3734 2119 aliquando
3799 2037 3999 2103 etiam
4077 2036 4330 2120 experti
4408 2058 4636 2103 sumus

2691 2122 2868 2205 apud
2937 2123 3219 2206 Regiam
3273 2122 3444 2187 Cels.
3513 2122 3824 2188 Vestram
3898 2129 4161 2188 nostras
4227 2143 4452 2205 preces
4502 2144 4637 2189 non

2692 2228 2927 2291 parum
2984 2208 3290 2273 habuisse
3344 2210 3688 2273 momenti:
3763 2210 3980 2291 itaque
4042 2228 4220 2273 nunc
4284 2211 4481 2274 etiam
4554 2207 4638 2274 de

2691 2293 3097 2377 quorundam
3155 2295 3560 2376 privatorum
3613 2294 4079 2371 incolumitate,
4124 2295 4232 2376 qui
4284 2296 4523 2378 partim
4563 2295 4638 2359 in

2693 2380 2891 2444 variis
2935 2380 3125 2464 regni
3169 2381 3395 2444 Vestri
3442 2379 3616 2459 locis,
3662 2380 4047 2464 praesertim
4073 2379 4524 2463 Gratianopoli
4569 2388 4639 2444 et

2691 2466 2835 2531 aliis
2859 2465 3250 2530 Provinciae
3286 2464 3573 2544 urbibus,
3619 2467 3791 2548 capti
3829 2474 4155 2542 tenentur,
4202 2467 4443 2548 partim
4485 2486 4636 2531 eum

2690 2554 2909 2634 parvis
2965 2551 3187 2616 liberis
3252 2552 3474 2616 miseri
3502 2555 3549 2624 ¹)
3604 2553 4013 2634 reliquerunt
4065 2572 4216 2616 suas
4271 2552 4515 2629 domos,
4571 2560 4640 2617 et

2689 2638 2758 2702 in
2818 2658 3134 2703 cavernas
3190 2638 3420 2721 fugere
3476 2640 3680 2704 coacti
3725 2645 3898 2714 sunt,
3954 2647 4301 2720 propterca
4342 2638 4512 2721 quod
4556 2638 4637 2702 de

2688 2723 2984 2789 doctrina
3025 2723 3383 2787 christiana
3423 2723 3599 2787 idem
3643 2725 3937 2789 sentiunt
3969 2722 4142 2805 quod
4178 2722 4484 2789 ecclesiae
4518 2745 4636 2788 no-

2690 2819 2866 2874 strae
2909 2810 3316 2892 profitentur,
3363 2808 3775 2874 scribendum
3823 2817 3888 2872 et
3933 2808 4104 2891 apud
4149 2809 4425 2893 Regiam
4466 2807 4634 2874 Cels.

2689 2896 2998 2960 Vestram
3060 2894 3594 2960 intercedendum
3658 2894 3983 2959 duximus.
4109 2895 4354 2977 Magno
4419 2894 4638 2960 dolore

2690 2982 3043 3057 afficimur,
3112 2981 3286 3064 quod
3362 3002 3564 3064 quum
3631 2981 3862 3064 negari
3927 3001 4062 3045 non
4126 2980 4332 3063 possit
4397 2980 4638 3046 multos

2688 3076 2942 3132 veteres
2999 3065 3239 3132 abusus
3299 3067 3568 3132 haerere
3619 3068 3691 3130 in
3747 3066 4066 3144 ecelesiis,
4121 3067 4217 3131 ita
4260 3075 4478 3131 tamen
4523 3088 4639 3132 ex-

2689 3153 2924 3218 arserit
2967 3153 3302 3218 iracundia
3344 3154 3606 3237 passim,
3653 3159 3727 3216 ut
3770 3160 3836 3217 et
3890 3152 4208 3217 salutares
4273 3154 4638 3217 sententiae

2688 3240 3072 3317 obruantur,
3117 3249 3184 3303 et
3224 3259 3360 3304 non
3405 3238 3616 3303 solum
3661 3238 3960 3302 homines
3983 3238 4242 3319 privati,
4288 3238 4402 3304 sed
4440 3238 4639 3302 etiam

2691 3334 2920 3407 gentes
2978 3333 3154 3389 totae
3226 3326 3492 3389 veniant
3554 3326 3622 3389 in
3689 3324 4070 3407 periculum.
4185 3322 4370 3404 Quae
4436 3345 4638 3405 quum

2690 3412 3019 3493 supplices
3081 3412 3249 3475 fiunt
3317 3411 3564 3495 Regiae
3648 3409 3819 3474 Cels.
3903 3408 4211 3486 Vestrae,
4304 3411 4638 3475 existimet

2688 3497 2902 3580 Regia
2967 3496 3136 3563 Cels.
3203 3496 3435 3562 Vestra
3498 3517 3629 3560 non
3697 3517 3813 3560 nos
3879 3504 4166 3573 tantum,
4233 3495 4347 3561 sed
4430 3496 4638 3578 ipsam

2689 3584 3025 3647 ecclesiam
3084 3583 3331 3647 Christi
3393 3583 3727 3664 lugentem
3783 3583 3989 3646 iacere
4055 3581 4134 3645 ad
4205 3581 4398 3661 pedes
4459 3601 4637 3647 sum-

2689 3690 2946 3734 morum
2993 3690 3220 3753 regum
3266 3676 3332 3732 et
3374 3690 3560 3749 opem
3605 3667 3956 3749 implorare
4000 3689 4074 3732 ac
4111 3684 4350 3750 petere,
4396 3687 4480 3731 ne
4523 3665 4639 3731 lux

2689 3755 3048 3820 exorientis
3112 3754 3437 3837 evangelii
3502 3753 3989 3836 exstinguatur,
4061 3763 4129 3816 et
4191 3760 4271 3816 ut
4331 3752 4638 3817 modestis

2692 3841 3065 3906 hominibus
3121 3861 3196 3905 ac
3259 3840 3509 3905 Christi
3571 3839 3884 3903 membris
3951 3850 4275 3921 parcatur.
4378 3836 4636 3904 Scimus

2691 3927 2811 3991 hos
2854 3928 2963 4009 qui
3010 3935 3272 4009 propter
3313 3926 3484 4007 piam
3531 3925 3890 3989 doctrinam
3937 3933 4094 3988 sunt
4125 3926 4194 3987 in
4230 3924 4396 3997 odie,
4440 3922 4639 3988 inter·

2691 4012 2844 4076 dum
2888 4012 3312 4096 praegravari
3357 4011 3503 4075 aliis
3547 4010 3948 4086 criminibus,
3995 4028 4072 4073 ac
4108 4009 4232 4073 dici
4276 4009 4633 4074 seditiosos.

2695 4098 2990 4162 Vidimus
3012 4109 3231 4163 autem
3251 4096 3725 4162 confessionem
3740 4094 3796 4177 ²)
3819 4115 4350 4159 aerumnosorum
4374 4093 4636 4159 illorum

2689 4185 2973 4248 oblatam
3029 4184 3269 4247 Curiae
3330 4180 4010 4263 Gratianopolitanae,
4071 4190 4137 4244 et
4179 4181 4634 4264 purgationem

2689 4271 3084 4335 obiectorum
3141 4269 3506 4334 criminum.
3608 4265 3829 4347 Quare
3884 4267 4094 4347 magis
4152 4265 4632 4348 deprecandum

2691 4376 2832 4420 esse
2886 4376 3003 4438 pro
3063 4357 3156 4420 eis
3212 4355 3536 4427 duximus,
3595 4352 3749 4434 quia
3792 4350 4128 4415 doctrinae
4169 4353 4484 4417 confessio
4528 4353 4635 4434 pia

2689 4452 2806 4513 est,
2855 4452 2921 4506 et
2963 4442 3138 4506 haud
3185 4440 3377 4507 dubie
3421 4457 3589 4521 pura
3643 4439 3968 4502 sententia
4020 4437 4374 4504 catholicae
4432 4436 4634 4503 eccle-

2689 4528 2823 4592 siae
2890 4528 3170 4604 Christi,
3249 4546 3447 4610 quam
3523 4532 3593 4586 et
3655 4544 3775 4587 nos
3841 4524 4236 4604 profitemur.
4346 4522 4635 4589 Oramus

2689 4615 2894 4696 igitur
2964 4614 3240 4697 Regiam
3316 4609 3487 4676 Cels.
3547 4608 3859 4687 Vestram,
3942 4618 4020 4672 ut
4089 4618 4230 4675 tum
4295 4617 4632 4693 captorum

2689 4700 2970 4775 illorum,
3017 4706 3154 4762 tum
3203 4699 3496 4769 aliorum,
3542 4695 3593 4756 si
3642 4695 3752 4775 qui
3799 4703 4067 4776 propter
4100 4694 4358 4759 easdem
4405 4714 4632 4760 causas

4547 4971 4555 4979 ο

2723 4970 2846 5031 311.
2887 4972 2943 5029 1)
2983 4989 3113 5023 avec
3165 4973 3307 5023 leurs
3360 4971 3673 5022 miset-ables
3728 4970 3932 5023 enfans.
3982 4998 4042 5007 —
4095 4970 4288 5037 ΑΜ
4337 4970 4405 5024 de
4459 4987 4633 5024 mna

2688 5039 2826 5163 ‘217‘
3056 5037 3340 5094 Cabribres
3372 5043 3425 5092 et
3459 5038 3755 5106 Mdv-indul,
3791 5038 3918 5093 m'de
3950 5038 4103 5093 Hist.
4139 5039 4247 5093 cccl
4282 5039 4442 5122 1}3‘'I.
4478 5039 4632 5095 Hm.

2757 5124 2785 5163 s
2820 5109 3075 5187 Martyrs
3113 5109 3224 5161 141.
3296 5108 3499 5162 Thuan
3531 5108 3567 5161 1.
3612 5108 3714 5161 VI.
3750 5124 3794 5161 e.
3839 5107 4114 5162 let-De
4146 5122 4431 5164 emmone
4463 5109 4633 5163 limus

2689 5194 2774 5246 ‘P'
2811 5194 2860 5230 θ’
2895 5248 2955 5303 2)
2993 5176 3346 5300 εοὲεΙιῙαηῗιΞῖ
3384 5246 3526 5314 Apr.
3574 5246 3727 5313 1541,
3763 5245 3914 5301 edeta

2691 5313 2841 5370 datis
2877 5314 3022 5369 Hist.
3075 5315 3192 5368 eccl.
3246 5320 3298 5369 et
3332 5314 3680 5385 Martyrum,
3728 5320 3782 5371 ot
3823 5332 3917 5384 ap.

4110 5246 4247 5302 loeis
4302 5245 4463 5303 mdo
4505 5246 4629 5302 lau—

4057 5316 4179 5384 des
4229 5315 4335 5370 IV.
4371 5332 4508 5385 app.
4546 5315 4632 5370 87.
