5050 6167
396 419 512 483 349

392 611 548 669 natu
568 652 585 681 ,
645 602 771 667 hoc
814 607 942 678 est,
988 621 1028 665 a
1069 601 1296 684 paucis
1338 598 1719 664 hominibus
1761 596 2043 663 restitui.
2133 594 2343 677 Quasi

391 710 541 757 vero
605 686 1015 752 tumultuosa
1086 685 1203 750 illa
1266 684 1676 767 perditorum
1739 683 2085 747 hominum
2148 681 2343 747 factio

389 773 665 859 populus
707 773 923 838 fuerit.
1011 773 1103 838 Et
1144 772 1202 837 si
1245 771 1387 848 fuit,
1433 770 1621 853 quasi
1662 791 1794 834 non
1834 768 1998 833 illud
2043 766 2343 850 plebisci-

390 867 529 925 tum
583 859 746 924 satis
801 878 1126 941 superque
1182 857 1301 922 tibi
1357 877 1500 922 esse
1553 854 1817 934 debeat,
1877 875 2005 936 quo
2064 852 2342 936 populus

389 947 526 1029 ipse
568 944 1066 1028 pronunciavit,
1123 951 1190 1007 te
1233 942 1477 1007 iniuria
1529 941 1799 1025 pulsum
1842 939 2078 1020 esse.⁵)
2167 938 2342 1003 Con-

389 1039 520 1098 stat
562 1053 673 1096 eos
709 1033 822 1114 qui
857 1039 922 1094 te
957 1029 1372 1114 expulerunt,
1418 1036 1532 1092 aut
1567 1028 1778 1109 eapite
1813 1046 2089 1108 poenam
2125 1022 2341 1100 luisse,

390 1125 503 1183 aut
562 1118 723 1184 urbe
780 1137 922 1181 esse
978 1115 1317 1198 profugos:
1343 1112 1401 1197 6)
1459 1113 1744 1195 reliquos
1811 1123 2029 1176 autem
2096 1108 2343 1192 pudore

388 1215 631 1282 tacere,
689 1211 803 1268 aut
840 1203 1032 1266 fateri
1076 1222 1274 1265 suum
1328 1199 1560 1265 scelus.
1650 1196 1958 1261 Nondum
1997 1193 2163 1258 illud
2209 1194 2342 1275 ple-

387 1289 694 1354 biscitum
739 1289 981 1351 factum
1039 1288 1286 1363 fuerat,
1352 1307 1478 1367 quo
1544 1284 1827 1367 populus
1896 1283 2342 1345 innocentiam

387 1383 685 1440 nostram
730 1395 867 1438 una
911 1393 1071 1438 voce
1106 1370 1570 1454 comprobavit,
1616 1390 1820 1451 quum
1859 1377 1933 1432 tu
1978 1367 2186 1432 nimia
2219 1367 2342 1429 im-

386 1461 788 1544 portunitate
830 1479 872 1522 a
912 1480 1019 1523 me
1063 1466 1448 1533 extorseras,
1505 1466 1582 1520 ut
1625 1463 1982 1519 venturum
2028 1473 2134 1516 me
2179 1451 2343 1516 reci-

385 1567 629 1630 perem.
718 1547 906 1610 'l'unc
949 1557 1190 1621 tamen,
1247 1554 1322 1607 ut
1364 1562 1598 1605 verum
1641 1541 1864 1618 fatear,
1908 1537 2226 1603 habebam
2272 1538 2341 1601 in

386 1633 609 1696 animo
665 1629 915 1713 aliquid
969 1631 1180 1713 primo
1224 1626 1518 1692 adventu
1561 1626 1641 1691 de
1695 1626 2072 1690 innocentia
2115 1632 2344 1688 nostra

384 1718 636 1794 testari,
682 1724 750 1780 et
791 1724 995 1780 totam
1040 1735 1304 1781 causam
1347 1722 1640 1778 nostram
1685 1733 2027 1794 exponere,
2076 1718 2150 1774 ut
2204 1730 2341 1772 om-

385 1805 491 1869 nis
533 1823 664 1867 non
709 1811 969 1866 tantum
1012 1799 1474 1874 maledicendi,
1534 1798 1650 1862 sed
1707 1799 1903 1862 etiam
1951 1794 2340 1860 mussitandi

384 1888 641 1955 occasio
687 1887 1002 1970 improbis
1042 1886 1399 1950 tolleretur.
1468 1884 1757 1948 Tametsi
1804 1905 1936 1946 non
1982 1902 2126 1946 sum
2172 1881 2342 1963 opti-

381 1997 537 2039 mus
583 1973 842 2039 dicendi
898 1973 1163 2040 artifex.
1221 1994 1348 2035 non
1409 1968 1681 2034 verebar
1736 1983 1961 2033 tamen
2004 1968 2161 2049 quin
2207 1980 2342 2030 tam

381 2060 564 2125 bona
604 2080 797 2124 causa
841 2058 1199 2140 plausibilis
1259 2058 1480 2120 futura
1523 2067 1725 2119 esset:
1786 2075 2019 2118 verum
2072 2051 2182 2117 ubi
2227 2071 2342 2134 po-

381 2147 585 2230 pulus
631 2166 774 2210 sese
819 2142 1227 2218 damnandO,
1289 2155 1356 2206 et
1410 2141 1671 2223 culpam
1726 2161 1914 2205 suam
1974 2135 2344 2202 confitendo

382 2233 776 2308 antevertit,
835 2230 1065 2312 putavi
1107 2229 1231 2293 hac
1288 2230 1673 2292 necessitate
1729 2247 1846 2290 nos
1892 2246 2031 2289 esse
2076 2244 2344 2306 prorsus

381 2317 716 2382 liberatos.
805 2315 950 2379 Imo
994 2325 1251 2397 praeter
1306 2313 1373 2377 id
1418 2312 1589 2394 quod
1635 2313 1896 2375 futurus
1939 2321 2082 2373 erat
2116 2330 2343 2391 super-

381 2425 636 2470 vacuus
681 2400 894 2478 labor,
954 2400 1251 2466 videbam
1312 2398 1556 2462 tentari
1613 2398 1735 2461 hoc
1794 2417 1926 2461 nou
1971 2416 2161 2478 posse
2204 2395 2346 2459 sine

381 2490 601 2573 specie
659 2487 881 2570 aliqua
939 2486 1462 2550 inhumanitatis.
1554 2482 1729 2563 Quid
1777 2483 1954 2547 enim
2000 2481 2120 2544 hoc
2167 2480 2343 2544 aliud

380 2575 637 2650 fuisset,
686 2593 882 2655 quam
926 2571 1275 2654 prostratis
1319 2569 1617 2634 hostibus
1661 2566 2027 2632 insultare?
2118 2565 2345 2646 Quum

380 2670 609 2725 autem
656 2659 783 2723 huc
830 2659 1186 2735 venissem,
1247 2655 1456 2722 obiter
1511 2654 1771 2736 quidem
1810 2652 2174 2735 perstrinxi
2217 2672 2347 2733 qua

379 2746 513 2812 fide
552 2755 622 2810 et
657 2745 1037 2828 integritate
1073 2744 1142 2806 in
1178 2743 1302 2808 hac
1340 2741 1610 2806 ecclesia
1645 2739 1890 2804 versati
1936 2738 2131 2803 simul
2171 2757 2347 2803 csse-

379 2852 556 2896 mus.
648 2830 755 2894 De
800 2828 1196 2894 adversariis
1242 2826 1520 2892 verbum
1563 2847 1771 2890 unum
1818 2825 2031 2888 facere
2075 2823 2344 2908 puduit:

381 2939 467 2982 ne
515 2936 750 2981 eorum
794 2936 1076 2991 causam,
1122 2913 1232 2995 qui
1275 2936 1314 2979 a
1358 2912 1501 2976 Deo
1546 2921 1614 2977 et
1658 2911 2049 2987 hominibus,
2096 2930 2344 2991 suoque

379 3004 684 3086 ipsorum
725 3000 961 3066 iudicio
1007 3000 1300 3064 damnati
1340 3005 1592 3075 essent,
1652 2997 1915 3062 viderer
1957 2996 2024 3059 in
2072 2994 2343 3060 dubium

381 3109 642 3154 vocare.
712 3084 850 3152 Sed
890 3087 1054 3150 11000
1099 3106 1218 3169 ego
1261 3104 1479 3148 0010111
1523 3092 1739 3148 tecum
1776 3082 1949 3146 malo
1986 3080 2342 3163 disputare.

379 3174 585 3240 Nunc
629 3171 713 3238 ad
755 3171 826 3236 id
871 3171 1043 3254 quod
1086 3171 1321 3236 instat:
1380 3191 1511 3233 non
1557 3169 1684 3232 rite
1729 3177 1793 3233 te
1840 3168 2060 3232 vocari
2105 3166 2264 3231 dieis
2308 3186 2347 3229 a

381 3267 645 3339 senatu,
707 3280 912 3342 quum
958 3258 1203 3321 eiectus
1246 3257 1335 3319 sis
1380 3277 1420 3319 a
1462 3254 1717 3337 populo,
1807 3253 2010 3335 Atqui
2054 3254 2346 3316 nondum

381 3366 608 3411 annus
667 3353 798 3421 est,
867 3365 1069 3426 quum
1126 3343 1356 3426 primis
1419 3351 1688 3405 senatus
1739 3339 1949 3404 literis
2001 3347 2346 3403 contentus

380 3454 572 3510 eras,
634 3439 702 3496 et
758 3431 886 3494 iam
942 3427 1415 3510 quodammodo
1469 3447 1615 3490 eras
1679 3424 1762 3490 ad
1814 3426 1941 3489 iter
1996 3423 2342 3490 accinctus.

380 3518 588 3587 Unde
632 3538 808 3582 nunc
851 3516 978 3579 ista
1012 3534 1182 3578 nova
1215 3510 1488 3595 religio?
1558 3511 1735 3592 Quid
1781 3510 1955 3592 quod
1999 3509 2207 3573 latum
2247 3519 2348 3573 est

382 3605 471 3671 ad
518 3603 838 3688 populum
885 3600 965 3664 de
1005 3607 1070 3664 te
1107 3599 1517 3675 nominatim,
1565 3617 1768 3680 quum
1812 3596 2091 3679 populus
2136 3594 2346 3672 scivit,

381 3692 456 3757 in
503 3690 737 3755 urbem
784 3684 1188 3751 reducendos
1231 3706 1372 3749 esse
1408 3704 1519 3748 eos
1555 3703 1718 3766 quos
1762 3679 2146 3764 expulerat?
2213 3680 2348 3745 Ne-

382 3798 519 3861 que
567 3776 746 3841 enim
781 3780 898 3838 aut
939 3770 1020 3836 de
1062 3791 1170 3835 me
1213 3778 1329 3835 aut
1371 3769 1678 3852 quopiam
1721 3767 1847 3832 alio
1890 3768 2060 3831 facta
2102 3765 2349 3831 mentio

382 3872 525 3940 est,
575 3860 690 3926 sed
733 3861 804 3923 in
846 3858 1009 3922 haec
1053 3855 1282 3921 verba:
1328 3856 1565 3920 Nonne
1607 3854 1715 3920 1110
1761 3852 2203 3934 pronunciatis
2247 3853 2348 3915 in-

380 3948 635 4014 iuriam
695 3965 837 4011 esse
890 3944 1130 4008 factam
1185 3941 1449 4006 Farello
1507 3947 1574 4003 et
1632 3939 1823 4004 sociis
1883 3936 2066 4002 cius?
2169 3936 2348 4017 Quid

380 4034 571 4100 ultra
615 4031 891 4115 requiris
939 4050 978 4093 a
1019 4026 1278 4112 popu10,
1324 4023 1519 4107 (1110111
1564 4034 1639 4089 ut
1682 4033 1862 4088 tuam
1907 4024 2349 4088 innocentiam

381 4115 816 4205 approbando
859 4137 1046 4180 reum
1101 4134 1171 4177 se
1214 4112 1453 4177 faciat?
1546 4109 1865 4175 Additum
1921 4119 2049 4174 est:
2120 4108 2349 4172 Vultis

381 4216 467 4273 ut
531 4203 834 4270 Farellus
888 4223 1035 4266 cum
1103 4198 1294 4265 sociis
1353 4197 1520 4272 suis,
1588 4205 1704 4261 etc.
1815 4193 2022 4258 Dabis
2089 4194 2352 4259 veniam

383 4293 582 4370 mihi,
627 4290 868 4372 optime
912 4287 1132 4362 frater,
1179 4284 1233 4348 si
1272 4280 1426 4366 quid
1463 4281 1690 4347 durius
1726 4281 1985 4345 dixero:
2032 4278 2146 4344 sed
2191 4280 2352 4343 11000

387 4376 761 4445 difficultas
797 4394 836 4437 a
868 4372 1251 4436 morositate
1287 4368 1522 4451 potius,
1569 4388 1762 4450 quam
1801 4388 1842 4430 a
1876 4373 2055 4430 recto
2089 4363 2349 4441 iudici0‚

384 4464 716 4550 proficisci
765 4457 1044 4525 videtur.
1149 4455 1321 4520 Mihi
1384 4475 1539 4518 sane
1594 4462 1937 4536 perspecta
1993 4458 2096 4514 est
2148 4451 2353 4513 animi

383 4552 494 4616 tui
536 4546 914 4614 sinceritas:
980 4563 1189 4623 neque
1250 4539 1415 4604 mihi
1458 4546 1559 4602 tot
1601 4538 1906 4620 exempla
1949 4535 2353 4613 exciderunt,

435 4633 636 4701 uibus
693 4632 850 4694 satis
909 4627 1287 4705 declarasti,
1348 4645 1540 4707 quam
1596 4645 1831 4706 parum
1897 4629 1964 4686 te
2020 4620 2351 4703 respicias.

447 4721 533 4786 ed
578 4718 729 4786 vide
774 4737 859 4781 ne
902 4713 1060 4797 quid
1116 4712 1247 4777 tale
1292 4711 1612 4794 suspicari
1665 4715 1909 4791 queant
1955 4707 2065 4789 qui
2111 4715 2177 4770 te
2221 4728 2356 4770 non

384 4807 668 4893 penitus
714 4813 985 4867 norunt:
1041 4800 1176 4863 imo
1219 4798 1267 4862 ii
1310 4797 1422 4880 qui
1468 4817 1602 4861 non
1646 4794 2177 4877 suspicabuntur,
2239 4813 2355 4856 an-

387 4914 543 4961 sam
599 4900 824 4956 tamen
870 4885 1191 4967 arripiant
1247 4880 1675 4948 obtrectandi.
1776 4882 1871 4945 At
1925 4878 2197 4945 ecclesia
2239 4899 2357 4960 pro

391 5049 740 5060 .-—-—-—⁴-⁴*

609 5130 669 5197 5)
706 5126 1000 5181 Plebiscito
1037 5121 1302 5177 catenata
1338 5121 1519 5174 Maiis
1551 5121 1718 5187 tacto.

608 5200 670 5265 6)
703 5197 790 5251 Ιο.
818 5195 1082 5262 Ρὴᾱιρρε
1118 5192 1322 5259 capitis
1340 5190 1656 5257 dannmtus,
1696 5188 1777 5243 Gl.
1796 5186 2102 5241 Richardet
2123 5185 2189 5239 ia
2220 5185 2360 5252 fuya
2409 5205 2414 5228 ι

392 5285 542 5324 casu
580 5267 790 5336 periit,
839 5265 925 5319 Io.
964 5262 1164 5317 Lullia
1207 5266 1258 5314 et
1304 5260 1429 5313 Am.
1478 5258 1911 5329 chapeaurouqe
1956 5255 2169 5311 castales
2214 5270 2357 5309 mor-
2409 5245 2415 5358 Ι

2087 411 2111 470 1
2126 412 2245 472 541
2294 405 2704 474 NOVEMB.

4278 412 4403 474 350

2446 593 2641 660 modo
2676 594 3057 660 offensionis
3092 615 3507 677 nequaquam
3552 596 3885 661 satisfecit.
3955 595 4123 676 Quis
4157 597 4401 682 negat?

2447 701 2682 745 verum
2727 681 2785 744 si
2821 680 3129 763 inspicias
3164 701 3363 763 quam
3404 701 3513 745 res
3548 681 3763 746 adhuc
3799 682 3932 746 sint
3966 681 4076 748 hic
4121 692 4402 763 tenerae,

2447 787 2533 829 ne
2578 764 2737 848 quid
2782 766 3075 848 asperius
3118 765 3361 844 dicam,
3421 767 3560 850 ipse
3605 767 3907 832 consulas
3943 790 4072 832 nou
4121 789 4263 833 esse
4302 769 4403 832 ul-

2449 855 2657 917 terius
2691 851 3242 935 progrediendum
3289 852 3356 915 in
3394 852 3518 917 hoc
3564 855 3840 936 negotiO.
3910 855 4004 917 Te
4049 855 4251 937 igitur
4286 875 4405 937 per

2449 937 2795 1002 Christum
2839 939 3144 1016 obtestor,
3188 936 3281 1001 mi
3330 937 3596 1014 Famae,
3637 949 3713 1002 ut
3754 961 3887 1002 non
3930 939 4253 1021 quoslibet
4288 962 4403 1005 au-

2449 1021 2591 1087 dias
2636 1023 3071 1088 consultores:
3119 1021 3232 1089 sed
3268 1044 3490 1087 eorum
3529 1024 3899 1105 acquiescas
3935 1024 4241 1102 consiliis,
4288 1027 4405 1108 qui

2446 1129 2568 1174 nee
2605 1108 2953 1191 prudentia
2995 1119 3237 1186 carent,
3284 1119 3351 1172 et
3384 1131 3517 1173 non
3552 1110 3772 1173 minus
3811 1108 3889 1174 de
3925 1113 4023 1175 tui
4055 1112 4405 1176 ministerii

2446 1193 2696 1258 honore
2755 1203 2915 1259 sunt
2970 1195 3224 1259 solliciti
3283 1215 3478 1276 quam
3536 1207 3608 1258 tu
3667 1197 3822 1276 ipse.
3929 1196 4122 1276 Quod
4181 1198 4238 1261 si
4280 1217 4404 1264 1100

2450 1279 2617 1342 nihil
2662 1300 2922 1361 sapere,
2981 1279 3148 1343 nihil
3194 1278 3445 1358 videre,
3506 1280 3669 1344 nihil
3718 1280 3999 1345 iudicare
4044 1283 4402 1363 existimas,

2448 1378 2673 1446 patere
2740 1376 2962 1429 tamen
3016 1366 3098 1429 ab
3165 1366 3390 1430 amicis
3455 1379 3518 1430 te
3573 1369 3771 1430 semel
3832 1369 4186 1442 exorari.⁷)

2620 1449 2726 1514 De
2747 1451 2970 1516 schola
3008 1451 3258 1515 Viretus
3285 1450 3573 1516 corderio
3596 1451 3960 1534 respondet.
3998 1452 4204 1517 Nobis
4227 1459 4403 1520 certe

2491 1534 2665 1600 lacet
2696 1538 2937 1601 mirum
2973 1537 3043 1600 in
3075 1537 3343 1601 modum
3386 1536 3532 1600 idea
3568 1537 3681 1601 illa
3715 1559 3911 1619 quam
3946 1538 4313 1604 delineavit.
4340 1540 4399 1620 8)

2503 1619 2586 1684 ed
2630 1622 2886 1685 utinam
2932 1622 3251 1687 decimam
3310 1633 3561 1705 partem
3606 1644 3833 1687 eorum
3878 1645 4041 1706 quae
4084 1625 4402 1707 praescri·

2448 1707 2548 1772 bit
2582 1707 2841 1791 assequi
2878 1729 3230 1791 possemus.
3299 1707 3539 1772 Valeat
3566 1708 3771 1792 igitur
3809 1708 3915 1775 hic
3951 1709 4398 1792 proverbium:

2447 1791 2730 1872 Quando
2775 1815 2906 1856 non
2952 1795 3027 1857 fit
3070 1794 3241 1875 quod
3282 1794 3602 1870 volumus,
3650 1794 3934 1859 velimus
3969 1795 4139 1877 quod
4174 1815 4402 1878 possu-

2448 1899 2615 1943 mus.
2706 1879 2843 1943 Fac
2880 1887 2955 1942 ut
2999 1877 3079 1942 de
3123 1886 3399 1961 utraque
3459 1902 3529 1943 re
3588 1880 3775 1944 brevi
3819 1901 3904 1944 ex
3947 1881 4149 1944 animi
4194 1882 4402 1945 nostri

2447 1966 2774 2028 sententia
2818 1962 3067 2047 aliquid
3125 1963 3483 2029 audiamus.
3575 1963 3863 2029 Senatus
3905 1967 4037 2029 iam
4080 1967 4402 2032 missurus

2448 2059 2619 2126 erat,
2678 2049 2810 2114 nisi
2854 2050 2961 2113 hie
3000 2049 3327 2116 adfuisset.
3416 2049 3863 2116 Effeceramus
3907 2061 4129 2115 tamen
4169 2073 4290 2136 ego
4335 2058 4405 2117 et

2464 2134 2715 2199 Viro-tus
2758 2156 2842 2199 ne
2886 2134 3183 2217 publicus
3225 2137 3506 2201 nuncius
3548 2137 3951 2214 mitteretur,
4012 2135 4216 2201 donec
4261 2158 4402 2203 cer-

2450 2229 2585 2284 tam
2643 2241 2825 2302 spem
2882 2222 3190 2287 fecissent
3243 2220 3429 2286 nobis
3487 2230 3744 2286 vestrae
3796 2222 4047 2286 literae.
4150 2222 4404 2288 Vereor

2449 2326 2537 2369 ne
2594 2305 2856 2371 difficile
2911 2307 2997 2371 sit
3037 2307 3430 2389 persuadere
3479 2306 3767 2372 Corderio
3819 2319 3894 2372 ut
3949 2308 4120 2372 hanc
4179 2308 4403 2371 eondi-

2451 2392 2697 2456 tionem
2740 2392 3065 2476 suscipiat.
3157 2393 3376 2457 Tuum
3421 2393 3548 2457 erit
3592 2401 3815 2457 tamen
3869 2414 4004 2457 non
4048 2392 4401 2475 quiescere,

2452 2477 2656 2542 donec
2703 2477 3031 2542 hominem
3071 2499 3146 2542 eo
3188 2478 3591 2560 perduxeris.
3659 2476 3832 2542 Vide
3876 2479 4085 2562 igitur
4126 2499 4213 2542 ne
4248 2477 4405 2561 quid

2450 2564 2745 2640 omittas,
2805 2564 2934 2627 nisi
2979 2584 3018 2626 a
3060 2585 3165 2629 me
3209 2564 3438 2628 audire
3492 2565 3655 2629 velis
3696 2586 3807 2630 eas
3851 2564 4405 2647 expostulationes

2451 2648 2688 2733 quibus
2733 2661 2802 2713 tu
2852 2649 3093 2732 dignus
3137 2671 3224 2714 es.

2621 2735 2860 2798 Nescio
2903 2734 3060 2816 quid
3102 2734 3227 2801 hoc
3261 2736 3357 2799 rei
3395 2736 3480 2799 sit
3521 2732 3693 2817 quod
3735 2733 3843 2799 1110
3885 2736 4168 2800 nuncius
4212 2756 4253 2799 a
4286 2755 4403 2799 vo-

2449 2821 2550 2884 bis
2591 2831 2693 2885 est
2736 2819 3048 2885 dimissus
3092 2821 3235 2885 sine
3275 2821 3431 2885 ullis
3473 2820 3696 2886 literis.
3769 2820 3997 2902 Neque
4040 2822 4220 2885 enim
4265 2840 4405 2885 cre-

2450 2905 2650 2970 dibile
2695 2915 2811 2984 est,
2859 2906 3199 2971 Enardum
3242 2906 3405 2970 nihil
3446 2905 3611 2970 mihi
3646 2927 3729 2970 ex
3752 2904 4113 2970 Germania
4132 2911 4185 2984 9)
4230 2913 4405 2970 οιι11-

2451 2992 2623 3057 11000.
2715 2990 3111 3074 Quanquam
3169 2992 3289 3058 hoc
3346 2994 3403 3057 ei
3460 3013 3703 3058 novum
3747 3011 3882 3055 non
3928 3000 4058 3070 est,
4121 2991 4235 3056 diu
4278 2992 4405 3057 cir-

2451 3078 2773 3143 cumferre
2830 3077 3056 3142 literas
3115 3087 3465 3160 antequam
3520 3077 3768 3143 reddat.
3867 3077 4196 3143 Fortassis
4250 3098 4405 3142 con-

2452 3164 2624 3228 sulto
2691 3162 2876 3242 fecit,
2945 3164 3100 3244 quia
3166 3163 3412 3228 sciebat
3464 3163 3627 3227 nihil
3694 3163 3827 3227 illic
3894 3163 4212 3228 contineri
4274 3163 4405 3228 nisi

2451 3249 2677 3331 magni
2720 3249 3034 3314 moeroris
3091 3251 3454 3313 materiam.
3544 3248 3680 3314 Sed
3722 3248 3794 3312 in
3840 3269 3917 3313 eo
3961 3268 4195 3330 parum
4237 3248 4406 3314 bene

2449 3335 2615 3398 mihi
2661 3336 2852 3412 cavit,
2896 3334 3066 3417 quod
3109 3335 3538 3400 nihilominus
3581 3355 3726 3398 sum
3761 3335 3894 3399 iam
3939 3334 4010 3400 in
4047 3334 4246 3413 luctu,
4291 3334 4405 3416 qui

2452 3430 2608 3486 tune
2652 3421 3066 3485 recrudeseet
3108 3443 3311 3504 quum
3354 3420 3583 3486 literae
3625 3421 3941 3485 venerint.

2631 3505 3042 3582 Gamla-erim,
3098 3508 3359 3590 opinor,
3419 3506 3539 3570 tibi
3583 3505 3663 3569 de
3709 3506 4002 3588 Alberyio
4028 3507 4113 3583 ¹⁰)
4159 3502 4407 3588 aliquid

2452 3591 2788 3657 indicavit.
2878 3593 2987 3656 Ex
3029 3613 3158 3674 quo
3206 3594 3331 3657 fuit
3374 3593 3442 3658 in
3485 3607 3814 3658 carcerem
3858 3590 4211 3669 coniectus,
4254 3589 4407 3673 plus

2453 3677 2696 3745 veneni
2748 3698 2947 3760 quam
3005 3686 3200 3743 antea
3269 3679 3580 3742 evomuit.
3685 3676 3978 3741 Tandem
4041 3677 4258 3741 iussus
4310 3684 4411 3740 est

2454 3765 2747 3829 confiteri
2768 3815 2781 3841 ,
2840 3785 2910 3828 se
2963 3764 3129 3827 mihi
3174 3765 3404 3829 fecisse
3461 3763 3775 3827 iniuriam
3820 3784 3894 3826 ac
3936 3763 4201 3826 veniam
4261 3781 4409 3843 pre-

2454 3851 2608 3915 cari.
2700 3848 2889 3930 Quae
2933 3859 3048 3925 est,
3096 3858 3172 3913 ut
3213 3852 3372 3926 scis,
3418 3849 3819 3932 ignominiae
3864 3847 4126 3930 species.
4216 3845 4412 3912 Miris

2455 3935 3104 4020 tergiversationibus
3148 3943 3419 4000 conatus
3474 3942 3576 3998 est
3633 3934 3938 4016 effugere.
4027 3933 4274 3997 Parere
4317 3939 4413 3997 ta-

2453 4042 2610 4087 men
2657 4021 3019 4086 sententiae
3065 4020 3330 4085 tandem
3375 4020 3679 4103 oportuit.
3747 4017 4039 4083 Vocatus
4077 4027 4305 4101 postea
4337 4018 4413 4081 in

2455 4113 2775 4184 senatum,
2822 4108 3040 4171 iussus
3084 4113 3184 4170 0οι
3225 4106 3390 4171 111110
3433 4104 3765 4171 excedere.
3855 4104 3956 4168 Ne
3999 4111 4223 4168 tamen
4269 4103 4412 4168 sine

2455 4192 2699 4256 talione
2721 4192 2878 4257 hinc
2902 4191 3210 4270 discedat,
3256 4192 3579 4257 actionem
3614 4190 3776 4254 mihi
3800 4190 4191 4253 iniuriarum
4234 4208 4414 4253 nunc

2459 4279 2763 4355 intentat,
2800 4287 3147 4359 propterea
3180 4275 3353 4360 quod
3386 4287 3659 4342 vocatus
3695 4276 3894 4340 fuerit
3915 4297 3955 4339 a
3988 4295 4096 4338 me
4132 4293 4412 4358 magnus

2457 4363 2716 4428 nebule.
2807 4361 3037 4427 Obtuli
3082 4384 3187 4428 me
3230 4359 3313 4426 ad
3366 4361 3837 4445 probationem.
3923 4361 4006 4424 In
4053 4359 4176 4426 hac
4220 4380 4415 4425 causa

2460 4458 2525 4513 te
2585 4471 2660 4514 ac
2716 4449 2953 4513 fratres
3018 4455 3166 4513 tuos
3224 4457 3424 4513 testes
3489 4448 3692 4512 citare
3749 4447 4024 4511 institui.
4127 4446 4220 4510 Et
4280 4445 4415 4509 iam

2460 4533 2625 4598 mihi
2648 4534 3096 4617 gratissimum
3126 4534 3414 4599 officium
3448 4534 3591 4611 erit,
3628 4534 3684 4598 si
3719 4533 4187 4611 testimonium,
4225 4531 4415 4615 quale

2458 4621 2764 4704 potestis,
2820 4619 2984 4683 mihi
3043 4619 3480 4703 subscriptum
3534 4619 3860 4684 miseritis.
3947 4618 4119 4685 Vale
4172 4617 4417 4700 optime

2669 4909 2727 4974 7)
2768 4908 2928 5031 guae
2964 4909 3366 4989 aequanimam
3398 4907 3519 4962 edd.
3555 4924 3671 4962 non
3704 4907 3980 4976 lefflmtwr.

2667 4978 2724 5047 8)
2817 4979 3004 5032 zdetwr
3052 4977 3350 5032 Cordemus
3400 4978 3465 5031 de
3511 4978 3889 5032 restam-anda
3936 4976 4121 5032 schola
4166 4992 4417 5032 nov-’nam

2462 5048 2706 5126 aliquan}
2738 5048 3107 5115 proposuisse,
3158 5063 3270 5114 qua
3302 5065 3341 5100 a
3374 5052 3573 5100 sem
3605 5053 3831 5115 accepta
3860 5048 3982 5113 ipse
4018 5060 4075 5098 se
4107 5047 4416 5101 reditum

2460 5121 2824 5247 1000110τόξά
2858 5184 3246 5265 Arqmqrato,
3299 5183 3559 5264 fortaasfa
3576 5189 3643 5264 ,et
3684 5182 4007 5262 Constoentzja
4041 5183 4125 5236 vel
4161 5184 4407 5239 Basaea.

2500 5255 2728 5377 54210)
2766 5253 2854 5307 De
2898 5254 2999 5308 hoc
3044 5252 3167 5308 vnde
3204 5253 3320 5322 Ep.
3364 5253 3585 5307 Calvmz
3630 5252 3707 5306 ad
3741 5252 4066 5322 Mycomum
4118 5251 4198 5305 14.
4238 5253 4414 5310 Mau-t.
