5050 6167
570 409 699 474 827

570 595 836 680 aliquot,
876 613 1002 661 nec
1043 593 1309 678 quasvis
1352 592 1649 677 publicas
1690 614 2023 677 personas,
2075 592 2192 659 sed
2230 614 2526 660 summos

571 681 1004 767 magistratus
1039 688 1299 765 gerunt,
1338 700 1616 765 quorum
1651 680 1837 745 nulla
1872 701 2083 764 neque
2116 677 2293 745 diota
2313 702 2525 764 neque

560 769 749 835 faeta
790 767 858 832 in
899 767 1173 833 obscuro
1218 786 1361 832 esse
1403 775 1698 850 possunt.
1789 765 1922 846 Qui
1969 766 2084 830 tali
2129 765 2524 833 discessione

572 854 819 919 multos
853 860 1030 919 certe
1069 853 1593 930 commovebunt,
1632 852 2117 918 conturbabunt
2150 871 2226 918 00
2262 860 2523 935 torque·

572 941 755 1009 bunt.
845 939 993 1004 Rex
1039 938 1201 1021 ipse,
1252 958 1556 1021 proceres
1599 937 1699 1003 illi
1741 938 1843 1004 sui
1886 950 2259 1017 assertores,
2319 939 2525 1003 nostri

573 1025 928 1093 necessarii
963 1022 1203 1088 summi
1237 1024 1387 1103 viri,
1443 1023 1612 1089 hano
1652 1045 1789 1089 rem
1825 1025 2118 1108 graviter
2152 1024 2524 1103 decernent,

574 1111 855 1195 denique
898 1111 1039 1193 ipse
1082 1110 1281 1175 etiam
1323 1110 1732 1176 miserrimus
1766 1109 2083 1194 popellus,
2134 1131 2261 1192 quo
2298 1131 2418 1175 nos
2454 1111 2526 1174 in

572 1217 689 1264 ore
745 1194 1036 1280 quotidie
1092 1216 1453 1274 versamur,
1511 1195 1783 1280 indigne
1839 1198 2085 1262 factum
2145 1195 2523 1275 clamitabit,

569 1289 942 1369 perstrepet
983 1302 1060 1349 ae
1103 1279 1474 1346 obturbabit
1516 1289 1585 1347 et
1637 1279 1903 1348 tandem
1959 1282 2220 1346 turbam
2272 1289 2525 1346 tantam

570 1379 841 1455 propter
887 1389 1009 1433 nos
1051 1367 1289 1433 misere
1333 1368 1474 1432 fieri
1516 1365 1721 1451 pudet
1763 1367 2174 1451 miseretque.
2264 1365 2525 1434 Deinde

571 1458 631 1524 si
674 1455 820 1538 quis
863 1453 1119 1532 horum,
1175 1459 1253 1518 ut
1305 1461 1408 1519 est
1449 1452 1701 1537 aliquis,
1763 1465 2020 1537 patrem
2076 1461 2193 1518 aut
2243 1463 2524 1519 matrem

573 1540 791 1609 adhue
825 1539 1129 1618 sustinet,
1174 1538 1274 1603 1111
1310 1538 1434 1605 1100
1469 1540 1804 1623 inopinata
1838 1538 2229 1606 discessione
2264 1540 2523 1605 attoniti

569 1627 759 1693 luctu
802 1645 1222 1708 moeroreque
1264 1626 1741 1704 contabescent,
1786 1626 2050 1710 cognati
2091 1626 2284 1692 amici
2323 1626 2525 1692 vieini

571 1712 815 1797 aliique
877 1711 1229 1777 necessarii
1294 1711 1602 1793 permulti
1668 1711 1793 1778 1100
1846 1712 2149 1796 incoepto
2213 1715 2523 1798 (quorum

570 1799 826 1882 aliquot
866 1797 1366 1863 conversatione
1411 1803 1635 1863 nostra
1675 1798 1856 1863 viam
1901 1798 2227 1883 evangelii
2264 1798 2524 1881 ingredi

569 1882 1003 1967 incipiebant)
1056 1882 1519 1966 obstupescent
1559 1904 1636 1949 ae
1677 1882 1911 1967 pedem
1953 1882 2125 1949 forte
2160 1884 2522 1964 retrahent,

568 1989 820 2053 nosque
861 1976 1119 2034 tantum
1158 1989 1277 2053 pro
1312 1977 1648 2035 contracta
1690 1969 2003 2035 diuturna
2044 1970 2333 2036 amicitia
2375 1991 2522 2054 per-

619 2064 770 2123 0000
834 2054 1185 2139 lugebunt,
1253 2052 1531 2138 denique
1594 2055 1816 2121 omnia
1878 2056 2168 2122 tumultu
2225 2077 2522 2123 moerore

597 2151 914 2224 uetuque,
994 2139 1422 2207 seditionibus
1500 2143 1693 2220 forto,
1774 2141 2209 2209 miscebimus.
2346 2141 2525 2209 Sunt

618 2235 914 2293 raeterea
963 2234 1032 2292 et
1086 2226 1212 2292 viri
1265 2226 1452 2309 probi
1505 2227 1717 2307 multi,
1774 2228 1887 2310 qui
1940 2227 2154 2294 latent
2207 2235 2521 2312 tanquam

567 2335 645 2380 10
705 2312 994 2391 latebris,
1060 2314 1170 2396 qui
1236 2334 1387 2378 cum
1453 2312 1667 2377 multa
1724 2334 1882 2397 pace
1942 2335 2311 2399 magnaque
2367 2336 2521 2381 cum

692 2400 786 2464 tia
836 2419 1078 2466 nomen
1134 2397 1409 2464 Domini
1461 2397 1750 2482 quotidie
1807 2400 2194 2483 provehunt,
2255 2400 2518 2485 vigiliis,

594 2483 974 2564 ectionibus,
1054 2481 1611 2551 admonitionibus
1686 2484 2044 2566 instantes,
2122 2506 2261 2587 gre
2327 2507 2519 2569 mque

562 2570 839 2637 Domini
915 2571 1117 2638 verbo
1182 2570 1517 2637 uberrimo
1586 2579 1965 2655 pascentes,
2045 2593 2159 2657 qu1
2283 2573 2519 2656 enique

563 2657 827 2725 nullum
891 2655 1123 2722 orandi
1190 2657 1392 2722 finem
1457 2656 1740 2736 faciunt,
1823 2677 1953 2742 quo
2016 2658 2090 2723 in
2157 2657 2332 2724 diem
2398 2658 2517 2723 lux

562 2742 838 2809 Domini
883 2741 1092 2808 maior
1133 2742 1320 2808 nobis
1364 2743 1695 2828 affulgeat,
1756 2763 1885 2826 quo
1937 2765 2102 2828 pure
2159 2751 2226 2810 et
2267 2744 2520 2811 sincere

562 2828 845 2897 verbum
869 2828 1142 2894 Domini
1177 2827 1593 2911 praedicetur
1629 2836 1698 2893 et
1730 2839 1983 2897 crescat
2017 2831 2088 2896 in
2112 2830 2515 2898 universum.

562 2911 677 2982 1111
719 2922 943 2981 tamen
987 2915 1371 2999 ignoranter
1414 2915 1653 2981 ritibus
1693 2914 1824 2981 illis
1869 2937 2012 2982 sese
2046 2917 2515 2997 contaminant,

560 3000 742 3068 inter
782 3021 944 3084 quos
985 3000 1277 3084 plerique
1322 3000 1453 3083 qui,
1509 2999 1681 3085 quod
1722 3002 1798 3067 in
1852 3011 2203 3086 conspeetu
2254 3010 2519 3087 patrum

560 3086 804 3154 liberos
845 3085 1218 3164 instituunt,
1273 3086 1580 3172 effugere,
1637 3087 1695 3153 si
1747 3088 1973 3167 velint,
2031 3110 2165 3154 non
2220 3096 2515 3173 possunt.

562 3171 701 3254 Qui
738 3173 796 3239 si
838 3171 1040 3238 semel
1082 3171 1488 3239 inaudierint
1529 3170 1694 3238 illud
1737 3195 1871 3239 non
1912 3173 2128 3254 licere,
2188 3184 2385 3257 atque
2434 3174 2516 3240 ab

561 3258 698 3325 illis
760 3257 924 3325 adeo
988 3258 1343 3325 abhorrere
1407 3258 1672 3338 debere,
1751 3267 1831 3325 00
1891 3267 2240 3345 propterea
2302 3263 2517 3343 patria

561 3342 797 3412 cedere
838 3352 907 3409 et
945 3342 1108 3424 1000,
1162 3345 1392 3411 statim
1432 3344 1533 3411 illi
1587 3365 1844 3430 quoque
1896 3344 2127 3412 relicta
2179 3347 2517 3414 vocatione

560 3430 923 3514 relictoque
964 3450 1171 3515 grege
1220 3452 1337 3497 vos
1393 3439 1772 3516 sequentur,
1831 3430 2077 3497 nullius
2132 3432 2516 3517 cuiusquam

561 3516 663 3582 rei
707 3515 935 3583 habita
982 3516 1258 3597 ratione,
1315 3524 1579 3600 praeter
1633 3515 1820 3582 verbi
1873 3516 2144 3582 Domini
2195 3538 2326 3601 000
2379 3518 2516 3585 0010

559 3603 874 3669 nituntur
915 3602 1156 3669 vivunt
1200 3623 1277 3670 ae
1319 3610 1605 3685 sperant.
1677 3601 1830 3666 Non
1872 3601 2123 3669 detinet
2165 3625 2304 3683 nos,
2349 3603 2516 3669 mibi

560 3687 787 3768 erede,
844 3687 951 3755 vel
1009 3687 1396 3772 magnitudo
1448 3687 1558 3752 vel
1613 3685 1982 3767 difficultas,
2041 3710 2165 3755 nec
2217 3688 2380 3756 haee
2437 3712 2515 3756 eo

559 3773 844 3841 dicimus
886 3774 1135 3860 (omnia
1175 3774 1351 3839 enim
1393 3793 1738 3856 possumus
1772 3774 1843 3838 in
1879 3793 1958 3839 00
1981 3775 2233 3858 quinos
2256 3783 2512 3841 susten-

558 3858 720 3947 tat):
789 3857 907 3925 sed
969 3857 1392 3926 ecelesiarum
1458 3879 1629 3942 0000
1684 3860 1872 3926 001110
1924 3860 2191 3927 videtur
2242 3861 2511 3945 posthae

554 3967 803 4031 magna
834 3945 1056 4010 futura
1089 3943 1515 4023 conturbatio,
1561 3944 1923 4011 multarum
1966 3947 2508 4013 conscientiarum

553 4042 792 4109 metus,
837 4029 1088 4107 horror,
1132 4030 1594 4096 consternatio.
1682 4031 1912 4117 Neque
1967 4031 2091 4098 1100
2145 4033 2285 4112 ipse
2335 4029 2506 4094 tanti

554 4116 725 4182 facio
775 4123 892 4180 aut
945 4113 1243 4198 pluribus
1298 4117 1482 4183 vobis
1538 4117 1824 4201 explico,
1942 4138 2029 4182 uo
2085 4135 2204 4180 vos
2255 4133 2297 4178 0
2348 4135 2506 4181 vero

555 4202 937 4283 sinceroque
959 4199 1275 4284 nobisque
1297 4202 1780 4270 consultissimo
1815 4204 1886 4268 iu
1931 4200 2053 4264 icio
2086 4198 2504 4267 absterream.

555 4284 741 4368 Quin
806 4285 930 4352 1100
994 4285 1299 4354 0010111οε
1363 4287 1570 4359 animi
1634 4289 1884 4356 viribus
1949 4286 2351 4368 expetimus,
2430 4295 2509 4351 ut

553 4392 676 4457 per
717 4393 836 4437 vos
880 4371 1210 4439 Dominus
1254 4372 1548 4440 divinam
1603 4392 1791 4439 suam
1845 4381 2134 4436 mentem
2188 4371 2506 4439 hactenus

552 4478 689 4524 non
732 4456 1135 4524 intellectam
1179 4459 1464 4541 aperiat,
1516 4458 1830 4540 nobisque
1867 4477 2019 4522 eum
2060 4458 2364 4525 nefandis
2407 4466 2507 4525 tot

553 4542 934 4609 hominibus
990 4564 1067 4611 ac
1120 4543 1357 4611 ritibus
1411 4541 1787 4613 viventibus
1847 4549 2097 4609 certam
2161 4552 2505 4628 tutamque

551 4627 771 4714 legem
811 4629 1097 4713 aliquam
1139 4652 1217 4697 ae
1255 4631 1534 4695 formam
1578 4625 1845 4694 vivendi
1893 4627 2078 4714 (nam
2121 4627 2192 4694 id
2237 4629 2503 4695 demum

552 4723 657 4781 est
698 4714 871 4799 quod
914 4716 1087 4782 votis
1129 4711 1431 4781 omnibus
1486 4732 1528 4777 a
1578 4711 1763 4781 vobis
1818 4714 2260 4803 exposcimus)
2315 4736 2504 4799 prae-

551 4801 815 4867 scribat.
892 4801 1032 4867 Aut
1072 4802 1127 4864 si
1169 4797 1236 4862 id
1277 4807 1419 4864 tuto
1462 4799 1628 4865 eitra
1669 4800 1929 4867 animae
1971 4800 2324 4867 discrimen
2368 4823 2507 4868 non

549 4886 724 4965 lieet,
769 4886 900 4953 alio
940 4904 1059 4949 nos
1101 4892 1366 4951 revocet
1420 4903 1497 4950 00
1536 4885 1732 4968 plane
1770 4898 2122 4969 aperteque
2164 4886 2322 4953 11100
2377 4889 2503 4953 mi-

601 4971 877 5039 randum
907 4969 1316 5053 pronunciet.
1386 4969 1583 5053 Quod
1614 4978 1690 5036 ut
1721 4972 1957 5038 melius
1975 4973 2256 5040 obtineri
2279 4974 2501 5056 possit,

550 4995 678 5124 fiee
710 5076 917 5121 unum
951 5063 1016 5121 te
1046 5057 1334 5123 maxime
1354 5078 1531 5144 rogo,
1566 5065 1635 5123 et
1667 5057 2089 5125 ecclesiarum
2126 5069 2500 5125 nostrarum

548 5141 815 5210 nomine
857 5150 923 5207 te
966 5142 1274 5221 obtestor,
1341 5152 1418 5209 00
1475 5164 1674 5227 000111
1718 5145 2004 5227 primum
2060 5143 2324 5211 fidelem
2381 5145 2501 5211 ali-

546 5246 745 5311 quem
787 5237 856 5294 et
896 5228 1021 5295 1100
1052 5249 1331 5295 1000010
1372 5229 1663 5295 maxime
1699 5230 1971 5316 dignum
2006 5228 2092 5296 ad
2125 5230 2502 5313 Martium,

547 5314 741 5381 euius
759 5314 1159 5381 sententiam
1178 5314 1472 5400 plerique
1491 5315 1797 5401 inprimis
1819 5316 2029 5385 literis
2049 5319 2502 5403 consignatam

2231 404 2760 473 EPISTOLAE
2807 407 2933 471 600

4458 411 4586 476 828

2629 592 2853 661 videre
2894 593 3190 677 eupiunt,
3247 594 3783 663 Melandathonem
3832 603 3901 665 et
3952 595 4293 679 Bucerum,
4347 596 4584 681 quibus

2631 681 2865 746 merito
2941 701 3170 747 omnes
3245 682 3455 747 multa
3526 683 3860 762 tribuunt,
3937 704 4090 751 eum
4156 683 4261 749 his
4325 685 4584 767 tuisque

2630 765 2843 832 literis
2892 766 3171 851 (1010300,
3228 788 3391 852 0000
3447 789 3861 851 summopere
3916 768 4220 849 horteris,
4276 776 4354 835 ut
4409 769 4585 838 vitae

2630 851 2952 935 salutique
2998 866 3279 931 nostrae,
3319 853 3677 920 multarum
3720 863 4100 921 nostrarum
4144 855 4584 938 ecclesiarum,

2630 959 2828 1022 quam
2867 938 3248 1004 fidelissime
3305 960 3382 1007 ae
3426 941 3861 1007 attentissime
3921 941 4284 1020 consulant,
4341 941 4583 1007 sciant-

2630 1045 2756 1107 que
2816 1046 2936 1091 nos
2989 1045 3126 1090 non
3191 1024 3272 1090 de
3335 1036 3522 1110 parte
3587 1028 4022 1107 fortunarum,
4084 1026 4444 1093 honoribus
4505 1048 4583 1095 00

2628 1109 3051 1176 facultatibus
3094 1111 3445 1195 ambigere,
3505 1111 3621 1178 sed
3679 1112 3759 1177 (10
3815 1121 3954 1179 0000
4005 1112 4178 1179 vitae
4220 1113 4584 1196 salutisque

2630 1203 2896 1261 nostrae
2939 1217 3016 1262 ae
3069 1195 3419 1262 liberorum
3477 1208 3547 1263 et
3598 1196 4003 1264 familiarum
4054 1199 4362 1265 sollicitos
4419 1218 4580 1280 esse,

2630 1281 2907 1365 illosque
2960 1302 3081 1346 nos
3135 1284 3305 1347 tanti
3359 1284 3587 1361 facere,
3643 1294 3722 1348 ut
3763 1306 3988 1350 eorum
4031 1297 4211 1352 certo
4267 1304 4582 1368 responso

2631 1388 2762 1433 non
2807 1368 3028 1434 minus
3113 1388 3264 1433 uam
3323 1369 3791 1453 prophetarum
3849 1371 4131 1437 oraculis
4184 1371 4392 1436 teneri
4445 1391 4582 1442 nou

2630 1450 2945 1519 dubitent.
3126 1452 3207 1519 ed
3271 1453 3397 1522 1100
3461 1455 3751 1521 maxime
3816 1457 3898 1523 ab
3972 1457 4106 1523 illis
4184 1455 4581 1540 quaerimus,

2629 1547 2951 1623 apertum,
2996 1541 3263 1605 firmum
3308 1562 3384 1608 ae
3426 1542 3729 1608 omnibus
3767 1562 4117 1609 commune
4161 1563 4579 1626 responsum:

2627 1625 2807 1690 Num
2841 1625 3038 1692 liceat
3070 1626 3312 1693 missae
3347 1628 3680 1704 interesse,
3716 1635 3785 1695 et
3811 1639 4033 1695 utrum
4069 1628 4290 1713 potius
4327 1628 4582 1712 patriae

2628 1710 2984 1778 carendum
3027 1732 3227 1794 quam
3267 1711 3364 1779 illi
3407 1713 3749 1798 aliquoties
3790 1714 4152 1788 interesse?
4234 1716 4346 1780 An
4379 1714 4583 1781 etiam

2626 1796 2745 1863 illa
2787 1818 3016 1864 mensa
3069 1798 3437 1881 spernenda
3490 1819 3568 1866 ae
3622 1800 4101 1867 contemnenda
4154 1801 4260 1880 sit,
4319 1800 4392 1864 in
4451 1819 4583 1882 000

2626 1904 2749 1950 000
2812 1883 3089 1949 verbum
3148 1884 3279 1950 Dei
3334 1894 3560 1969 aperte
3619 1888 4127 1969 pronunciatur,
4195 1885 4580 1968 sublataque

2627 1968 2880 2035 Christi
2922 1968 3342 2036 institutione
3386 1972 3664 2037 alteram
3705 1979 3965 2038 tantum
4008 1972 4294 2056 speciem
4337 1970 4580 2037 habere

2626 2056 2837 2135 liceat,
2883 2065 2951 2121 et
2995 2077 3082 2121 an
3123 2056 3221 2121 1111
3266 2056 3555 2124 assidere
3596 2058 3806 2136 liceat,
3856 2069 3974 2125 000
4018 2055 4228 2142 000οᾶ
4269 2058 4344 2122 10
4386 2055 4580 2124 001110

2625 2142 2753 2207 erit
2792 2140 3066 2208 vitanda
3107 2140 3240 2208 sit?
3329 2143 3572 2211 Utrum
3623 2143 3906 2227 parocho
3949 2144 4263 2221 confiteri,
4311 2163 4579 2226 vesper-

2624 2227 2786 2292 tinis
2852 2248 3080 2293 eorum
3143 2229 3546 2295 orationibus
3608 2229 3927 2296 interesse
3992 2228 4232 2297 liceat?
4331 2229 4579 2297 Utrum

2626 2334 2863 2397 pueros
2923 2321 3184 2380 nostros
3247 2315 3483 2381 ritibus
3545 2315 3726 2381 illius
3787 2315 4095 2400 baptismi
4164 2316 4334 2398 tingi
4398 2321 4577 2380 recte

2625 2400 2984 2482 patiemur,
3069 2407 3139 2465 et
3212 2410 3506 2468 mortuos
3569 2411 3829 2468 nostros
3896 2409 3975 2466 ut
4038 2402 4148 2469 1110
4211 2401 4422 2487 moris·
4477 2407 4582 2465 est

2628 2484 2934 2551 humari?
3044 2486 3140 2551 Et
3201 2487 3358 2570 0010
3422 2487 3584 2555 11000
3644 2487 3775 2553 0101
3828 2495 4039 2554 morte
4096 2487 4386 2571 effugere
4442 2503 4578 2550 non

2625 2591 2987 2654 possumus,
3027 2580 3248 2637 utrum
3287 2574 3524 2656 potius,
3570 2594 3766 2657 quam
3799 2573 3874 2638 in
3908 2573 4147 2640 horum
4181 2573 4577 2637 alterutrum

2625 2656 3020 2735 incidamus,
3072 2658 3290 2741 patria
3345 2660 3702 2725 carendum
3754 2657 3886 2725 sit?
3989 2659 4142 2724 Non
4196 2659 4576 2742 ignoramus

2624 2741 2799 2827 quod
2841 2743 2939 2808 illi
2981 2743 3115 2809 viri
3153 2745 3362 2811 sancti
3408 2745 3706 2829 sacrique
3759 2744 3840 2811 de
3882 2745 3979 2811 eis
4022 2743 4325 2809 omnibus
4368 2743 4574 2826 scrip-

2624 2830 2850 2908 serint,
2894 2836 2963 2893 et
3002 2828 3242 2912 ubique
3283 2850 3432 2896 cum
3474 2830 3608 2897 illis
3652 2832 3994 2897 sentimus:
4052 2827 4169 2895 sed
4224 2828 4413 2895 nobis
4463 2827 4576 2895 1110

2623 2915 2975 3000 0010110100
3016 2924 3243 2995 100ῐο0,
3285 2937 3477 2999 000111
3525 2915 3739 2983 adhue
3782 2926 3854 2981 tu
3886 2918 4028 2999 ipse
4062 2915 4273 3000 magis
4307 2913 4573 2981 auxisse

2622 3000 2872 3067 videris
2915 3021 3115 3084 quam
3157 3002 3570 3069 imminuisse
3628 3009 3744 3068 aut
3799 2999 4205 3068 dissolvisse:
4261 3009 4330 3066 et
4380 3021 4570 3085 prae·

2623 3095 2803 3153 terea
2859 3086 2984 3153 1100
3035 3108 3158 3154 000
3210 3089 3502 3155 maxime
3552 3097 3775 3153 movet
3826 3087 3996 3171 000(1
4057 3087 4432 3153 audivimus
4487 3085 4572 3153 de

2621 3172 2747 3238 hae
2788 3193 2862 3238 re
2906 3193 3036 3238 non
3080 3174 3244 3240 satis
3290 3173 3504 3240 adhuc
3544 3173 3719 3238 inter
3759 3193 3882 3240 vos
3924 3195 4152 3240 omnes
4196 3172 4566 3240 convenire.

2620 3260 2715 3325 Et
2768 3259 2936 3324 011111
2990 3267 3095 3326 000
3153 3258 3328 3344 000(1
3381 3258 3589 3343 100310
3641 3258 3870 3325 audire
3933 3280 4010 3327 ae
4073 3258 4302 3327 videre
4367 3259 4569 3326 velim

2622 3365 2817 3428 quam
2876 3365 2995 3429 per
3080 3354 3267 3410 tuum
3328 3344 3397 3409 in
3460 3344 3733 3411 ecelesia
3785 3365 4210 3425 consensum,
4278 3346 4568 3413 maxime

2621 3441 2844 3497 autem
2886 3431 2958 3496 in
3043 3451 3118 3496 00
3151 3449 3226 3493 10
3267 3436 3334 3494 00
3374 3432 3753 3512 quaestione
3795 3432 3966 3498 tanti
4010 3431 4320 3516 ponderis
4364 3431 4564 3497 tanti-

2620 3537 2746 3600 que
2788 3514 3119 3592 momenti,
3183 3535 3348 3598 quae
3399 3516 3472 3580 in
3519 3517 3643 3585 1100
3701 3519 4026 3585 consistit:
4084 3539 4172 3584 00
4224 3516 4564 3583 0001001010

2620 3603 2981 3668 alienorum
3024 3620 3219 3682 quam
3261 3608 3486 3667 tamen
3528 3622 3672 3668 esse
3707 3605 3993 3688 aliquam
4028 3604 4100 3670 in
4121 3602 4304 3669 libris
4322 3602 4563 3670 vestris

2618 3685 2933 3782 fatemini,
3001 3685 3098 3751 ita
3159 3686 3389 3771 fugere
3451 3685 3806 3755 debeamus
3823 3741 3839 3770 ,
3910 3699 3985 3756 nt
4048 3711 4274 3756 eorum
4338 3689 4560 3770 saeris,

2614 3790 2903 3835 maxime
2959 3772 3233 3852 missae,
3286 3773 3605 3841 interesse
3657 3797 3788 3841 non
3839 3776 4202 3859 possimus,
4254 3775 4386 3842 nisi
4440 3795 4561 3843 nos

2612 3876 2800 3922 mera
2856 3866 2926 3923 et
2977 3858 3327 3925 manifesta
3379 3859 3752 3944 polluamus
3806 3861 4142 3941 idolatria,
4210 3859 4383 3945 quod
4437 3881 4559 3929 neo

2613 3962 2731 4025 pro
2774 3942 2923 4008 vita·
2949 3943 3319 4010 faciendum
3364 3947 3469 4023 sit,
3514 3944 3631 4012 sed
3689 3948 3908 4031 potius
3963 3957 4121 4016 tune
4175 3946 4561 4031 fugiendum

2610 4037 2680 4093 et
2720 4029 3197 4112 emigrandum,
3240 4030 3397 4096 lieet
3435 4031 3542 4099 1110
3586 4034 3743 4112 0001,
3790 4033 3897 4100 1110
3919 4034 4170 4113 0001101,
4215 4033 4325 4099 1110
4348 4030 4560 4101 vocati

2610 4114 2837 4193 simus,
2891 4115 3045 4182 licet
3084 4119 3283 4181 etiam
3326 4118 3594 4184 interim
3649 4119 4089 4186 calamitatem
4142 4129 4437 4185 nostram
4492 4125 4561 4185 00

2610 4200 3058 4284 captivitatem
3102 4201 3535 4286 deploremus,
3589 4225 3939 4289 coramque
3995 4205 4281 4271 Domino
4334 4206 4558 4290 lugea-

2609 4307 2760 4352 mus
2804 4307 2880 4352 ae
2924 4288 3155 4371 quavis
3197 4289 3327 4353 alia
3378 4288 3552 4356 bona
3606 4290 3946 4358 voluntate
3999 4292 4280 4375 praediti
4331 4292 4555 4359 simus.

2780 4372 3221 4458 Interrogatio
3254 4375 3385 4441 ista
3417 4377 3639 4442 minus
3673 4377 3838 4442 forte
3879 4378 4174 4461 praecisa
4214 4377 4334 4443 tibi
4377 4376 4556 4443 vide-

2609 4458 2804 4537 bitur,
2849 4458 2964 4525 sed
3008 4460 3162 4526 talis
3204 4468 3296 4541 nt,
3342 4462 3470 4529 nisi
3513 4461 3707 4545 plane
3749 4484 3825 4530 ae
3859 4463 4245 4547 simpliciter
4285 4483 4557 4546 respon-

2609 4542 2834 4623 deatis,
2871 4553 3179 4629 certaque
3197 4546 3411 4613 forma
3433 4549 3905 4631 praescribatis,
3943 4551 4001 4616 si
4027 4550 4134 4617 1110
4156 4548 4555 4615 01000οᾶ0111

2607 4631 2723 4708 010,
2788 4630 3152 4697 multorum
3216 4635 3647 4700 conscientiae
3711 4636 4105 4720 tranquillae
4169 4632 4355 4701 reddi
4419 4655 4554 4700 non

2606 4724 2900 4799 possunt.
2989 4716 3161 4785 Vide
3203 4719 3426 4802 itaque
3469 4730 3549 4786 ut
3586 4720 3734 4786 illos
3768 4741 4059 4787 summos
4094 4721 4268 4788 viros
4303 4720 4552 4788 theolo-

2607 4822 2850 4887 gosque
2893 4813 3342 4872 sacrosanctos
3383 4815 3770 4872 reverenter
3824 4807 4244 4874 ecelesiarum
4298 4818 4552 4873 nostra·

2606 4909 2755 4953 rum
2799 4890 3067 4955 nomine
3109 4891 3373 4972 salutes,
3418 4892 3669 4975 hocque
3712 4892 3886 4975 quod
3926 4912 4343 4975 summopere
4381 4892 4549 4959 desi-

2607 4972 2914 5041 deramus
2956 4997 3341 5060 responsum
3382 4998 3580 5060 quam
3623 4977 3906 5060 primum
3943 4979 4187 5063 poteris
4218 4978 4549 5063 implores,

2607 5068 2674 5125 et
2714 5061 3045 5127 instanter
3085 5083 3294 5148 roges.
3381 5063 3474 5128 Et
3518 5062 3643 5129 hoe
3686 5064 3879 5130 credo
3921 5067 4004 5132 ab
4045 5064 4199 5143 illis,
4241 5086 4407 5148 quae
4449 5072 4554 5132 est

2606 5166 2831 5211 eorum
2865 5148 2935 5211 in
2970 5168 3198 5214 omnes
3234 5147 3537 5214 ecclesias
3572 5171 3894 5234 propensa
3926 5151 4317 5236 benignitas,
4362 5151 4551 5218 facile

2604 5230 3007 5315 impetrabis,
3060 5234 3233 5316 quod
3283 5254 3478 5317 quam
3514 5234 3606 5301 sit
3639 5238 4082 5304 necessarium
4111 5238 4237 5321 ipsi
4263 5238 4549 5322 cogitare

2604 5327 2899 5401 possunt.
3016 5319 3113 5388 Ut
3171 5319 3243 5388 id
3304 5330 3604 5388 accurate
3667 5338 3745 5390 ac
3808 5345 4067 5390 summo
4128 5322 4347 5390 studio
4410 5324 4546 5406 fiat,
