5050 6167
422 408 545 470 749

1323 594 1472 668 578.

951 730 1424 802 GAL‘VINUS
1466 732 1837 799 VIRE'PO.

596 899 2366 986 Quifadumsitidnupereuminitinerenoncon-

417 987 667 1052 meria
753 987 858 1054 De
904 987 1219 1072 Stephano
1276 990 1634 1054 accuratius
1689 989 2135 1071 inquirendum
2175 1011 2367 1071 quum

416 1072 557 1138 eius
594 1071 775 1156 santa
816 1075 950 1139 iam
988 1075 1138 1140 olim
1171 1073 1369 1142 dubia
1403 1076 1743 1141 etiamnum
1782 1075 2239 1157 suspicionibus
2270 1076 2368 1142 ob-

415 1157 612 1225 nooeia
650 1158 753 1224 sit.
844 1158 1085 1244 Synodi
1125 1161 1404 1245 urgenda
1443 1160 1806 1228 convocatio.

415 1328 530 1396 (Ex
565 1331 901 1400 autographo
947 1330 1077 1386 eod.
1114 1331 1320 1386 Gener.
1360 1330 1484 1393 106,
1536 1330 1628 1386 fol.
1665 1328 1782 1384 116.
1863 1330 2212 1401 Exemplaria
2258 1333 2368 1386 alia

417 1403 637 1452 entant
672 1399 958 1454 lenvillaei
994 1399 1126 1454 Ood.
1164 1401 1306 1454 111⁸,
1352 1401 1444 1453 fol.
1480 1399 1518 1454 4
1552 1416 1726 1466 verso,
1765 1399 2044 1453 Tun-otini
2078 1399 2208 1454 Ood.
2246 1399 2365 1468 111,

414 1465 507 1521 fol.
540 1465 626 1534 96,
661 1469 940 1523 Beruense
973 1470 1114 1539 Rpp.
1140 1469 1263 1524 vn.
1297 1486 1354 1538 p.
1374 1467 1491 1536 628,
1528 1469 1821 1523 Turieense
1856 1468 2072 1523 simleri
2106 1469 2226 1525 Vol.
2246 1467 2365 1538 55.)

587 1653 659 1722 S.
728 1656 1026 1724 Farellus
1079 1680 1233 1725 vero
1292 1666 1358 1722 te
1399 1656 1673 1742 decepit.
1761 1656 1827 1723 N
1828 1678 1936 1723 am
1991 1657 2147 1742 quia
2189 1665 2366 1723 certo

413 1749 481 1806 te
521 1742 982 1826 exspectabam
1025 1743 1434 1810 substitimus
1470 1752 1587 1809 aut
1617 1742 1796 1809 lente
1831 1744 2287 1826 equitavimus,
2318 1745 2363 1824 ¹)

414 1827 614 1893 etiam
660 1827 995 1911 aliquanto
1037 1837 1384 1913 postquam
1408 1827 1712 1895 Sonesius
1729 1831 1786 1906 ²)
1821 1850 1942 1895 uos
1976 1837 2366 1912 assequutus

415 1923 589 1989 erat,
648 1912 854 1981 donec
907 1916 1225 1980 coniicere
1279 1915 1616 1999 potuimus
1678 1921 1744 1980 te
1796 1936 1932 1980 non
1987 1921 2361 1979 venturum.

412 1997 608 2065 Nunc
651 2019 732 2065 ea
773 2020 940 2083 quae
981 2021 1279 2066 sermone
1313 2007 1595 2066 tractare
1629 1998 1970 2066 debuimus
2002 1999 2212 2066 literis
2245 2021 2365 2065 ex-

410 2082 660 2165 plicare
702 2084 963 2152 difficile
1005 2095 1122 2151 est.
1211 2087 1316 2151 De
1365 2083 1672 2166 Stephano
1716 2083 1960 2164 dicam,
2020 2107 2153 2152 non
2194 2086 2365 2152 sieut

410 2169 724 2252 postulas.
834 2170 1100 2238 Videris
1164 2173 1344 2237 enim
1401 2171 1848 2237 testimonium
1904 2181 2131 2257 petere
2189 2171 2362 2256 quod

412 2274 630 2320 coram
672 2255 989 2324 fratribus
1021 2257 1411 2343 proferatur.
1687 2265 1913 2323 autem
1954 2259 2172 2341 potius
2206 2277 2362 2323 cou-

413 2340 575 2421 sulo,
621 2352 700 2408 ut
740 2343 1051 2410 fratribus
1095 2356 1404 2427 tanquam
1449 2363 1534 2408 au
1585 2343 1674 2406 'ta
1713 2343 1976 2422 referas,
2022 2350 2091 2409 et
2132 2341 2217 2407 ad
2258 2342 2362 2409 in·

412 2427 805 2510 quirendum
846 2448 956 2496 eos
990 2427 1291 2495 horteris.
1378 2428 1707 2494 Existimo
1743 2435 1807 2494 te
1850 2430 2018 2496 scire
2061 2428 2222 2512 quid
2257 2449 2365 2495 me

411 2532 498 2577 ex
561 2511 827 2580 Goraldo
895 2512 1176 2581 audiisse
1227 2535 1488 2599 semper
1539 2521 1816 2579 testatus
1880 2515 2024 2580 sim.
2136 2514 2364 2596 Quum

412 2597 2364 2770 Ψὰῖᾱῦαῗὲηῗὲᾔῖθὼὸοἱῗὲἳᾶέἒαῗθωᾈρᾼωῦῗω·

414 2769 578 2836 duni
619 2770 1197 2837 familiarissimum
1242 2770 1461 2837 Doleto
1501 2773 1732 2849 fuisse,
1795 2781 1866 2838 et
1906 2773 2100 2837 tertio
2144 2708 2365 2839 nesffio

412 2856 520 2924 cui
565 2855 858 2921 eiusdem
901 2856 1168 2922 farinae.
1262 2855 1494 2923 Petrus
1547 2855 1654 2922 hic
1697 2864 1924 2924 noster
1940 2860 1995 2939 ⁸)
2041 2857 2160 2924 tibi
2208 2879 2362 2924 nar·

412 2941 590 3007 rabit
631 2941 789 3025 quid
831 2963 916 3007 ex
958 2942 1100 3008 eius
1140 2941 1400 3028 hospita
1443 2940 1737 3008 audierit.
1807 2941 1915 3009 Ad
1946 2942 2110 3009 haec
2142 2945 2364 3009 omnia

412 3027 815 3111 respondent
861 3027 1162 3093 Sulzems
1204 3037 1272 3095 et
1313 3028 1577 3108 Beatus,
1596 3030 1626 3070 ⁴
1696 3028 1841 3094 fieri
1896 3050 2086 3113 posse
2140 3039 2218 3095 ut
2258 3051 2363 3094 re-

413 3113 706 3198 sipuerit.
794 3113 940 3199 Ego
982 3134 1187 3198 quum
1242 3113 1521 3198 ineptias
1568 3116 1582 3129 '
1637 3134 1709 3179 as
1751 3115 2165 3195 refutassem,
2221 3113 2364 3179 dixi

412 3221 522 3266 me
576 3200 932 3283 pessimum
995 3200 1271 3265 exitium
1323 3199 1624 3266 omnibus
1675 3199 2188 3283 imprecaturum
2250 3199 2365 3300 qui

414 3307 568 3356 eum
609 3285 1131 3370 promovendum
1184 3285 1577 3354 curaverint.
1665 3283 1911 3351 Verum
1953 3288 2009 3351 si
2051 3286 2362 3370 privatum

412 3393 490 3439 ro
575 3380 685 3438 tur
751 3373 1123 3452 Annonius,
1142 3370 1202 3457 ⁵)
1267 3371 1460 3457 plura
1524 3392 1607 3436 ex
1670 3391 1749 3437 eo
1812 3371 2104 3438 audietis.
2212 3370 2364 3437 Non

413 3481 458 3524 v
535 3465 564 3521 t
606 3456 901 3541 quidem,
959 3466 1037 3523 ut
1090 3465 1190 3524 est
1243 3456 1391 3542 plus
1446 3476 1647 3540 aequo
1688 3455 1987 3537 timidus,
2039 3456 2364 3524 sustinere

414 3542 755 3610 invidiam.
842 3541 1183 3625 Quantum
1226 3551 1449 3609 tamen
1489 3542 1807 3627 intelligo,
1853 3543 1911 3606 si
1950 3544 2123 3608 serio
2154 3544 2363 3609 inter·

413 3628 796 3715 pellabitur,
851 3650 1023 3695 unus
1066 3650 1185 3696 vos
1228 3627 1535 3695 liberabit
1574 3628 1757 3693 omni
1799 3627 2110 3693 molestia.
2187 3629 2363 3695 Tan-

416 3726 560 3780 tum
604 3735 771 3799 opus
813 3714 940 3780 erit
973 3713 1339 3798 prudentia.
1428 3713 1506 3781 Si
1547 3714 1652 3779 cui
1696 3734 1781 3778 ex
1821 3713 2132 3778 fratribus
2166 3712 2364 3779 dede-

416 3801 568 3867 ritis
611 3800 739 3866 hoc
790 3800 1201 3880 mandatum,
1260 3802 1371 3884 qui
1424 3821 1644 3867 secum
1702 3797 1986 3881 aliquem
2042 3796 2364 3877 adhibeat,

418 3909 525 3953 res
568 3886 811 3970 absque
856 3886 1114 3970 negotio
1149 3887 1547 3951 conficietur.

589 3971 698 4036 De
740 3971 1157 4038 convocanda
1191 3969 1518 4056 synodo⁶)
1551 3969 1847 4048 instabis,
1893 3978 1968 4035 ut
2004 3969 2191 4036 vides
2224 3991 2366 4036 esse

417 4057 567 4142 plus
644 4078 842 4144 quam
916 4078 1194 4123 necesse.
1294 4056 1657 4139 Exemplar
1731 4055 2036 4139 epistolae
2111 4057 2366 4140 prioris,

417 4164 617 4228 quam
690 4142 1007 4210 fratribus
1075 4141 1809 4227 Monsbelgardensibus
1885 4143 2293 4225 scripseram,
2310 4142 2365 4223 ⁷)

453 4363 583 4425 m
621 4366 678 4428 1)
714 4365 874 4419 Haec
927 4363 1004 4419 aa
1049 4368 1373 4419 mmmm
1417 4364 1653 4432 aum

425 4449 538 4503 Μ·
573 4434 971 4557 mam
1006 4438 1396 4556 sma-
1413 4361 2372 4557 ‚0033anan

392 4503 862 4653 tagi-...m
901 4507 1445 4626 amurcae
1491 4516 2143 4625 mamas.
2187 4515 2373 4625 xm

604 4684 693 4768 ⁵2)
732 4708 832 4776 qui
865 4707 1090 4763 Gen-eva
1127 4710 1333 4779 pulsu
1377 4708 1722 4764 Lausannae
1751 4705 1986 4789 collegio
2031 4706 2371 4762 instituendo

426 4776 2372 4848 munemunpomanouasmbomstmmsuscopn-

427 4859 530 5039 ζ’
563 4847 699 4981 (Ba)
728 4849 1280 5038 fff'zif'ivomqoe,
1333 4916 1584 5041 asgotum
1638 4912 1990 4981 aemma,
2042 4913 2127 4969 va
2184 4912 2254 4967 P.
2307 4912 2375 4968 αι

470 4983 692 5051 Educ?
847 4988 1064 5053 quotus
1101 4985 1379 5054 q⁸⁸wia“·

636 5053 697 5243 ἐξ
731 5053 998 5177 grestene
1030 5120 1131 5191 (ἲ).
1359 5191 1371 5203 Ο
1969 5188 1980 5201 0
2139 5187 2151 5199 ‚
2243 5187 2255 5200 ·

434 5189 1829 5315 ambr-3ffimmmma‘lw'
1906 5187 2375 5257 VsdeVmep.

643 5328 700 5384 7)
739 5327 819 5384 N.
856 5328 975 5383 506.

2089 411 2253 473 1544
2297 407 2751 478 emm.

4292 421 4426 484 750

2470 593 2715 661 habere
2768 601 2835 660 te
2877 603 3050 679 puto.
3142 594 3220 663 Si
3277 598 3374 664 ita
3428 605 3530 664 est
3544 649 3560 678 ,
3615 599 3814 682 velim
3870 601 3955 668 ad
4007 622 4114 667 me
4168 602 4414 684 mittas,

2470 701 2609 746 una
2649 702 2799 747 eum
2854 680 3136 747 formula
3187 704 3385 767 quam
3439 683 3788 769 aliquando
3841 684 3922 753 de
3976 689 4422 760 controversia

2472 766 2984 832 sacramentaria
3024 778 3264 852 rogatu
3306 777 3421 835 tuo
3462 791 3970 853 composueram.
4057 772 4253 839 Hanc
4283 775 4418 840 for-

2471 852 2716 916 mulam
2783 854 3084 937 inprimis
3150 854 3541 938 desidero.⁸)
3647 857 3834 923 Vale.
3933 857 4154 943 Cogor
4214 861 4418 926 finem

2469 937 2701 1002 facere.
2812 939 3137 1006 Dominus
3201 949 3268 1005 te
3331 949 3673 1008 conservet
3736 943 4161 1025 incolumem,
4223 945 4417 1011 uxori

2471 1024 2821 1088 sanitatem
2874 1024 3139 1109 plenam
3194 1028 3520 1094 restituat.
3608 1027 3881 1096 Fratres
3935 1050 4160 1097 omues
4204 1030 4421 1098 saluta

2471 1107 2835 1193 diligenter.
2925 1109 3095 1177 Vale
3137 1110 3394 1178 iterum.
3463 1117 3563 1178 23.
3609 1111 3942 1198 Septemb.
3997 1119 4175 1181 1544.

3385 1249 3665 1316 Ioannes
3708 1249 4027 1317 Calvinus
4069 1259 4241 1318 tuus.

3370 1691 3518 1764 574.

2948 1828 3448 1898 FARELLUS
3493 1828 3926 1898 GALVINO.

2638 1987 2740 2049 De
2784 1982 3083 2050 Zebedaei
3122 2003 3265 2049 cunt
3292 1982 3583 2061 Orbanis,
3630 1984 4063 2052 Turicensimn
4103 2005 4245 2052 cum
4286 1987 4415 2054 Lu-

2466 2065 2745 2135 theranis
2784 2069 3168 2137 dissensione
3211 2069 3529 2151 pacanda,
3585 2070 3663 2136 de
3709 2068 4056 2153 Capunculi
4098 2076 4152 2137 et
4193 2072 4415 2141 Liben-

2464 2154 2738 2219 tinorum
2778 2155 2982 2221 turbis
3010 2174 3228 2236 pauca
3267 2157 3460 2239 quasi
3499 2157 3559 2219 ἐν
3600 2154 3896 2243 παρόδφ.’

2467 2324 2578 2393 (Ex
2624 2325 2962 2397 autographo
3017 2325 3379 2380 bibliothecae
3437 2331 3716 2396 pastorum
3767 2325 4219 2383 Neooomensium
4268 2331 4409 2401 Epp.

3047 2395 3249 2449 Farelli
3281 2394 3462 2450 fascio.
3497 2393 3570 2449 11.
3602 2394 3671 2449 N.
3705 2393 3817 2462 21.)

2638 2566 3033 2632 Doctissimo
3087 2572 3156 2631 et
3197 2566 3439 2631 eximie
3491 2568 3603 2649 pio
3643 2565 3736 2632 Io.
3783 2565 4060 2633 Calvino
4113 2567 4301 2634 fratri
4343 2574 4411 2635 et

2465 2659 2867 2736 symmystae
2910 2672 3105 2736 quam
3142 2652 3479 2718 carissimo
3904 2737 4236 2805 Gemm-

2638 2871 2709 2940 S.
2756 2871 2937 2955 Quid
2957 2870 3178 2939 Orbae
3219 2873 3467 2957 egerim
3500 2893 3542 2938 a
3575 2873 3761 2940 vobis
3794 2873 4063 2941 relictus
4091 2880 4143 2952 ¹)
4188 2876 4413 2960 (nemo

2466 2959 2647 3024 enim
2691 2958 2951 3043 putavit
2999 2959 3331 3043 negotium
3385 2958 3560 3024 tanti
3601 2979 3742 3025 esse
3784 2966 3861 3026 ut
3901 2960 4202 3043 pluribus
4242 2966 4417 3026 esset

2466 3044 3009 3111 committendum
3051 3063 3249 3128 quam
3290 3041 3458 3108 mihi
3461 3055 3485 3121 )
3536 3041 3660 3111 hoo
3711 3043 3853 3110 fuit.
3939 3045 4070 3129 Egi
4113 3064 4266 3111 cum
4308 3065 4415 3111 sa-

2467 3129 2779 3197 nioribus.
2877 3131 3072 3197 Licet
3122 3131 3296 3194 inter
3347 3148 3460 3195 eos
3517 3136 3737 3195 essent
3786 3129 3990 3215 aliqui
4051 3151 4188 3195 non
4252 3131 4415 3197 satis

2469 3216 2633 3296 sani,
2678 3227 2898 3282 tamen
2939 3237 3072 3282 non
3125 3214 3475 3281 infeliciter
3523 3213 3909 3280 succedebat
3949 3217 4120 3282 actio
4133 3267 4150 3295 ‚
4211 3215 4417 3283 donec

2468 3310 2743 3369 vocatus
2784 3303 2910 3367 fuit
2949 3302 3189 3385 hospes
3233 3299 3551 3379 Zebedaei,
3608 3299 3721 3383 qui
3762 3302 4011 3385 tragice
4052 3301 4277 3367 omnia
4313 3309 4418 3367 to-

2468 3397 2597 3466 tus,
2633 3395 2709 3452 ut
2751 3387 2918 3452 nihil
2961 3408 3093 3452 non
3135 3386 3445 3469 probaret
3482 3385 3556 3450 in
3599 3384 3927 3451 Zebedaeo.
3992 3385 4131 3452 Sed
4175 3387 4233 3453 is
4264 3407 4424 3486 cunr

2470 3495 2547 3539 eo
2599 3474 2714 3556 qui
2778 3470 3208 3541 contendebat
3269 3490 3573 3556 egressus
3637 3470 3860 3535 omnia
3910 3472 4099 3538 nobis
4151 3471 4420 3557 reliquit

2467 3560 2819 3643 pacatiora.
2920 3555 3392 3624 Oommendavi
3446 3556 3888 3623 ministerium
3945 3565 4023 3624 ut
4078 3555 4292 3637 valui,
4348 3565 4426 3624 et

2467 3646 2632 3711 iussi
2678 3664 2789 3711 eos
2828 3662 3152 3709 memores
3205 3662 3350 3708 esse
3402 3641 3653 3726 gratiae
3707 3641 3858 3709 Dei.
3955 3643 4049 3707 Et
4095 3649 4419 3725 quantum

2467 3730 2679 3807 video,
2723 3730 2781 3796 si
2825 3728 3175 3795 Zebedaeus
3223 3747 3366 3793 sese
3407 3738 3735 3810 pastorem
3792 3736 3861 3792 et
3910 3735 4165 3809 patrem
4210 3737 4424 3811 gerat,-

2466 3837 2625 3881 oves
2668 3823 2738 3881 et
2778 3814 2951 3881 filios
3006 3812 3290 3879 habebit.
3379 3810 3517 3878 Sed
3559 3812 3620 3876 is
3672 3833 3826 3878 suas
3868 3812 4069 3877 habet
4108 3814 4422 3890 rationes,⁸

2514 3900 2707 3967 uibus
2742 3899 2933 3966 modo
2968 3900 3113 3965 aliis
3146 3898 3521 3975 satisfaciat,
3557 3917 3695 3962 rem
3731 3899 3899 3964 bene
3932 3905 4122 3980 putat
4155 3897 4416 3962 habere.

2471 3922 2692 4067 Quam
2736 3986 2928 4070 pauci
2970 3993 3126 4051 sunt
3215 3991 3406 4048 atres.
3473 3981 3810 4048 Admonui
3848 3991 4074 4048 tamen
4113 4004 4266 4048 eum
4299 3982 4418 4048 ali-

2472 4091 2747 4155 quorum
2791 4078 2858 4135 et
2899 4070 3174 4135 nonnih‘
3249 4069 3389 4152 spei
3428 4067 3656 4133 habeo.
3745 4065 3926 4134 Sane
3966 4087 4103 4132 non
4137 4075 4280 4133 erat
4312 4088 4420 4133 oc-

2472 4155 2645 4222 casio
2686 4155 3098 4239 negligenda.
3187 4153 3381 4236 Quod
3433 4173 3653 4220 coram
3709 4174 3902 4219 nemo
3944 4161 4240 4219 vestrum
4282 4171 4420 4218 uon

2560 4243 2635 4320 ‘t,
2694 4247 2968 4323 uterque
3013 4241 3190 4324 agito
3243 4260 3365 4324 per
3405 4239 3661 4317 literas,
3717 4248 3796 4305 ut
3837 4237 4024 4304 tollat
4067 4237 4419 4305 Zebedaeus

2473 4263 2883 4393 gffendioula.
2902 4326 2962 4409 ²)
4413 4379 4428 4422 ς

2511 4566 2640 4627 574.
2679 4495 2739 4628 ii
2773 4493 3468 4646 tytfdxb-ffloedemafm'
3511 4578 3727 4686 ‘estu‘
3759 4560 3961 4629 ‘sm’
3993 4561 4192 4630 Μ’
4197 4560 4432 4644 ΑΜ·
4330 4630 4342 4642 .

2475 4632 3539 4716 αηιεαθαῐυψαπιοῡδοπονκωαω
3629 4630 3796 4686 orello
3838 4629 4417 4684 Orbaeatttmvict-

2474 4721 2579 4759 Μ
2610 4716 2938 4841 wem·
2968 4771 3053 4823 ...-
3082 4769 3254 4836 rm-
3285 4769 3561 4850 zebeam.
3594 4766 3874 4890 cccc
3909 4765 4154 4888 aar
4186 4780 4257 4822 ’ω
4288 4765 4343 4821 ¹·-
4378 4766 4419 4821 ι

2475 4857 2592 4965 ἳὲῗ
2616 4838 3270 4964 Maritimam&
3354 4907 3502 4961 edem
3530 4848 4423 4984 ‘ffqergueupfflaeoem'gaw

2477 4976 3118 5034 &mmmcatholicis
3150 4923 3521 5031 scilf'ribm·
3805 4972 4233 5053 nonsemsldis
4332 4978 4419 5027 ta-

2478 5052 2662 5115 vei-at,
2722 5063 2821 5116 qut
2865 5061 2990 5100 etun
3033 5045 3378 5101 Bematibus
3428 5043 3508 5100 Or
3652 5041 4058 5099 condominam

2478 5114 3114 5186 eumquemenseMaio
3151 5115 3288 5170 1542
3329 5109 4423 5192 &sofflaconisctumDeiViminis

2479 5191 2532 5241 et
2563 5190 2878 5240 sanderum
2927 5185 3146 5240 comana·
3176 5184 3450 5254 mpla-ar·
3450 5199 3478 5237 e
3521 5185 3811 5253 coeam
3851 5194 4009 5248 etque
4049 5178 4187 5233 urbe
4230 5194 4336 5233 sua
4370 5184 4422 5234 et

2480 5270 2617 5380 ἔξω
2656 5253 3078 5393 wigurm
3149 5251 3332 5309 Rura
3376 5253 3588 5309 dabunt
3632 5250 3930 5306 Men-om·
3972 5248 4040 5303 de
4085 5246 4424 5319 Emensu-
