5050 6167
404 453 487 512 57
2214 453 2380 514 1540
2422 447 2611 516 IUN.
4323 462 4406 524 58

402 638 924 724 contemplandis
980 646 1120 705 teta
1177 641 1315 707 vita
1368 639 1763 706 detinentur.
1852 639 1946 705 Et
2000 645 2176 705 certe
2217 659 2355 704 non

398 727 686 792 multum
726 732 886 792 sunt
927 724 1276 792 absimiles.
1368 725 1703 807 Quorsum
1738 726 1918 791 enim
1960 726 2251 809 pertinet
2283 725 2355 789 in

400 812 525 878 hoc
567 818 834 877 tantum
876 812 1323 897 philosophari
1365 820 1441 876 ut
1485 811 1712 877 doctus
1745 812 1838 877 sis
1878 819 1947 876 et
1981 811 2351 878 censearis?

396 898 602 981 Atqui
643 898 808 964 illud
851 918 1117 964 necesse
1158 905 1262 963 est
1303 898 1567 963 evenire
1609 897 1914 964 omnibus
1958 898 2073 980 qui
2106 906 2174 963 et
2204 917 2355 980 pro-

396 983 569 1049 fanis
626 985 888 1068 seriptis
941 991 1259 1067 perpetuo
1311 984 1774 1062 immorantur,
1835 982 1941 1048 vel
1993 982 2210 1066 petius
2251 984 2355 1049 in-

398 1068 672 1151 cubant,
726 1091 849 1136 nec
900 1070 1030 1134 alio
1080 1076 1381 1154 spectant
1432 1069 1562 1135 nisi
1615 1077 1691 1135 ut
1744 1068 2148 1134 reconditam
2200 1067 2354 1134 inde

394 1153 837 1221 eruditionem
887 1156 1191 1221 referant.
1295 1155 1477 1240 Ergo
1533 1162 1609 1219 ut·
1665 1155 1737 1219 in
1791 1176 2027 1221 verum
2082 1175 2351 1237 scopum

394 1248 513 1306 tua
556 1241 779 1307 studia
824 1240 1252 1320 destinentur,
1296 1242 1398 1305 fac
1432 1241 1719 1324 primum
1754 1248 1831 1306 ut
1864 1242 2002 1307 sint
2036 1238 2353 1307 eiusmodi

393 1346 563 1410 quae
604 1326 690 1392 ad
733 1327 946 1393 vitam
990 1335 1175 1392 tuam
1229 1326 1713 1392 reformandam
1769 1328 2052 1407 valeant,
2114 1327 2351 1393 deinde

392 1414 631 1497 quibus
680 1412 763 1478 ad
807 1413 971 1479 alios
1027 1412 1348 1479 iuvandos
1400 1412 1762 1480 instructus
1817 1415 1906 1480 sis
1960 1433 2037 1479 ac
2091 1432 2351 1496 compa-

391 1506 599 1565 ratus.
701 1496 781 1564 Id
833 1502 951 1564 fiet
1002 1499 1058 1564 si
1113 1500 1356 1565 bonam
1426 1501 1742 1583 temperis
1795 1507 2051 1584 partem
2129 1518 2352 1564 sacrae

390 1584 659 1651 lectioni
715 1585 1179 1664 destinaveris,
1239 1594 1308 1650 et
1365 1606 1513 1651 eum
1573 1586 1868 1651 animum
1932 1584 2017 1649 ad
2072 1582 2353 1668 legenda

386 1670 668 1736 Domini
708 1671 973 1737 oracula
1016 1671 1269 1748 afferas,
1314 1692 1511 1755 quem
1554 1672 1849 1737 coelestis
1892 1671 2001 1736 ille
2034 1672 2352 1755 magister

389 1777 430 1821 a
483 1757 824 1841 discipulis
880 1757 1017 1823 suis
1075 1758 1367 1841 requirit.
1481 1756 1747 1841 Alioqui
1820 1778 1953 1822 nen
2026 1765 2128 1822 est
2179 1755 2349 1839 quod

388 1842 535 1908 Deo
581 1842 923 1926 approbari
966 1843 1177 1908 vitam
1220 1851 1404 1908 tuam
1447 1863 1636 1926 posse
1678 1842 2030 1919 existimes,
2091 1842 2349 1908 etiamsi

388 1926 768 1994 hominibus
842 1930 1088 1994 centies
1164 1930 1543 1995 satisfacias.
1661 1927 1890 2011 Neque
1978 1927 2156 1993 enim
2241 1926 2350 1995 vel

386 2034 644 2099 pauper
685 2036 755 2080 es
798 2023 873 2079 ut
912 2021 1260 2098 praetexas
1302 2035 1579 2098 aequum
1635 2034 1778 2079 esse
1832 2021 2012 2079 tuam
2056 2014 2349 2097 inopiam

388 2100 705 2167 ecclesiae
745 2100 976 2183 opibus
1012 2100 1362 2178 sublevari,
1405 2119 1526 2166 nec
1568 2100 1661 2166 sic
1703 2098 1984 2182 praedae
2018 2101 2349 2184 expositae

389 2194 550 2251 sunt
604 2186 1074 2252 ecclesiasticae
1136 2186 1481 2252 facultates
1542 2194 1619 2251 ut
1694 2206 1828 2251 nen
1894 2193 2074 2252 certo
2133 2185 2349 2268 alique

387 2270 533 2337 iure
556 2270 953 2338 obtinendae
988 2273 1138 2337 sint.
1208 2270 1361 2338 Seio
1396 2293 1592 2355 quam
1628 2271 1851 2336 odiosa
1894 2272 1980 2336 sit
2020 2271 2349 2355 plerisque

386 2358 595 2424 istaec
638 2379 787 2423 mea
828 2359 1157 2425 severitas.
1248 2355 1384 2423 Sed
1440 2356 1597 2440 quid
1653 2356 1868 2436 vobis,
1925 2357 2221 2436 obsecro,
2276 2358 2350 2420 in

385 2443 750 2527 perniciem
803 2451 1095 2509 vestram
1149 2442 1494 2508 blandior?
1597 2442 1698 2507 Ne
1765 2443 1834 2508 id
1898 2442 2159 2526 quidem
2221 2442 2350 2507 hu-

392 2551 669 2595 manum
747 2537 948 2609 esset,
1022 2536 1279 2594 tantum
1358 2529 1545 2595 abest
1608 2536 1683 2593 ut
1745 2529 1831 2593 sit
1898 2528 2349 2594 christianum.

387 2615 792 2699 Quanquam
823 2636 931 2680 me
966 2616 1165 2681 etiam
1188 2622 1446 2680 tacente
1480 2615 1638 2680 satis
1659 2622 1725 2680 te
1747 2614 2024 2680 aliorum
2048 2613 2351 2696 exempla

385 2708 680 2767 monent.
752 2700 958 2766 Multi
1002 2701 1182 2766 enim
1227 2701 1626 2766 exstiterunt
1666 2701 1774 2784 qui
1819 2700 2223 2784 praeclaram
2269 2698 2350 2764 de

388 2808 459 2853 se
515 2788 713 2852 initio
773 2806 959 2873 spem
1014 2786 1486 2870 praebuerunt:
1542 2786 1657 2852 ubi
1711 2807 1868 2852 vero
1922 2805 1992 2851 se
2048 2786 2117 2851 in
2162 2785 2349 2850 illam

387 2872 713 2939 desidiam
757 2891 833 2937 ae
875 2873 1322 2952 securitatem,
1377 2872 1482 2937 vel
1539 2874 1759 2954 petius
1813 2871 2172 2937 socordiam
2215 2880 2351 2935 tra-

389 2957 721 3036 diderunt,
765 2957 1273 3041 quotusquisque
1314 2957 1441 3022 fuit
1483 2958 1595 3042 qui
1640 2979 1789 3037 non,
1847 2965 1923 3023 ut
1963 2959 2059 3023 ita
2100 2957 2348 3041 loquar,

387 3044 737 3111 evanuerit
776 3044 848 3108 in
891 3043 1192 3109 fumum?
1224 3046 1273 3128 ι)

560 3129 719 3196 Huc
762 3150 833 3197 se
876 3150 1090 3213 nuper
1133 3128 1216 3194 ad
1257 3150 1376 3194 nos
1416 3128 1864 3195 adolescentes
1907 3128 2035 3193 duo
2054 3130 2114 3211 2)
2149 3128 2349 3194 istinc

387 3216 842 3295 contulerunt,
920 3215 1313 3282 inconsultis
1390 3216 1557 3296 suis,
1639 3213 2189 3299 quemadmodum
2266 3236 2350 3280 ex

316 3367 325 3372 ,
388 3302 604 3368 literis
636 3301 1085 3368 intelleximus
1118 3322 1285 3384 quae
1318 3301 1515 3386 paulo
1537 3308 1689 3385 pest
1712 3309 1869 3366 sunt
1888 3301 2346 3384 subsequutae.

391 3387 985 3455 Communiearunt
1053 3399 1275 3452 autem
1341 3406 1601 3452 mecum
1663 3388 2014 3471 praecipue
2078 3386 2350 3452 Ioannis

396 3473 697 3540 Trusehii
714 3474 772 3557 ³)
818 3472 1099 3539 doctoris
1142 3473 1371 3539 literas
1424 3494 1503 3539 ea
1558 3472 1641 3539 de
1683 3494 1756 3538 re
1799 3471 1883 3537 ad
1925 3472 2208 3538 alterum
2247 3472 2350 3555 ip-

391 3580 618 3625 sorum
652 3559 931 3642 scriptas
965 3559 1273 3642 quoniam
1308 3558 1611 3624 nonnihil
1648 3558 1732 3624 ad
1766 3579 1874 3624 me
1916 3557 2350 3641 pertinebant.

391 3644 673 3712 Iubebat
725 3645 904 3710 enim
960 3652 1038 3710 ut
1097 3644 1449 3710 Sturmium
1502 3644 1718 3728 potius
1770 3662 1846 3707 ac
1898 3663 2006 3707 me
2059 3644 2132 3708 in
2196 3663 2349 3709 con-

393 3732 618 3797 silium
662 3730 1005 3797 adhiberet
1046 3751 1241 3813 quam
1277 3728 1579 3813 aequales
1612 3749 1784 3794 suos.
1852 3726 2352 3812 obtemperavit

390 3817 506 3884 ille
549 3825 869 3901 quantum
915 3814 999 3881 ad
1041 3814 1385 3881 consilium
1430 3814 1820 3898 petendum,
1877 3814 1992 3880 sed
2035 3813 2347 3898 quemad-

390 3903 663 3970 modum
707 3902 995 3967 rationes
1039 3922 1190 3967 suas
1232 3900 1419 3967 nobis
1462 3902 1784 3983 exposuit,
1840 3921 1973 3966 non
2019 3901 2349 3985 potuimus

394 3987 576 4055 aliud
618 3987 892 4054 suadere
934 3994 1129 4070 quani
1174 3996 1251 4052 ut
1293 3986 1565 4053 alteram
1610 3987 2099 4070 responsionem
2159 3985 2267 4051 hic
2311 4006 2353 4051 a

393 4077 531 4142 suis
575 4081 1002 4157 exspectaret.
1093 4070 1274 4154 Quid
1315 4094 1549 4140 causae
1593 4071 2016 4137 habuerimus
2050 4070 2167 4136 tibi
2203 4072 2350 4136 bre-

394 4163 565 4226 viter
619 4159 947 4237 indicabe,
1002 4166 1078 4223 ut
1132 4159 1191 4225 si
1253 4180 1381 4241 qua
1446 4159 1565 4224 tibi
1630 4179 1780 4224 cum
1845 4158 1986 4239 ipso
2045 4155 2352 4222 Truschio

395 4246 807 4311 familiaritas
840 4243 1221 4322 intercedat,
1260 4245 1324 4309 ei
1358 4264 1612 4328 quoque
1634 4243 1978 4327 significes.
2044 4242 2349 4307 Primum

396 4332 784 4397 videbamus
839 4351 973 4394 non
1032 4350 1219 4413 posse
1270 4329 1426 4395 hinc
1492 4329 1825 4395 amandari
1892 4328 2053 4411 quin
2119 4347 2350 4411 prope-

397 4417 667 4483 modum
710 4418 964 4482 invitus
1007 4414 1514 4482 abstruderetur.
1605 4416 1821 4480 Tanta
1876 4412 2127 4480 scilicet
2168 4412 2350 4496 cupi-

401 4502 605 4568 ditate
658 4502 981 4587 flagrabat
1032 4502 1371 4568 nobiseum
1426 4500 1535 4565 hic
1605 4497 1933 4565 manendi.
2033 4498 2227 4579 Quod
2293 4498 2351 4564 si

398 4609 748 4672 persuasus
813 4595 987 4653 esset
1048 4595 1123 4652 ut
1186 4587 1258 4651 in
1324 4585 1615 4652 Galliam
1674 4584 1947 4663 rediret,
2016 4605 2352 4667 nunquam

396 4681 617 4740 tamen
662 4674 896 4739 fuisset
936 4674 1359 4757 impetratum
1395 4680 1473 4737 ut
1503 4672 1757 4737 viveret
1777 4669 2103 4736 Aureliae.
2176 4669 2351 4736 Nam

400 4780 596 4843 quum
655 4760 877 4824 emnia
931 4760 1118 4825 nobis
1171 4756 1584 4835 concederet,
1638 4755 1804 4822 illud
1870 4777 2129 4841 semper
2194 4777 2349 4822 con-

402 4900 467 4907 ..—
518 4901 611 4907 .--

432 4962 562 5024 m.
600 4963 659 5030 1)
697 4963 905 5016 Desunt
948 4964 1207 5017 nonnulla
1248 4964 1318 5018 de
1364 4963 1697 5032 Frambergo
1745 4968 1802 5014 et
1846 4962 1915 5015 de
1964 4961 2030 5015 N.
2067 4962 2130 5014 D.
2178 4969 2351 5015 matre

402 5032 759 5103 relinquenda
794 5034 841 5084 si
874 5032 1041 5086 fllium
1078 5032 1146 5085 ad
1182 5033 1625 5103 superstitionem
1643 5031 1924 5084 colendam
1972 5032 2108 5084 velit
2139 5046 2352 5100 cogere.

400 5102 557 5157 Hace
587 5101 799 5156 Daniel
827 5104 891 5155 in
924 5103 1186 5170 maine.

475 5242 485 5252 ¹
603 5170 663 5234 2)
706 5169 780 5251 1⁹!
812 5172 1090 5239 man-fine.-
1122 5170 1229 5252 Do..
1255 5170 1493 5252 Thibaut
1526 5168 1742 5223 Botem.
1780 5168 1977 5238 Oephil
2006 5168 2091 5235 (7)
2109 5174 2166 5221 et
2183 5167 2350 5221 Alb·-

404 5257 667 5373 qnmmff)
688 5255 719 5292 θ
759 5238 1699 5377 Ψωέεωλὲὲῗέἓὲωρωῇωω
1702 5348 1716 5374 ,
1747 5304 1988 5371 fortasse
2019 5310 2070 5359 et
2093 5303 2251 5358 umd’
2202 5306 2211 5316 '
2249 5305 2353 5358 icis

402 5377 600 5434 mdds's
634 5376 865 5445 dedam,
902 5376 1178 5430 Aureliae.

2458 642 2713 703 stanter
2746 640 3005 723 excepit
3038 662 3125 707 ne
3161 641 3469 708 Aureliae
3492 663 3688 727 agere
3708 650 4084 728 cog-eretur:
4131 667 4201 712 se
4235 647 4417 713 enim

2457 723 2677 805 potius
2721 734 3019 791 extrema
3050 745 3342 810 quaeque
3376 735 3785 794 tentaturum
3807 751 4003 813 quam
4025 737 4100 797 ut
4119 753 4417 800 mensem

2458 830 2666 876 unum
2710 811 2859 876 istic
2925 812 3197 877 haereat
3241 813 3367 878 hoc
3421 821 3732 897 tempore.
3824 815 4153 897 Quoniam
4209 819 4417 903 igitur

2459 895 2760 962 videmus
2815 898 3034 980 ipsum
3091 899 3163 963 in
3217 897 3509 965 Galliam
3568 900 3728 966 adeo
3782 923 4015 984 parum
4073 904 4413 986 inclinare,

2459 981 2542 1046 ab
2598 982 2872 1048 Aurelia
2926 1004 3083 1049 vero
3154 992 3291 1050 toto
3345 997 3609 1069 pectore
3676 986 4054 1070 abhorrere,
4107 1011 4417 1056 veremur

2457 1088 2858 1151 magnopere
2915 1090 2999 1133 ne
3055 1070 3113 1135 si
3163 1071 3336 1137 istuc
3389 1072 3648 1138 venerit
3699 1074 3977 1139 maiores
4019 1068 4299 1142 o'ffensas
4341 1077 4415 1141 in

2457 1175 2529 1218 se
2574 1155 2832 1219 excitet.
2923 1156 3020 1220 At
3062 1176 3140 1220 ea
3176 1158 3344 1223 forte
3385 1158 3805 1242 indulgentia
3847 1167 4140 1225 tutorum
4175 1170 4296 1242 est,
4339 1168 4417 1227 ut

2456 1239 2520 1303 ei
2585 1243 2957 1307 concessuri
3022 1242 3154 1308 sint
3219 1240 3392 1326 quod
3463 1252 3655 1327 petet.
3763 1244 3945 1328 Ergo
4012 1248 4082 1309 in
4146 1246 4416 1312 Italiam

2457 1326 2804 1391 mittetur?
2895 1326 3045 1408 Quo
3088 1327 3157 1391 in
3209 1329 3358 1393 enio
3401 1327 3739 1412 praeditus
3794 1338 3900 1396 est
3954 1332 4095 1414 ipse
4137 1333 4415 1413 iuvenis,

2456 1419 2526 1475 et
2579 1413 2815 1495 quibus
2870 1423 3173 1497 corrupte
3199 1415 3256 1479 is
3310 1414 3601 1480 abundat
3654 1415 3774 1480 illa
3826 1417 4039 1500 regie,
4092 1416 4248 1501 quid
4288 1417 4416 1486 hoc

2456 1497 2724 1563 obsecro
2759 1496 2938 1564 aliud
2981 1507 3084 1564 est
3125 1520 3322 1581 quam
3361 1500 3670 1584 laqueum
3710 1500 3807 1566 illi
3860 1502 4179 1567 induere?
4268 1504 4416 1588 Ego

2456 1584 2924 1648 conscientiam
2967 1593 3153 1649 tuam
3197 1586 3473 1669 appelle.
3540 1584 4007 1653 Sustineresne
4038 1596 4229 1654 autor
4270 1609 4417 1655 esse

2456 1675 2533 1731 ut
2575 1668 2646 1733 in
2689 1670 2950 1734 Italiam
2993 1671 3366 1736 mitteretur
3408 1692 3576 1754 puer
3618 1693 3753 1737 non
3795 1673 3969 1738 malo
4015 1674 4253 1758 alioqui
4299 1673 4417 1741 sed

2454 1753 2706 1819 lubrico
2758 1756 3158 1840 flexibilique
3212 1757 3522 1841 ingenio?
3622 1759 3868 1823 Annon
3931 1760 4140 1826 multo
4205 1761 4416 1827 satius

2455 1847 2560 1904 est
2602 1847 2678 1904 ut
2719 1839 2830 1905 hic
2872 1841 2955 1907 ad
3002 1843 3478 1907 continentiam
3521 1844 4099 1929 integritatemque
4131 1866 4413 1926 merum,

2452 1925 2757 2009 inprimis
2799 1947 2961 1992 vero
3003 1927 3087 1992 ad
3139 1929 3450 2012 pietatem
3505 1930 3823 1996 formetur
3875 1932 4074 1997 simul
4127 1953 4204 1997 ac
4260 1954 4416 2000 con-

2453 2011 2798 2078 firmetur?
2901 2013 3287 2078 Memineris
3344 2035 3463 2080 nos
3519 2016 3591 2079 in
3647 2037 3725 2081 ea
3774 2016 4239 2084 deliberatione
4280 2040 4415 2084 non

2455 2118 2600 2163 esse
2652 2118 2736 2163 an
2795 2098 2925 2164 huc
2982 2097 3334 2165 concedere
3388 2099 3639 2166 debeat.
3752 2100 3972 2168 Semel
4040 2103 4110 2169 id
4167 2106 4416 2171 factum

2454 2192 2574 2248 est.
2664 2183 3182 2250 Consideratene
3227 2206 3314 2250 an
3357 2206 3566 2266 secus,
3611 2187 3763 2270 quid
3818 2190 4056 2254 attinet
4098 2211 4415 2273 quaerere

2452 2278 2798 2353 postquam
2840 2270 3082 2337 factum
3128 2270 3273 2336 est?
3364 2269 3501 2336 Sed
3542 2272 3696 2355 quia
3738 2273 3846 2341 hic
3903 2284 4063 2340 sunt
4120 2276 4234 2354 (de
4275 2297 4414 2342 am-

2453 2356 2660 2422 bobus
2723 2356 2853 2422 iam
2919 2356 3176 2440 loquor)
3242 2357 3470 2422 malim
3525 2356 3633 2424 hic
3700 2358 3785 2423 ad
3854 2380 4096 2443 paucos
4155 2382 4416 2429 menses

2450 2444 2767 2525 proficere
2811 2464 3008 2525 quam
3052 2443 3222 2508 istuc
3265 2442 3566 2526 protinus
3609 2444 3843 2524 redire,
3885 2447 4071 2511 cuius
4126 2455 4193 2512 et
4234 2448 4416 2531 ipsos

2454 2528 2783 2611 poeniteat
2840 2528 2912 2593 in
2966 2535 3299 2611 posterum
3320 2580 3334 2603 ,
3393 2538 3461 2593 et
3513 2530 3909 2613 propinquos
3964 2552 4193 2598 eorum
4250 2533 4416 2597 ami-

2455 2634 2691 2697 cosque
2734 2614 2972 2699 pigeat.
3064 2613 3247 2695 Quid
3291 2615 3467 2680 enim
3509 2615 3688 2680 aliud
3744 2636 3997 2698 sperem
4046 2619 4127 2684 ab
4178 2639 4255 2684 eo
4299 2618 4416 2702 qui

2454 2698 2526 2763 in
2592 2699 2886 2765 animum
2937 2698 3205 2765 induxit
3253 2700 3513 2784 quidvis
3576 2702 3794 2783 potius
3865 2704 4152 2785 experiri
4218 2725 4416 2788 quam

2455 2783 2800 2850 dimidium
2854 2806 3149 2851 mensem
3200 2806 3276 2851 eo
3339 2786 3465 2853 loci
3522 2787 3891 2871 transigere
3937 2809 4066 2871 quo
4111 2810 4264 2854 eum
4309 2799 4417 2855 tu-

2454 2878 2632 2937 tores
2712 2884 3032 2937 revocant
3107 2881 3176 2936 et
3258 2872 3373 2937 ubi
3454 2871 3744 2938 detinere
3821 2873 4039 2955 ipsum
4116 2877 4412 2959 cupiunt.

2453 2954 2715 3021 Deinde
2749 2958 2852 3022 fac
2892 2957 3173 3022 istorum
3212 2958 3503 3022 omnium
3542 2957 3708 3023 nihil
3744 2958 4020 3038 obstare,
4067 2962 4415 3044 quominus

2454 3062 2525 3107 se
2581 3043 2750 3107 istuc
2803 3043 3102 3125 recipiat,
3162 3041 3318 3126 quid
3371 3050 3596 3109 tamen
3648 3044 3893 3109 faceret
3945 3055 4082 3110 tam
4140 3045 4415 3113 adverso

2455 3128 2614 3193 anni
2657 3137 2950 3211 tempore
2992 3128 3254 3194 iuvenis
3308 3138 3376 3194 et
3428 3149 3664 3212 parum
3717 3129 3989 3196 robusto
4033 3152 4304 3214 corpore
4347 3140 4416 3197 et

2455 3212 2728 3279 delicate
2786 3214 3147 3292 enutritus,
3206 3223 3274 3280 et
3324 3235 3488 3296 equo
3547 3216 3953 3299 pecuniaque
4014 3216 4412 3282 destitutus?

2452 3301 2623 3365 Erat
2675 3307 2904 3365 tantus
2959 3308 3181 3365 aestus
3236 3321 3439 3383 quum
3481 3302 3818 3367 nobiscum
3868 3301 4281 3381 deliberaret,
4341 3312 4417 3367 ut

2454 3406 2576 3451 nos
2629 3386 2827 3451 Domi
2885 3385 3188 3451 sedentes
3243 3384 3627 3452 debilitaret.
3728 3385 4057 3453 Nummus
4111 3410 4285 3455 unus
4329 3387 4414 3453 ad

2452 3473 2768 3537 viaticum
2838 3493 2973 3537 non
3041 3471 3456 3555 suppetebat:
3527 3480 3669 3538 erat
3732 3471 4081 3538 obaeratus
4147 3473 4410 3558 hospiti.

2452 3557 2643 3622 Nihil
2694 3558 2971 3622 istorum
3024 3566 3143 3622 aut
3191 3559 3371 3643 fingo
3426 3566 3542 3623 aut
3588 3558 3930 3642 amplifico.
4020 3560 4202 3644 Ergo
4253 3561 4415 3625 Tru-

2451 3643 2667 3709 sehius
2709 3643 2866 3724 ipse,
2911 3642 3044 3708 nisi
3077 3642 3288 3720 fallor,
3335 3643 3481 3709 siin
3506 3644 3850 3709 consilium
3877 3654 4049 3710 esset
4069 3646 4412 3711 nobiscum

2455 3728 2808 3806 adhibitus,
2855 3728 3047 3793 nobis
3086 3728 3367 3794 libenter
3411 3750 3716 3795 assensus
3758 3729 4008 3810 fuisset,
4060 3731 4225 3796 nihil
4269 3753 4414 3797 esse

2455 3814 2693 3881 melius
2737 3813 2935 3879 rebus
2987 3815 3081 3879 ita
3132 3813 3464 3897 impeditis
3518 3833 3715 3897 quam
3766 3825 4147 3899 exspectare
4202 3838 4412 3900 usque

2455 3900 2612 3966 dum
2657 3921 2790 3965 non
2833 3898 3044 3965 literis
3087 3907 3351 3964 tantum
3384 3907 3674 3978 vocetur,
3719 3898 3833 3964 sed
3871 3900 3955 3965 ad
3988 3900 4272 3967 reditum
4307 3904 4412 3967 in-

2455 3994 2768 4051 struatur.
2873 3984 3152 4051 Interim
3211 3993 3431 4049 tamen
3493 3984 3871 4050 Truschium
3916 3986 4297 4054 admonebis
4340 3999 4416 4054 ut

2457 4070 2810 4155 diligenter
2853 4069 3181 4153 expendat
3213 4091 3288 4136 ac
3331 4076 3596 4153 reputet
3629 4070 3782 4154 quid
3821 4092 3858 4136 e
3892 4093 3964 4136 re
4002 4073 4415 4157 utilitateque

2454 4156 2717 4223 iuvenis
2761 4156 2848 4222 sit
2886 4156 3202 4221 futurum.
3268 4156 3401 4220 Hic
3443 4176 3657 4239 neque
3711 4158 3951 4221 seritur
3994 4158 4159 4223 mihi
4201 4180 4418 4242 neque

2454 4243 2747 4308 metitur.
2816 4240 2951 4307 Sed
2992 4241 3229 4307 horreo
3265 4240 3424 4316 dum
3466 4242 3809 4307 considero
3851 4242 4198 4309 imminere
4242 4246 4418 4327 peri-

2455 4329 2676 4394 culum
2721 4327 2915 4394 saluti
2961 4329 3102 4392 eius
3146 4327 3581 4392 adulescentis
3624 4348 3819 4410 quem
3856 4329 4111 4394 salvum
4149 4352 4419 4397 servare

2456 4416 2669 4498 cupio,
2737 4414 2882 4479 Iam
2925 4415 3124 4477 finem
3170 4412 3418 4476 faciam.
3489 4413 3661 4477 Nam
3698 4412 3887 4477 vides
3930 4434 4036 4478 me
4072 4418 4418 4498 epistolam

2452 4500 2715 4585 longius
2759 4498 3130 4564 extendisse
3173 4517 3369 4581 quam
3409 4498 3596 4562 initio
3630 4518 4116 4581 proposueram.
4221 4500 4417 4567 Salu-

2455 4587 2626 4652 tabis
2690 4583 2853 4649 mihi
2898 4584 3347 4649 amantissime
3410 4604 3636 4648 omnes
3706 4594 3997 4663 nostroe,
4064 4595 4417 4671 cognatum

2456 4680 2645 4737 tuum
2667 4668 3032 4753 praecipue,
3068 4671 3172 4735 cui
3194 4690 3407 4734 meam
3431 4668 3514 4734 ad
3539 4669 3896 4736 Sadoletum
3923 4673 4419 4755 responsionem

2456 4759 2690 4823 offeres
2766 4763 3117 4838 postquam
3197 4754 3540 4840 legeris:⁴)
3605 4755 3772 4820 mihi
3849 4758 4028 4821 enim
4110 4780 4260 4824 cum
4339 4779 4416 4823 eo

2455 4842 2785 4928 agendum
2831 4851 2934 4906 est
2974 4850 3051 4905 ut
3093 4860 3240 4905 cum
3285 4842 3421 4906 suis
3475 4840 3906 4906 creditoribus
3965 4841 4178 4907 solent
4234 4842 4417 4908 debi-

2454 4940 2632 4994 tores
2686 4930 2799 5012 qui
2875 4925 3190 4993 solvendo
3258 4948 3390 4991 non
3463 4938 3637 4991 sunt.
3756 4927 4175 4993 Munusculis
4237 4930 4416 4994 enim

2455 5036 2566 5080 eos
2613 5014 2972 5092 deliniunt,
3026 5032 3154 5095 quo
3207 5012 3546 5077 solutionis
3588 5031 3842 5078 moram
3897 5013 4252 5096 patientius
4295 5036 4414 5079 ex-

2454 5107 2770 5206 spectent
2859 5097 3030 5164 Vale
3073 5097 3314 5180 optime
3355 5098 3461 5163 vir
3517 5104 3583 5162 et
3640 5097 3811 5162 mihi
3866 5097 3934 5163 in
3982 5097 4270 5165 Domine
4316 5100 4412 5165 di-

2662 5302 2723 5364 4)
2763 5302 2836 5355 In
2867 5307 3146 5372 mareins:
3188 5303 3276 5356 bie
3321 5302 3525 5370 aliquid
3574 5304 3747 5356 deest.
3843 5301 4234 5372 Frambergum
4250 5347 4264 5373 ,
4307 5303 4413 5358 nisi

2455 5373 2813 5441 expergiscat,
2852 5372 3205 5441 lethargicum
3241 5387 3412 5441 paene
3445 5371 3656 5424 factum
3691 5372 3913 5439 putabo.
