5050 6167
399 435 506 494 161

389 626 461 685 ut
492 616 589 683 illi
623 616 1092 696 consuleretur,
1138 618 1464 703 urgebant
1505 638 1732 684 omnes
1771 615 2119 699 Calvinum,
2162 619 2335 684 inter

386 725 543 789 quos
606 723 728 788 ego
787 702 1290 769 decumbentem
1353 705 1553 770 etiam
1622 725 1822 788 supra
1884 725 2081 788 quam
2143 704 2333 771 facile

387 790 531 876 quis
569 789 796 856 credat
836 788 1233 875 premebam,
1282 811 1366 856 ne
1408 791 1692 856 flatrum
1733 791 2079 857 sententiis
2122 788 2332 856 reluc-

386 886 659 942 taretur:
705 876 830 941 etsi
872 874 1089 942 oleum
1131 886 1199 941 et
1234 896 1499 959 operam
1535 876 1820 942 sciebam
1852 875 1990 942 illic
2016 877 2331 959 peritura,

384 964 533 1047 quia
574 961 730 1046 quid
764 972 1242 1046 proponeretur
1288 960 1366 1026 de
1411 962 1634 1027 hostili
1679 963 1898 1028 animo
1940 962 2149 1045 ipsius
2192 982 2331 1027 ma-

382 1048 697 1134 gistratus
742 1060 809 1113 ot
852 1069 1077 1113 eorum
1120 1049 1234 1131 qui
1286 1068 1439 1114 cum
1494 1069 1569 1113 eo
1624 1046 1989 1114 faciebant?
2079 1049 2331 1114 Tamen

382 1157 515 1201 non
595 1142 916 1200 cessatum
982 1134 1108 1199 fuit
1173 1132 1287 1200 sed
1351 1134 1508 1199 totis
1572 1132 1824 1199 viribus
1889 1135 2193 1200 effectum
2258 1142 2334 1200 ut

385 1219 686 1288 Galvim
719 1242 794 1285 eo
830 1219 1254 1286 contenderit.
1343 1220 1538 1285 Nunc
1587 1221 1701 1286 ubi
1734 1221 1831 1304 pii
1865 1221 2102 1286 fratres
2148 1230 2332 1286 tanto

380 1307 614 1374 ardore
664 1307 968 1391 flagitant
1028 1305 1392 1386 Calvinum,
1458 1314 1555 1371 tot
1596 1305 1825 1383 literis,
1894 1313 1990 1371 tot
2053 1306 2328 1385 nunciis,

379 1413 581 1478 quare
639 1393 943 1458 omnibus
1006 1392 1218 1457 modis
1274 1390 1646 1457 conandum
1699 1400 1872 1458 esset
1923 1403 1998 1456 ut
2051 1391 2161 1456 vel
2224 1413 2328 1457 acÎ‡

378 1479 746 1564 quiesceret
814 1479 1093 1562 populus
1161 1479 1463 1562 excipere
1519 1478 1791 1544 fratrem
1808 1530 1826 1557 ,
1896 1499 2087 1543 nemo
2143 1476 2329 1544 adest

375 1566 501 1650 piis
546 1564 616 1629 in
661 1572 797 1629 tam
841 1573 1069 1630 sancto
1112 1564 1455 1642 desiderio,
1502 1585 1696 1630 nemo
1740 1586 1824 1629 ex
1865 1563 1996 1628 illis
2038 1562 2327 1630 ecclesiis

416 1671 543 1717 uae
586 1651 817 1735 Tiguri
862 1658 1310 1717 convenerant
1360 1651 1567 1716 instat
1616 1659 1691 1715 ut
1732 1649 1959 1716 redeat
2005 1648 2324 1716 Calvina-3.

374 1674 585 1803 qrobis
620 1736 917 1820 relinquo
941 1735 1419 1820 dispiciendum
1481 1735 1598 1801 uid
1618 1736 1853 1801 merito
1876 1735 2325 1818 unusquisque

374 1834 593 1908 potest
631 1820 807 1906 apud
850 1842 921 1888 se
965 1823 1247 1906 cogitare
1284 1822 1365 1887 de
1400 1824 1444 1887 fi
1492 1844 1527 1886 6
1562 1822 1926 1888 constantia
1948 1822 2328 1904 integritate

376 1930 605 1976 eorum
648 1908 761 1992 qui
803 1907 1148 1975 Genevam
1183 1908 1589 1991 scripserunt
1608 1928 1686 1973 ac
1706 1909 1943 1972 fratres
1965 1905 2327 1991 adegerunt

375 2017 448 2062 eo
493 1995 838 2080 proficisci,
896 1995 1209 2059 nimirum
1261 2002 1340 2059 ut
1390 1994 1560 2058 nihil
1613 1994 1832 2059 minus
1884 1994 2076 2058 fieret
2126 2014 2323 2076 quam

374 2080 549 2165 quod
606 2078 968 2164 petebatur:
1036 2079 1205 2163 quod
1272 2080 1329 2145 si
1395 2080 1690 2145 futurum
1757 2086 2131 2162 sperassent
2193 2099 2326 2144 non

373 2168 589 2253 magis
652 2176 814 2232 tunc
888 2167 1180 2250 egissent
1242 2186 1441 2249 super
1506 2166 1631 2231 hac
1696 2185 1770 2229 re
1834 2186 2030 2249 quam
2099 2176 2320 2248 agunt,

374 2252 558 2320 Sane
667 2273 742 2317 ro
850 2252 1020 2317 loria
1081 2251 1353 2317 Domini
1410 2272 1485 2316 ac
1541 2273 1659 2335 pro
1718 2259 1901 2316 tanto
1958 2249 2327 2316 ministerio

372 2360 537 2406 conc
660 2340 747 2402 'to
848 2338 1044 2404 ebent
1097 2338 1333 2403 fratres
1388 2358 1459 2402 sa
1575 2358 1703 2416 ere,
1761 2356 1848 2402 ne
1900 2336 2045 2418 quis
2099 2337 2192 2401 ita
2246 2336 2327 2401 de

371 2426 538 2510 ipsis
577 2426 814 2489 merito
858 2426 1101 2489 sentire
1146 2422 1394 2488 debeat.
1551 2443 1737 2487 erum
1790 2421 1954 2487 nihil
2014 2422 2102 2488 sit
2202 2420 2329 2487 uod

371 2513 518 2596 quis
577 2513 671 2575 ita
728 2510 996 2575 deberet
1057 2509 1363 2586 iudicare,
1432 2507 1604 2591 quod
1667 2508 1777 2573 vel
1841 2509 2011 2574 caeci
2079 2509 2145 2574 vi
2194 2516 2325 2586 ent,

371 2598 568 2664 aliter
606 2618 737 2662 non
774 2616 962 2679 posse
999 2597 1160 2660 fieri.
1250 2594 1580 2677 Numquid
1621 2593 1983 2660 aedificatio
2018 2595 2327 2660 ecclesiae

371 2684 525 2749 talis
570 2703 647 2748 ac
690 2690 913 2747 tantae
957 2702 1184 2746 omnes
1229 2679 1420 2747 debet
1461 2701 1747 2759 movere,
1803 2681 1857 2745 si
1913 2700 2044 2744 non
2100 2701 2328 2746 sumus

371 2792 448 2835 ex
499 2767 1024 2834 aedificatoribus
1066 2766 1295 2843 Babel,
1342 2767 1449 2849 qui
1488 2788 1557 2831 se
1594 2788 1723 2831 non
1763 2766 2159 2850 intelligunt,
2205 2786 2329 2831 nec

371 2876 587 2921 unum
632 2862 788 2919 sunt
829 2873 1064 2936 corpus
1110 2855 1338 2919 vivens
1381 2873 1457 2918 ac
1500 2873 1733 2918 sensus
1777 2851 2044 2931 habens,
2085 2852 2159 2916 in
2201 2873 2327 2936 quo

371 2938 671 3007 membra
713 2941 1008 3006 sentiunt
1063 2948 1129 3004 et
1171 2946 1407 3005 curant
1447 2959 1613 3021 quae
1658 2937 1802 3003 aliis
1858 2938 2049 3003 utilia
2093 2958 2168 3004 ac
2213 2959 2326 3004 ne-

372 3027 677 3103 cessaria,
725 3032 801 3090 ut
844 3024 1242 3092 contendant
1286 3024 1529 3110 singuli
1572 3032 1645 3089 ut
1702 3045 1962 3107 compos
2020 3025 2137 3088 fiat
2192 3026 2326 3090 voti

372 3114 440 3178 in
464 3122 607 3179 tam
645 3120 870 3177 sancto
905 3110 1275 3177 desiderio?
1338 3110 1723 3176 Privabitur
1758 3111 2029 3176 ecclesia
2063 3120 2329 3193 propter

371 3200 584 3265 malos
628 3197 745 3263 tali
791 3197 1089 3281 pastore?
1135 3218 1257 3263 nec
1292 3197 1532 3281 poterit
1566 3205 1823 3261 tantum
1860 3196 1970 3279 pia
1998 3203 2065 3261 et
2088 3195 2327 3261 ardens

372 3285 694 3369 flagitatio
739 3284 997 3349 efficere
1038 3303 1158 3368 pro
1202 3282 1677 3348 restauratione
1714 3281 2023 3348 ecclesiae
2069 3302 2144 3348 ac
2190 3284 2328 3365 pio-

371 3392 525 3435 rum
560 3370 1019 3447 consolatione,
1057 3378 1376 3454 quantum
1411 3369 1967 3452 iniquissimorum
2007 3369 2328 3451 perscele-

372 3457 857 3521 ratissimorum
937 3454 1299 3540 ablegatio?
1413 3455 1704 3533 Fratres,
1774 3464 2093 3537 quantum
2173 3455 2328 3520 estis

371 3542 632 3608 Christi
674 3563 749 3607 ac
808 3541 1008 3607 vultis
1064 3541 1351 3608 ecclesiis
1400 3540 1786 3620 consultum,
1844 3563 1960 3606 vos
2019 3540 2326 3621 obtestor,

372 3630 553 3714 agite
597 3628 667 3693 in
713 3649 783 3693 re
827 3637 965 3692 tam
1012 3627 1376 3694 necessaria
1432 3625 1603 3710 apud
1661 3647 1907 3705 omnes,
1966 3646 2050 3690 ne
2107 3627 2328 3710 gravis

372 3714 469 3779 ira
533 3715 658 3780 Dei
719 3712 801 3778 ob
858 3713 986 3779 tale
1043 3713 1453 3797 sacrilegium
1512 3735 1629 3778 nos
1686 3712 1903 3777 feriat:
1963 3733 2096 3777 non
2152 3712 2329 3777 enim

457 3821 647 3866 ssum
694 3799 885 3865 aliter
928 3799 1323 3876 existimare,
1381 3797 1882 3881 prohibitionem
1939 3800 2219 3880 pastoris
2263 3806 2332 3863 et

417 3886 901 3970 enegationem,
941 3886 1050 3951 ubi
1089 3884 1391 3950 omnibus
1414 3893 1549 3950 tam
1574 3886 1897 3949 instanter
1931 3885 2327 3968 exposcitur,

415 3993 575 4037 uam
632 3971 984 4036 nefandum
1049 3971 1493 4054 sacrilegium,
1560 3971 1747 4036 cuius
1813 3971 2048 4036 merito
2104 3992 2330 4037 omncs

419 4058 662 4124 ebeant
715 4077 957 4142 poenas
1006 4057 1210 4122 luere.
1312 4056 1618 4121 Demiror
1682 4055 1881 4121 talem
1944 4065 2010 4119 et
2075 4065 2327 4122 tantam

374 4144 874 4228 negligentiam,
909 4145 980 4207 in
1008 4143 1281 4208 minima
1302 4144 1501 4208 etiam
1526 4143 1796 4208 ecclesia
1817 4164 1948 4207 non
1972 4142 2326 4221 ferendam,

376 4252 459 4295 ne
498 4229 716 4296 dicam
762 4230 831 4293 in
872 4230 987 4294 tali
1034 4228 1206 4294 unde
1251 4229 1444 4293 ruina
1488 4242 1600 4293 aut
1639 4229 2000 4294 aedificatio
2046 4230 2329 4293 maxime

374 4316 449 4379 in
506 4335 735 4381 omnes
790 4312 1157 4393 derivatur,
1217 4316 1561 4398 praecipue
1616 4314 1861 4380 Gallos.
1962 4313 2234 4393 Curate,
2290 4336 2328 4380 o

377 4402 619 4468 fratres
662 4423 856 4484 quam
901 4401 1237 4477 carissimi,
1282 4401 1491 4465 modis
1527 4400 1828 4465 omuibus
1865 4409 1941 4464 ut
1977 4399 2328 4483 prospicia-

378 4494 492 4552 tur
535 4488 866 4566 ecclesiae,
909 4508 1076 4570 quae
1119 4508 1306 4570 opem
1360 4486 1682 4569 implorat,
1737 4494 1804 4550 et
1859 4494 1996 4550 tam
2053 4487 2329 4569 supplex

378 4584 711 4658 pastorem
765 4574 1048 4656 reposcit
1100 4593 1308 4637 suum.
1410 4571 1736 4636 Dominus
1792 4571 1980 4636 Iesus
2034 4575 2327 4636 omnium

379 4668 610 4744 tangat
651 4658 850 4725 corda
903 4667 976 4723 ut
1030 4669 1164 4723 toto
1219 4657 1347 4739 ipsi
1396 4667 1657 4740 pectore
1712 4657 2094 4734 serviamus,
2149 4657 2327 4722 aliud

1464 4743 1714 4820 loriam,
1758 4744 1997 4808 intenti
2033 4743 2326 4808 omnium

380 4766 517 4810 non
559 4764 955 4829 quaeramus
997 4764 1193 4826 quam
1235 4743 1375 4808 eius

1479 4828 1647 4893 alete
1704 4850 1900 4912 quam
1954 4828 2198 4912 optime
2252 4852 2328 4896 ac

381 4830 805 4898 ecclesiarum
858 4829 1309 4895 aedificationi.

383 4916 545 4982 mihi
590 4915 869 4981 salutato
912 4915 1377 4981 officiosissime
1426 4922 1726 4978 senatum
1782 4922 2093 4994 vestrum,
2153 4936 2327 4981 com-

382 5001 692 5067 mendate
746 5000 1054 5067 ecclesiae
1108 5009 1243 5066 tam
1300 5000 1535 5064 misere
1588 5001 1655 5062 in
1712 4999 1934 5066 Gallia
1988 4999 2327 5067 divexatos

382 5089 619 5155 fratres
675 5087 756 5154 ob
811 5087 1261 5169 evangelium,
1328 5108 1409 5151 ne
1479 5085 1802 5150 Dominus
1867 5085 2042 5151 sinat
2095 5108 2203 5152 eos
2259 5088 2326 5151 in

382 5175 687 5240 manibus
740 5173 1047 5252 hostium,
1103 5195 1221 5238 nec
1278 5173 1563 5254 patiatur
1618 5192 1870 5254 quoque
1924 5171 2171 5254 aliquid
2228 5173 2329 5236 in-

387 5260 657 5344 dignum
726 5258 994 5324 Christo
1059 5281 1285 5342 agere,
1352 5257 1466 5323 sed
1532 5264 1903 5324 constantes
1965 5278 2040 5323 ac
2105 5259 2329 5323 firmos

387 5355 724 5412 conservet
802 5346 874 5409 in
953 5345 1225 5409 veritate
1317 5344 1701 5409 christiana:
1794 5343 2113 5427 siquidem
2195 5364 2328 5409 non

596 5446 817 5503 Galm'mâ€˜
844 5460 1029 5516 opera.
1113 5445 1223 5501 Vol.
1262 5443 1370 5498 XI.

2056 434 2085 491 1
2100 430 2219 495 541
2266 428 2732 500 FEBRUAR.

4270 443 4394 507 162

2437 641 2669 706 parum
2694 630 2796 688 tot
2816 623 3008 690 malis
3036 626 3517 704 concutiuntur,
3559 624 3719 691 adeo
3761 636 3853 705 ut,
3895 626 4020 692 nisi
4063 629 4396 698 Dominus

2435 727 2749 791 praesens
2795 730 2906 775 eos
2949 708 3237 790 adiuvet,
3284 710 3651 777 timendum
3691 733 3949 796 quoque
3993 736 4077 781 ue
4119 722 4398 798 peccent

2437 802 2506 859 et
2581 794 2921 860 offendant
3002 797 3308 880 graviter.
3435 796 3631 879 Quod
3704 799 4033 865 Dominus
4117 808 4396 869 avertat.

2437 879 2766 960 Neocomi,
2811 888 2886 947 ut
2927 882 3101 949 soleo
3138 882 3268 948 alia
3302 884 3582 951 scribere
3617 885 3876 968 saepius
3911 885 4390 970 interpellatus.

2438 969 2541 1031 21.
2587 966 2935 1033 Februarii
2987 973 3168 1034 1541.

3409 1106 3712 1173 Farellus
3756 1117 3977 1176 vester
4020 1116 4212 1176 totus.

2611 1260 2873 1326 Literas
2919 1266 3179 1324 nostras
3223 1260 3305 1326 ad
3352 1261 3427 1326 'Pi
3479 1261 3702 1328 urinos

2633 1366 2752 1429 per
2793 1345 2998 1411 fidum
3042 1344 3326 1429 aliquem
3370 1349 3666 1413 mittetis.

3337 1791 3483 1859 28â°.

2432 1928 2555 1995 LE
2601 1911 2907 1995 samm
2963 1929 3089 1995 DE
3145 1928 3581 2081 Bssfflsi
3637 1930 3922 1999 cmm
3979 1931 4105 1998 DE
4161 1932 4396 2000 LAU-

2609 2184 2781 2252 ceux
2839 2188 2918 2254 de
2983 2187 3324 2253 Lausanne
3387 2188 3743 2269 impatiente*
3805 2188 3881 2253 de
3940 2189 4076 2255 voir
4138 2190 4392 2255 revem'r

2449 2273 2625 2338 Vin-et
2665 2272 2916 2339 avaient
2957 2272 3214 2338 sollicite
3252 2292 3362 2337 son
3404 2272 3641 2356 rappel.
3741 2274 3852 2340 Ils
3894 2280 4030 2340 sont
4069 2275 4297 2340 invites
4339 2275 4386 2340 á½°

2432 2378 2499 2424 se
2542 2362 2842 2425 concentor
2872 2360 3392 2441 provisoirement
3432 2358 3507 2424 de
3549 2359 3717 2425 leurs
3777 2364 3989 2425 autres
4041 2361 4378 2426 ministres.

2432 2530 2727 2598 (Archino
2761 2530 2831 2584 de
2866 2531 3061 2584 Berne.
3133 2528 3349 2583 Welsch
3384 2529 3717 2583 Missivbuch
3735 2530 3858 2584 Vol.
3893 2530 3953 2584 B.
3988 2531 4081 2584 fol.
4117 2529 4237 2586 235.
4295 2532 4388 2586 En

2931 2599 3040 2653 tete
3076 2613 3145 2652 on
3183 2598 3271 2652 lit:
3311 2598 3572 2652 Lamnae
3617 2598 3877 2664 Vir-etus.)

2547 2789 2702 2853 Aux
2746 2786 2970 2854 nobles
3013 2785 3301 2870 prudans
3344 2807 3509 2852 nous
3553 2786 3904 2853 treschiers
3949 2794 4017 2852 et
4054 2786 4276 2853 feaulx

2663 2873 3182 2957 Bourgimaistre
3227 2881 3294 2936 et
3336 2870 3600 2937 Conseil
3646 2872 3726 2937 de
3771 2874 4142 2939 Lausanne.

2607 3009 2848 3074 Nostro
2891 3008 3169 3074 amiable
3214 3008 3563 3073 salutation
3607 3009 3851 3074 devant
3890 3009 4072 3076 mise.
4145 3009 4206 3074 N
4207 3009 4386 3076 obles

2433 3094 2728 3179 prudans
2783 3092 3132 3160 treschiers
3187 3102 3255 3159 et
3305 3094 3544 3159 feaulx.
3642 3095 3828 3159 Nous
3885 3115 4095 3159 avons
4153 3114 4383 3160 receuz

2433 3202 2597 3248 vous
2641 3181 2873 3247 lecu-es
2916 3186 3345 3246 concernants
3398 3181 3667 3245 maistre
3754 3180 3924 3245 ierre
3976 3181 4150 3246 Viret
4202 3187 4270 3246 et
4321 3180 4388 3247 16

2433 3274 2752 3333 contenuz
2797 3265 3058 3332 dicelles
3100 3265 3252 3331 bien
3296 3264 3640 3330 entenduz.
3764 3286 4017 3350 urquoy
4060 3287 4226 3333 vous
4270 3266 4387 3332 ad-

2433 3353 2662 3419 visons
2703 3373 2830 3436 que
2873 3373 3039 3436 pour
3082 3351 3143 3416 le
3187 3351 3337 3416 bien
3383 3358 3449 3415 et
3491 3350 3971 3417 redressement
4010 3351 4091 3417 de
4125 3352 4386 3437 lesglise

2436 3439 2518 3505 de
2542 3438 2817 3504 Geneve
2853 3459 2894 3504 a
2934 3459 3103 3503 nous
3125 3436 3655 3523 Combourgeoys
3700 3435 3927 3501 dudict
3968 3436 4133 3502 lieus
4177 3460 4383 3505 avons

2436 3525 2733 3610 oultroye
2798 3524 2859 3590 16
2926 3523 3060 3590 dict
3122 3524 3391 3589 maistre
3446 3524 3661 3607 pierre
3715 3544 3836 3608 par
3894 3523 4149 3588 certain
4206 3530 4386 3608 temp

2435 3609 2649 3693 lequel
2693 3618 2842 3676 nest
2883 3631 3002 3694 pas
3044 3629 3263 3694 passe:
3325 3608 3487 3674 dont
3531 3630 3614 3673 ne
3667 3629 3941 3675 scavons
3997 3609 4250 3675 reculer
4306 3610 4387 3677 de

2434 3704 2660 3763 nostre
2682 3717 3034 3779 promesse,
3082 3695 3225 3761 ains
3247 3705 3417 3761 estre
3462 3715 3652 3779 passe
3673 3693 3872 3760 ledict
3913 3702 4096 3778 temp
4132 3694 4384 3762 reduisÎ‡

2437 3803 2593 3847 rons
2617 3804 2700 3847 en
2722 3783 3033 3848 memoire
3055 3790 3276 3847 vostre
3301 3781 3468 3845 dicte
3504 3781 3720 3846 lectre.
3796 3779 4184 3863 Cependant
4218 3802 4388 3848 nous

2434 3881 2671 3934 tenons
2715 3889 2880 3951 pour
2921 3889 3220 3934 asseures
3264 3868 3412 3951 puis
3460 3887 3705 3948 quaves
3748 3884 3984 3930 ancore
4028 3886 4262 3950 aupres
4307 3868 4390 3933 de

2437 3975 2604 4019 vous
2649 3953 2762 4019 des
2807 3955 2970 4020 bons
3026 3962 3293 4037 experts
3350 3961 3417 4018 et
3471 3949 3778 4017 honestes
3829 3951 4204 4035 predicants
4259 3975 4392 4037 que

2437 4040 2843 4105 nadviendra
2887 4039 3176 4124 aulcuug
3211 4036 3554 4104 escandale
3592 4059 3677 4103 ne
3716 4058 3958 4103 erreur.
4029 4038 4182 4103 Dat.
4221 4040 4392 4122 xxij.

2434 4124 2749 4191 februarii
2794 4146 2970 4191 anno
3012 4133 3129 4190 etc.
3178 4125 3292 4208 xlj.

3567 4260 3732 4326 Lad.
3779 4273 3846 4327 et
3889 4260 3964 4326 O.
4011 4259 4091 4325 de
4136 4261 4214 4326 B.

3209 4522 3614 4532 â€”â€”â€”â€”-â€”Î‡â€”

3328 4706 3478 4776 281.

2987 4841 3326 4909 CAPI'PO
3370 4841 3834 4909 FARELLO.

2609 5014 2834 5081 Denuo
2877 5015 3208 5080 &astantem
3264 5020 3320 5078 et
3374 5015 3591 5080 acrius
3643 5019 3958 5097 umentem
4012 5017 4082 5077 ut
4133 5013 4388 5081 tandem

2432 5102 2778 5184 aliquando
2802 5099 3105 5165 Galvems
3137 5100 3594 5165 Genevensibus
3624 5101 3999 5176 concedatur,
4036 5104 4398 5179 exspectare

2434 5188 2603 5254 iubet
2642 5188 2794 5253 dum
2836 5186 2943 5252 ille
2988 5185 3331 5251 Ratisbona
3375 5207 3660 5252 reversus
3698 5186 3909 5267 fuerit.

2669 5358 2780 5426 (nx
2816 5357 3152 5428 autographo
3188 5358 3324 5412 sibi.
3362 5342 3565 5412 donov.
3602 5356 3728 5411 eod.
3768 5351 4013 5494 110,1f{â€º1.
4048 5354 4160 5423 cs.)
