5050 6167
396 456 500 517 101

388 641 496 708 (Ex
538 658 609 693 an
804 640 877 694 ho
922 640 1068 693 Bibl.
1104 644 1383 709 postorum
1422 638 1888 708 Neoeomeusinm.
1960 638 2099 718 Epp.
2138 637 2338 691 Fan-elli

384 711 554 765 {ascie-
575 711 647 763 11.
736 728 779 764 r.
808 710 859 762 5.
912 709 1235 777 Πάσιρα-ο
1270 725 1301 761 e
1343 708 1534 761 istolae
1570 725 1734 760 manu
1753 723 2096 760 amanuensis
2114 706 2335 774 scripta,

1150 776 1275 829 finis
1361 777 1560 842 arelli.)

497 1054 509 1067 ⁹
550 966 771 1067 Quam
809 966 1219 1048 optatissimo
1260 966 1451 1030 fratri
1474 966 1570 1030 Io.
1607 964 1885 1030 Calvino
1930 973 2338 1049 symmystae

382 1073 734 1120 carissimo.

1758 1136 2164 1202 Vormaciae.

554 1275 625 1341 S.
715 1275 999 1340 Potesne
1056 1273 1355 1341 dubitare
1409 1275 1539 1338 iam
1594 1272 1675 1338 de
1729 1287 1844 1337 tua
1906 1273 2332 1350 revocatione,

380 1384 464 1427 an
490 1359 593 1449 [a]
618 1359 767 1425 Deo
788 1360 916 1427 sit?
978 1361 1188 1425 Putas
1223 1360 1421 1425 aliam
1456 1381 1600 1425 esse
1634 1358 2022 1424 certiorem?
2089 1360 2339 1425 Passus

379 1460 480 1514 est
535 1456 809 1513 senatus
864 1456 931 1512 et
991 1446 1300 1529 populus,
1360 1467 1432 1512 se
1491 1446 1726 1510 merito
1790 1467 2055 1527 passum
2117 1447 2340 1509 omnia

377 1535 755 1616 maioraque
799 1531 1035 1598 debere
1096 1532 1177 1596 ob
1238 1532 1614 1615 profligatos
1679 1545 2004 1613 pastores,
2072 1539 2339 1612 tamque

378 1633 670 1685 atrocem
693 1618 999 1683 iniuriam
1034 1618 1104 1682 in
1130 1618 1346 1682 Deum
1384 1627 1451 1682 et
1484 1617 1760 1681 verbum
1798 1639 2009 1694 suum,
2055 1631 2123 1681 et
2166 1616 2339 1682 hano

377 1727 580 1772 unam
623 1723 967 1788 superesse
1011 1705 1185 1769 viam
1231 1713 1305 1768 ut
1355 1703 1627 1768 verbum
1688 1724 1851 1786 pure
1907 1701 2219 1767 doceatur
2274 1713 2342 1767 et

377 1791 771 1874 excipiatur:
818 1788 991 1873 quod
1036 1801 1110 1854 ιιι
1150 1791 1286 1866 fiat,
1332 1801 1399 1854 te
1443 1787 1844 1853 evocandum
1888 1809 1964 1855 ac
1999 1787 2169 1853 nihil
2205 1808 2336 1852 non

377 1876 712 1961 agendum
755 1887 831 1941 ut
874 1877 1119 1941 venias.
1190 1874 1397 1958 quue
1440 1896 1589 1940 cum
1632 1873 1943 1958 lacrymis
1986 1874 2337 1950 decretum,

378 1963 483 2028 vel
540 1963 759 2046 potius
815 1960 1114 2026 auditum
1173 1974 1240 2024 et
1302 1971 1672 2026 narratum:
1733 1958 1847 2025 sed
1914 1981 2066 2025 cum
2129 1958 2340 2023 multa

377 2049 633 2115 laetitia
674 2046 1053 2113 discessum.
1127 2047 1354 2113 Habes
1397 2047 1606 2130 igitur
1649 2047 1892 2111 bonum
1936 2067 2181 2124 senem,
2227 2045 2338 2127 qui

380 2134 484 2201 vel
552 2136 983 2200 Lausannam
1050 2154 1256 2217 usque
1333 2132 1464 2197 alia
1538 2151 1738 2198 causa
1815 2131 2025 2197 noluit
2091 2131 2337 2208 venire,

378 2233 687 2287 causatus
731 2219 1081 2303 quaedam:
1129 2217 1245 2284 sed
1291 2219 1397 2284 ubi
1441 2231 1709 2302 rogatus
1752 2217 1877 2282 fuit
1933 2239 2049 2300 pro
2094 2218 2190 2281 t-ui
2235 2236 2338 2280 re-

378 2307 750 2382 vocatione,
809 2306 1033 2371 statim
1089 2324 1233 2370 sese
1290 2303 1560 2379 obtulit,
1622 2304 1793 2370 ultro
1852 2303 2141 2368 Bernam
2188 2322 2339 2367 eon-

377 2393 594 2472 oessit,
641 2413 789 2457 oum
834 2403 1068 2456 senatu
1111 2389 1264 2474 egit,
1310 2390 1418 2455 cui
1460 2390 1585 2454 fuit
1627 2410 1826 2473 quam
1864 2389 2338 2473 gratissimum:

377 2478 576 2562 idque
620 2479 918 2561 responsi
956 2477 1203 2552 habuit,
1241 2475 1434 2541 valde
1468 2475 1727 2558 placere
1750 2476 2005 2541 senatui
2030 2474 2344 2540 affectum

377 2573 517 2631 tam
556 2565 742 2648 pium
784 2563 1231 2629 Gencvatium
1275 2564 1345 2626 in
1394 2577 1477 2640 te,
1524 2581 1793 2644 remque
1850 2570 1987 2625 tam
2046 2567 2343 2626 sanctam

378 2672 544 2731 esse,
587 2651 718 2715 imo
760 2669 959 2733 quam
1002 2650 1502 2723 sanctissimam,
1549 2647 1712 2712 adeo
1756 2654 1832 2710 ιιι
1870 2667 2004 2711 ιιοιι
2044 2645 2345 2712 dubitent

378 2740 979 2821 Argentoratenses
1045 2735 1219 2800 ultro
1284 2734 1583 2798 facturos.
1694 2731 1854 2797 Ideo
1927 2734 1999 2797 in
2066 2753 2138 2797 re
2208 2745 2344 2795 tam

378 2832 615 2906 aperta
656 2821 899 2904 scripto
944 2840 1078 2886 non
1124 2841 1265 2886 esse
1310 2841 1494 2903 opus.
1545 2818 1776 2893 ,Illinc
1820 2838 1929 2882 me
1981 2817 2212 2883 invisit
2269 2835 2345 2881 ac

380 2921 454 2974 ut
518 2929 744 2975 secum
808 2907 1107 2972 venirem
1171 2906 1458 2990 rogavit,
1530 2917 1801 2971 senatus
1882 2904 2106 2969 literas
2181 2902 2345 2968 mihi

380 2992 675 3072 tradens,
720 2993 956 3077 quibus
997 2991 1226 3057 iubeor
1269 2992 1492 3056 omnia
1521 3012 1717 3075 agere
1752 3005 1829 3055 ut
1865 2988 2110 3057 redeas.
2178 2990 2342 3073 Ego,

381 3082 434 3146 si
489 3100 833 3163 sperarem
885 3097 951 3144 te
1006 3075 1439 3144 difficiliorem
1503 3078 1669 3154 fore,
1737 3090 1912 3142 certe
1978 3079 2216 3142 iterum
2282 3088 2347 3139 te

383 3166 670 3233 adirem:
712 3164 829 3231 sed
870 3174 1032 3249 puto
1075 3175 1141 3228 te
1174 3164 1351 3228 nolle
1394 3164 1689 3228 divexat-i
1725 3183 1833 3227 me
1866 3164 2100 3246 magis,
2144 3181 2347 3246 quum

385 3255 551 3319 satis
593 3263 659 3316 te
700 3251 944 3316 invitet
987 3250 1240 3317 Obristi
1284 3271 1499 3316 causa.
1589 3248 1764 3314 Vide
1820 3249 2028 3332 igitur
2068 3248 2347 3332 diligen-

383 3338 641 3404 tissime
682 3359 832 3404 cum
870 3334 1187 3402 fratribus
1229 3332 1311 3401 de
1345 3333 1804 3400 constituenda
1835 3334 2126 3411 ecclesia,
2171 3342 2240 3398 et
2274 3340 2352 3398 ut

383 3445 521 3490 non
564 3423 779 3491 solum
822 3421 1114 3488 Buoems
1153 3430 1370 3487 tecum
1416 3422 1658 3494 veniat,
1696 3442 1930 3486 verum
1954 3440 2093 3484 una
2113 3419 2350 3502 aliquis

383 3512 534 3594 pius
599 3519 893 3587 senator,
959 3519 1035 3572 ut
1098 3529 1205 3574 res
1262 3508 1357 3573 sic
1414 3517 1845 3589 componatur
1899 3526 2026 3589 quo
2070 3524 2346 3589 regnum

385 3596 648 3662 Christi
704 3596 904 3661 latius
961 3592 1355 3659 extendatur
1413 3603 1479 3657 et
1534 3592 1800 3658 altiores
1866 3607 2019 3677 agat
2076 3590 2344 3656 radices.

389 3684 466 3748 Si
510 3680 783 3749 comitia
824 3680 1323 3745 Vormaciensia
1368 3690 1434 3743 te
1478 3677 1882 3761 aliquamdiu
1927 3685 2350 3742 remorantur

387 3771 557 3849 (non
611 3768 791 3832 enim
859 3765 1291 3832 deserendum
1362 3775 1463 3829 est
1528 3775 1788 3829 tantum
1844 3766 2072 3846 opus),
2130 3772 2349 3828 tamen

386 3875 551 3919 cura
590 3865 668 3917 ut
711 3866 777 3918 te
818 3853 1039 3935 ipsum
1081 3851 1408 3933 expedias,
1455 3862 1522 3914 et
1565 3850 1648 3915 ad
1693 3858 1949 3914 tantum
1994 3869 2158 3932 opus
2203 3847 2350 3912 dili-

389 3939 776 4089 {entissime
811 3936 1140 4015 adcurras,
1187 3957 1398 4020 neque
1435 3936 1732 4020 negligas
1775 3945 1851 3999 ut
1885 3956 2044 4001 suus
2079 3934 2351 4001 Christo

438 4045 603 4091 onor
646 4024 1035 4089 restituatur
1078 4024 1148 4087 in
1193 4030 1278 4100 te,
1325 4043 1401 4088 ac
1444 4041 1610 4105 quae
1645 4029 1803 4087 sunt
1846 4021 2100 4086 vicinae
2146 4019 2350 4086 ecole-

389 4111 526 4176 siae
569 4118 1065 4192 componantur.
1157 4105 1235 4173 Si
1279 4110 1478 4175 scires
1522 4115 1601 4172 ut
1643 4107 1932 4192 gestiant
1989 4126 2214 4171 omnes
2259 4107 2353 4189 pii

391 4205 459 4262 te
500 4195 749 4274 videre,
794 4215 870 4260 ac
914 4214 1115 4279 quam
1161 4194 1513 4277 ringantur
1556 4192 1718 4276 lupi,
1765 4192 1921 4257 dum
1959 4191 2240 4257 audiunt
2273 4190 2352 4256 de

392 4288 460 4348 te
513 4281 719 4346 verba
782 4281 956 4357 fieri,
1023 4290 1201 4345 totus
1263 4291 1454 4344 extra
1509 4289 1573 4343 te
1630 4300 1823 4345 esses.
1926 4277 2200 4343 Grande
2254 4286 2356 4342 est

394 4388 560 4451 opus
605 4368 876 4433 Domini
920 4365 1042 4431 hoc
1074 4365 1149 4429 in
1191 4385 1319 4447 quo
1355 4366 1474 4429 tibi
1500 4364 1813 4449 gratulor,
1849 4376 2044 4446 teque
2067 4364 2357 4430 obtestor

395 4475 517 4538 per
560 4451 905 4518 Christum
948 4452 1169 4517 Iesum
1212 4459 1285 4515 ut
1329 4450 1831 4534 diligentissime
1866 4450 2243 4532 exsequaris
2285 4449 2353 4514 id

397 4538 485 4605 ad
525 4538 699 4623 quod
756 4552 821 4603 te
863 4550 1127 4603 revocat
1181 4537 1527 4602 Dominus.
1629 4537 1803 4602 Nam
1857 4536 1950 4601 sic
1994 4545 2059 4599 te
2103 4534 2357 4617 expulit

396 4635 475 4690 nt
515 4626 851 4708 potentius
894 4625 965 4688 in
1008 4621 1251 4707 populo
1293 4622 1565 4688 Domini
1608 4641 1686 4687 ao
1728 4621 1962 4686 maiori
2006 4621 2357 4685 autoritate

398 4719 590 4775 tuum
630 4711 1003 4776 absolveres
1044 4730 1301 4774 munus.
1392 4707 1560 4774 Vale
1594 4719 1662 4773 et
1700 4708 1877 4785 veni,
1923 4707 1979 4771 si
2016 4706 2357 4772 Christum

401 4817 537 4861 non
578 4817 849 4880 prorsus
891 4795 1216 4861 aversaris
1260 4801 1620 4860 vocantem.
1722 4792 1957 4860 Saluta
2014 4812 2242 4857 omnes
2286 4794 2355 4856 in

402 4881 709 4948 Domino.
828 4880 1134 4947 Christus
1203 4878 1507 4945 omnibus
1573 4878 1763 4945 adsit.
1875 4878 2187 4945 Neocomi
2252 4881 2353 4942 31.

406 4966 710 5034 Octobris
766 4971 946 5032 1540.

574 5052 992 5119 Gravissima
1016 5050 1064 5137 ¹)
1108 5052 1522 5134 persequutio
1566 5051 1890 5116 intentata
1934 5059 2035 5113 est
2078 5050 2359 5115 Provin-

411 5307 674 5448 εει-03
698 5307 1335 5449 avam&
1368 5323 1541 5431 ae·
1594 5321 1843 5375 w·
1907 5334 1973 5344 -
2041 5303 2131 5359 12‘
2178 5321 2358 5375 m·

1878 451 2042 515 1540
2082 445 2912 516 omn—Nom.

4285 452 4411 516 tot

2439 638 2733 717 cialibus,
2776 638 2910 703 imo
2955 639 3200 721 passim
3243 638 3316 702 in
3377 637 3647 705 Galliis:
3706 660 3827 704 nec
3881 645 4404 791 suntfflertes

2440 722 2926 790 Pedemontani
2988 745 3151 808 quos
3218 724 3364 789 Rex
3430 723 3699 791 dederat
3761 724 3982 790 comiti
4201 725 4404 791 idme.

2441 807 2519 875 Si
2562 810 2778 876 iuvari
2821 818 3115 893 possunt,
3162 830 3321 880 cura
3364 831 3621 894 quaeso.
3713 807 3818 876 De
3861 809 3967 876 his
4026 817 4100 875 tu
4159 820 4227 874 et
4288 810 4400 876 alii

2440 896 2716 978 potestis
2759 893 3142 980 intelligere.

3711 1033 4015 1100 Farellus
4057 1043 4232 1100 tuus.

3356 1564 3501 1631 25⁰.

2444 1719 2639 1785 ΗΕΒ
2694 1719 2954 1785 ΒΔΤΗ
3009 1718 3127 1786 zU
3185 1717 3801 1786 STRASSBURG
3856 1719 3985 1786 AN
4038 1719 4236 1786 DEN
4278 1719 4402 1787 ΖΠ

3293 1823 3567 1888 GENF.

2615 1992 2783 2058 Eine
2816 1995 3150 2060 bestimmte
3187 1995 3470 2059 Antwort
3502 1994 3630 2076 auf
3652 1995 3772 2060 das
3813 1993 4056 2075 Genfer
4069 1994 4403 2079 Beyehren

2439 2079 2780 2232 ζεὲιεῗὲθῖει
2821 2080 2985 2146 nach
3022 2077 3278 2146 calvins
3318 2079 3648 2145 Rffickkehr
3680 2100 3800 2146 von
3853 2080 4100 2146 Worms
4139 2082 4401 2165 yeycben

2445 2336 2560 2402 (Ex
2595 2337 2845 2390 Archivis
2883 2338 3178 2391 Thomanis
3213 2339 3443 2406 Argent.
3516 2337 3774 2391 Eiusdem
3823 2338 4053 2392 schedae
4101 2345 4260 2409 tergo
4295 2340 4405 2393 alia

2445 2422 2610 2459 manu
2644 2407 2826 2460 versio
2871 2407 3044 2459 latina
3086 2406 3252 2460 inseri
3293 2413 3352 2459 ta
3386 2412 3688 2544 θοι,ἑηῖ
3723 2407 3888 2461 etiam
3924 2415 4107 2461 exstat
4141 2409 4198 2462 in
4235 2407 4405 2463 Arch.

3000 2474 3200 2529 Genev.
3292 2490 3372 2543 eg.
3409 2475 3473 2531 T.
3702 2473 3848 2542 533.)

2446 2666 2761 2728 Antwort
2801 2664 2984 2729 eines
3019 2663 3342 2729 Ersamen
3387 2665 3556 2729 Rats
3600 2664 3717 2730 der
3762 2665 3918 2731 Stat
3951 2664 4402 2749 Straszburgk

2446 2748 2576 2813 den
2643 2748 3068 2833 geschichten
3147 2748 3287 2815 vnd
3351 2750 3678 2834 gsandten
3748 2752 3935 2817 ainer
3998 2750 4150 2816 Stat
4217 2751 4265 2817 J
4267 2750 4412 2817 enff

2790 2833 3111 2901 Iohannis
3153 2833 3416 2901 Oaluini
3462 2835 3701 2901 halben
3744 2835 4055 2922 gegeben.

2622 2971 2917 3038 Erstlioh
2961 2972 3091 3039 last
3124 2975 3230 3039 ein
3269 2995 3561 3040 ersamer
3580 2974 3765 3040 Rath
3799 2975 3918 3040 der
3953 2973 4107 3041 Stat
4140 2972 4403 3042 Strasz·

2452 3058 2670 3143 burgk
2714 3058 2930 3125 einem
2952 3057 3217 3125 Erbarn
3238 3059 3422 3126 Rath
3467 3058 3584 3127 der
3606 3059 3759 3126 Stat
3776 3062 3824 3128 J
3827 3061 3970 3126 enff
4004 3060 4110 3126 Irs
4145 3060 4404 3127 freunt-

2448 3143 2671 3210 lichen
2715 3143 2934 3212 dienst
2967 3166 3050 3210 zu
3085 3145 3223 3211 vnd
3256 3147 3562 3230 anpieten
3598 3152 3796 3231 gantz
3831 3145 4188 3214 freuntlioh
4238 3145 4403 3212 dan-

2451 3229 2671 3297 ckhen
2714 3230 2853 3297 vnd
2877 3253 2949 3298 so
2971 3230 3082 3296 ein
3102 3231 3391 3298 Erbarer
3412 3231 3593 3297 Rath
3617 3232 3732 3298 der
3766 3231 3922 3299 Stat
3956 3231 4411 3319 Straszburgk

2452 3316 2627 3382 Inen
2648 3338 2780 3382 von
2798 3316 2848 3384 J
2848 3316 2991 3382 enff
3017 3315 3139 3382 hin
3173 3316 3379 3386 wider
3413 3316 3652 3384 dienen
3683 3317 3985 3384 khinden
4021 3318 4140 3384 das
4173 3319 4415 3387 wollen

2451 3403 2549 3468 Βίθ
2603 3403 4009 3575 Πέἑξιάςξὲανίᾓθῗίἓξϋὲξὲῗὰιζὲηίἓαᾝὲα
4093 3406 4409 3577 Ἔοέξιξιθῒ

2450 3573 2783 3641 Johannis
2823 3573 3083 3641 Caluini
3119 3575 3357 3642 halben
3402 3577 3727 3662 belangen
3765 3576 3915 3642 thut
3958 3574 4042 3642 da
4089 3597 4205 3662 sey
4252 3576 4402 3643 der-

2452 3659 2666 3745 selbig
2708 3660 2866 3726 herr
2905 3659 3250 3729 Johannes
3298 3660 3605 3728 Caluinus
3639 3664 3815 3746 jetzo
3872 3663 3972 3726 nit
4015 3660 4409 3729 anheimsoh

2454 3744 2696 3813 sonder
2731 3747 2809 3830 jn
2899 3747 3190 3812 emeiner
3223 3747 3522 3813 Kirchen
3569 3747 3703 3814 vnd
3747 3747 3933 3812 ainer
3975 3757 4108 3812 stat
4151 3747 4413 3814 Strasz-

2454 3831 2625 3915 burg
2646 3831 2845 3916 gsohe
2968 3855 3009 3898 n
3022 3835 3199 3918 jetzo
3223 3835 3323 3900 vff
3337 3833 3486 3899 dem
3510 3831 3941 3918 gesprechtag
3975 3855 4055 3898 zu
4077 3833 4415 3908 Wormbs.

2454 3916 2839 3983 Derhalben
2873 3940 3030 3983 man
3051 3918 3221 3984 Inen
3260 3922 3424 3984 'etzo
3454 3921 3578 3983 mit
3611 3927 3898 3983 antwort
3936 3919 4032 3983 nit
4066 3917 4410 4011 begegnen

2453 4001 2701 4068 khind:
2746 4025 2818 4068 so
2855 4003 3013 4069 aber
3057 4005 3213 4071 herr
3282 4005 3576 4071 ohannes
3617 4002 3926 4070 Caluinus
3965 4026 4095 4069 von
4141 4010 4412 4077 dannen

2455 4109 2591 4153 von
2635 4087 2950 4154 Wormbs
2993 4087 3198 4157 wider
3251 4090 3439 4156 allier
3497 4090 3636 4156 vnd
3691 4087 4079 4157 anhaimsch
4119 4095 4414 4164 khomen

2455 4173 2640 4241 werd
2683 4174 2873 4240 wolle
2910 4177 3015 4240 ein
3054 4177 3368 4241 Ersamer
3403 4177 3590 4242 Rath
3623 4175 3826 4241 deren
3871 4198 4000 4242 von
4041 4179 4088 4248 J
4093 4182 4235 4246 suff
4272 4183 4408 4248 vnd

2454 4260 2528 4325 Ῑι·
2550 4260 2668 4325 der
2689 4260 3017 4345 gsandten
3054 4262 3254 4347 beger
3280 4262 3387 4327 Im
3423 4261 3756 4328 furhalten
3792 4262 4028 4340 lassen,
4066 4265 4410 4334 desselben

2456 4353 2720 4429 gemuts
2778 4345 2912 4411 vnd
2964 4346 3184 4414 willen
3251 4347 3531 4414 dariiber
3586 4347 3792 4414 boren
3861 4350 3995 4415 vnd
4051 4374 4414 4420 vernemen

2455 4429 2595 4495 vnd
2637 4431 2809 4497 Inen
2855 4452 2984 4498 von
3016 4433 3209 4499 Jenff
3234 4432 3560 4500 demnach
3604 4435 3727 4498 mit
3770 4436 4218 4520 gepuerender
4263 4448 4414 4505 ant-

2456 4527 2626 4583 wort
2688 4516 2862 4584 nach
2939 4518 3142 4601 gstalt
3205 4518 3324 4585 der
3385 4519 3629 4586 sachen
3695 4521 4052 4607 begegnen.
4163 4525 4418 4592 Actum

2458 4600 2815 4687 Sambstag
2856 4603 2985 4669 den
3029 4605 3384 4671 sechszden
3429 4604 3821 4672 Nouembris
3865 4610 3985 4675 Ao.
4031 4619 4154 4677 eto.
4198 4616 4308 4678 40.

3945 5461 4016 5515 7*
