5050 6167
382 427 500 490 405

383 637 509 680 non
566 612 650 678 ob
701 613 881 679 aliud
930 616 1057 680 nisi
1127 614 1302 697 quod
1369 615 1554 680 oneri
1613 615 1878 682 ferendo
1935 616 2152 699 impar
2213 627 2329 682 est.

383 699 556 782 Quid
603 708 747 765 tum
793 699 961 764 erit?
1056 701 1392 766 Diximus:
1436 703 1637 784 periit
1680 703 1955 770 ecclesia
1996 704 2130 784 illa,
2175 725 2331 769 nam

382 787 488 871 qui
532 786 766 869 reliqui
800 797 974 864 sunt,
1020 807 1163 851 esse
1199 786 1359 852 tales
1395 786 1697 855 audimus
1730 800 1807 854 ut
1836 790 2152 869 demoliri,
2198 810 2329 855 non

382 879 718 938 exstruere
752 871 1032 937 valeant
1101 871 1436 938 Oavebitis
1471 895 1643 957 erge,
1680 877 1916 942 fratres
1951 877 2021 941 in
2045 875 2333 942 Domino

381 958 731 1036 carissimi,
790 979 875 1022 ne
918 978 1036 1023 vos
1089 968 1203 1022 aut
1246 960 1448 1023 vestri
1503 961 1648 1025 sitis
1702 963 1771 1026 in
1817 982 2015 1029 causa
2055 985 2173 1028 cur
2216 983 2333 1027 no·

382 1067 534 1110 men
576 1044 847 1109 Domini
907 1045 1114 1108 nostri
1168 1044 1322 1109 Iesu
1378 1063 1496 1127 per
1550 1048 1963 1132 evangelium
2020 1048 2091 1113 in
2148 1055 2334 1112 tanta

381 1131 649 1197 civitate
689 1130 912 1194 minus
954 1138 1431 1212 promoveatur.
1518 1132 1662 1197 Imo
1706 1134 2017 1200 cavebitis
2052 1156 2135 1199 ne
2180 1134 2334 1198 abo-

382 1217 613 1290 leatur,
660 1216 766 1281 vel
813 1215 1248 1298 praedicando
1283 1218 1494 1300 magis
1536 1216 2004 1284 dehonestetur
2045 1240 2240 1303 quam
2278 1218 2336 1284 si

383 1302 710 1368 deleretur
753 1302 822 1366 in
868 1313 1100 1367 totum.
1190 1301 1350 1367 'Pale
1394 1302 1637 1383 aliquid
1693 1325 1814 1369 nos
1873 1315 2050 1370 certe
2108 1305 2333 1370 formi-

384 1387 636 1454 damus.
727 1387 904 1470 Quia
948 1409 1117 1464 vero,
1167 1389 1431 1453 tametsi
1474 1409 1677 1472 aequo
1723 1389 2019 1456 duriores
2074 1392 2248 1470 estis,
2296 1412 2337 1455 a

383 1493 498 1557 spe
542 1473 834 1538 nondum
889 1473 1150 1555 penitus
1196 1474 1584 1550 decidimus,
1642 1474 1857 1542 adhuc
1915 1498 2223 1560 rogamus
2269 1485 2337 1540 et

383 1560 818 1636 obsecramus,
855 1581 976 1643 per
1018 1580 1258 1625 nomen
1303 1559 1571 1625 Domini
1617 1563 1825 1626 nostri
1866 1563 2021 1628 Iesu
2065 1563 2337 1642 Christi,

382 1644 683 1710 efficiatis
740 1655 816 1709 ut·
872 1654 1139 1711 senatus
1195 1656 1414 1711 vester
1466 1655 1681 1711 mutet
1733 1649 2158 1726 sententiam,
2215 1669 2337 1714 nec

380 1729 585 1795 dicat:
655 1732 973 1796 Dominos
1037 1752 1171 1795 non
1236 1729 1603 1798 audivimus
1619 1785 1635 1811 ,
1701 1734 2076 1800 audiremus
2140 1733 2333 1799 illos?

383 1816 687 1882 Ecclesia
729 1825 919 1900 rogat
961 1818 1028 1880 in
1072 1837 1402 1898 praesens,
1449 1819 1553 1882 cui
1584 1818 1829 1902 aliquid
1871 1841 2116 1905 negare
2162 1820 2338 1885 haud

383 1901 658 1968 decebit.
747 1901 1056 1967 Summa:
1105 1924 1225 1966 nos
1270 1903 1378 1967 hic
1423 1905 1819 1987 requirimus
1862 1907 2148 1971 officium
2192 1926 2337 1970 ves-

384 1997 569 2053 trum
614 1997 681 2052 et
722 2008 1062 2071 speramus
1101 1987 1480 2054 obtinuisse.
1569 1990 1800 2056 Facite
1840 2014 1927 2056 ne
1969 1992 2339 2057 laboremus

383 2093 460 2140 ac
531 2093 869 2156 speremus
933 2076 1284 2139 incassum.
1411 2075 1644 2141 Valete
1709 2077 1781 2141 in
1847 2078 2117 2144 Christo
2183 2078 2338 2142 Iesu

383 2182 537 2226 cum
580 2159 851 2225 ecclesia
897 2169 1130 2225 vestra.
1635 2162 1647 2171 ’

564 2297 882 2376 Basileae,
926 2301 1027 2364 27.
1075 2298 1235 2363 Maii
1282 2319 1456 2364 anno
1502 2303 1682 2363 1542.

1379 2444 1463 2508 V.
1510 2446 1742 2511 fratres
1787 2445 2175 2511 Basiliensis

1469 2531 1778 2597 ecclesiae
1821 2533 2105 2598 nomine.

1271 2833 1378 2842 ...μ

1297 3047 1449 3121 4⁰⁰.

613 3202 1100 3271 MYGONIUS
1145 3203 1563 3270 OALVINO
1608 3204 1726 3268 ΕΤ
1765 3203 2137 3271 VIRETO.

574 3375 746 3456 Quid
786 3376 858 3440 in
899 3395 1096 3441 causa
1137 3375 1336 3441 Via-eti
1384 3375 1840 3442 Genevensibus
1881 3377 2175 3442 servandi
2218 3397 2347 3460 eye-

378 3462 490 3541 rit,
540 3461 707 3545 quid
746 3461 901 3527 aliis
943 3467 1014 3526 ut
1053 3468 1296 3546 agerent
1338 3462 1700 3542 iniunxen't,
1745 3463 1899 3543 quid
1943 3462 2114 3527 ultra
2151 3463 2350 3543 faetu-

377 3548 667 3700 ῗεανέἕ,
722 3547 990 3630 exponit.
1094 3547 1295 3613 Vireti
1354 3548 1575 3614 laudes
1591 3597 1605 3625 ,
1664 3567 1826 3612 nova
1881 3548 1957 3613 de
2003 3546 2249 3613 Bucero
2295 3553 2351 3614 et

646 3805 757 3871 (Ex
792 3805 1130 3875 autographo
1166 3805 1305 3859 Bibl.
1342 3805 1544 3860 Genev.
1582 3803 1710 3857 Cod.
1750 3802 1867 3869 110,
1903 3804 1993 3857 fol.
2031 3802 2112 3870 7.)

380 3994 470 4060 D.
523 3995 631 4060 Ῑο.
678 3993 951 4061 Calvino
1001 4005 1066 4060 et
1107 3995 1308 4059 Petro
1354 3992 1584 4058 Vireto
1638 3992 1801 4058 viris
1856 3992 2245 4058 doctissimis
2288 4001 2354 4058 et

378 4081 715 4166 piissimis
760 4082 829 4145 in
874 4082 1160 4146 Domino
1205 4080 1518 4179 fratribus
1561 4079 1734 4143 inter
1778 4079 2022 4161 primos
2067 4078 2352 4144 colendis

1301 4187 1457 4231 suls.

573 4303 651 4369 S.
697 4302 878 4368 Nihil
925 4302 1301 4387 diligentiae
1344 4323 1463 4366 seu
1518 4302 1760 4367 laboris
1804 4303 2140 4367 omisimus
2182 4300 2352 4383 quod

380 4392 646 4457 attinet
689 4389 770 4453 ad
815 4389 1231 4454 retinendum
1284 4386 1577 4452 Viretum.
1668 4386 1916 4470 Scripsi
1953 4407 2237 4469 namque
2272 4385 2354 4451 ad

381 4476 648 4542 fratres
691 4475 1078 4552 Beruenses,
1135 4472 1265 4539 adii
1310 4473 1644 4539 consulem
1697 4483 2024 4552 nostrum,
2078 4472 2354 4538 conveni

382 4562 474 4627 D.
528 4560 984 4626 Bemhartum.
1076 4561 1446 4625 Beruenses
1482 4558 1648 4623 nihil
1683 4557 2161 4640 responderunt
2205 4557 2357 4622 hac-

379 4657 621 4713 tenus.
713 4646 956 4712 Consul
1000 4646 1300 4729 promisit
1342 4644 1510 4728 quod
1546 4653 1613 4708 et
1654 4645 1997 4726 praestitit.
2066 4641 2356 4708 Senatus

381 4735 580 4799 enim
634 4731 982 4816 diligenter
1023 4733 1398 4796 Beruenses
1442 4742 1544 4795 est-
1584 4729 1967 4794 adhortatus
2013 4728 2251 4793 nuncio
2282 4728 2356 4791 in

382 4818 521 4887 hoc
571 4820 782 4884 etiam
825 4819 1041 4884 misso,
1131 4817 1215 4882 D.
1263 4815 1664 4881 Bemharius
1707 4815 2009 4881 similiter
2053 4813 2222 4878 nihil
2264 4814 2358 4878 of-

381 4907 526 4971 ficii
577 4905 821 4970 omisit.
885 4905 1136 4969 Verum
1172 4902 1393 4966 omnia
1424 4903 1689 4978 frustra,
1733 4900 1905 4984 quod
1927 4901 2359 4965 Lausanneu-

381 5013 495 5057 ses
545 4990 789 5055 dicunt
843 4988 913 5055 id
966 5011 1097 5054 non
1150 4988 1601 5072 permissuros.
1690 4986 2117 5070 Argumentis
2161 4984 2362 5069 igitur

383 5087 576 5144 esset
627 5074 959 5161 agendum
1001 5096 1148 5141 cum
1194 5077 1287 5139 eis
1306 5125 1321 5152 ,
1379 5074 1616 5157 quibus
1673 5096 1803 5138 non
1858 5076 2128 5155 possent
2167 5071 2361 5135 resis-

383 5172 560 5242 tere,
611 5162 748 5228 nisi
790 5161 1079 5229 adfectus
1124 5161 1351 5225 audire
1392 5159 1684 5224 mallent.
1751 5159 1834 5223 In
1879 5158 2157 5222 veritate
2202 5155 2363 5233 dioc,

384 5251 570 5316 mihi
622 5251 719 5316 sic
762 5249 1003 5315 videri:
1061 5247 1392 5313 neminem
1449 5246 1631 5329 pium
1686 5243 2132 5312 contradicere
2173 5263 2362 5325 posse

387 5337 632 5405 causis
689 5355 848 5420 quas
906 5357 1027 5420 ego
1081 5333 1312 5416 scripsi
1363 5341 1432 5397 et
1481 5353 1656 5398 nunc
1711 5332 1792 5397 de
1848 5353 2017 5397 novo
2077 5328 2359 5412 concepi.

2047 430 2206 492 1542
2251 423 2721 492 MAL-IUN,

4266 435 4397 497 406

2434 613 2645 678 Taceo
2689 614 2749 678 si
2791 623 2867 678 tu
2911 621 3029 678 aut
3061 613 3229 679 alius
3272 615 3614 698 quispiam,
3661 616 3771 699 qui
3807 637 3959 699 pars
3993 617 4241 701 negotii
4277 638 4397 683 ex-

2436 699 2641 775 sistit,
2700 718 2852 764 suas
2910 709 3082 765 esset
3136 701 3612 784 propositurus.
3716 702 3853 769 Nos
3904 702 3984 769 de
4028 723 4202 769 novo
4260 704 4394 771 tale

2435 784 2778 849 consilium
2834 787 3250 869 concepimus
3305 787 3376 851 in
3434 786 3607 869 quod
3652 798 3718 851 et
3770 787 4176 854 Bemhwrtus
4236 811 4397 855 con·

2436 871 2672 950 sensit,
2730 878 2809 934 ut
2851 870 3066 937 adhuc
3109 879 3436 938 tentemus
3478 872 3674 937 simul
3718 875 4235 958 Argentinenses
4251 926 4267 954 ‚
4326 881 4396 941 et

2436 976 2559 1021 nos
2604 955 2913 1021 ecclesiae
2956 957 3241 1034 nomine,
3299 960 3355 1024 si
3398 958 3553 1041 quid
3594 959 3739 1024 fieri
3782 961 4006 1043 possit.
4094 961 4395 1045 Exspec-

2436 1049 2658 1105 tamus
2712 1042 2931 1123 itaque
2988 1041 3213 1107 literas
3271 1064 3312 1108 a
3367 1042 3618 1108 Bucero
3650 1045 3699 1126 ¹)
3763 1067 3924 1127 quas
3979 1047 4222 1112 nostris
4282 1047 4396 1112 ad-

2437 1127 2685 1192 iunctis
2727 1127 3104 1204 mittemus,
3164 1136 3501 1211 sperantes
3557 1129 3803 1212 aliquid
3846 1152 3964 1196 nos
4007 1133 4101 1199 sic
4142 1130 4393 1201 viribus

2440 1212 2725 1278 collectis
2787 1213 3271 1295 impetraturos.
3370 1214 3772 1280 Bernhoertus
3823 1217 4034 1282 iturus
4079 1218 4392 1301 Argenti-

2438 1319 2595 1363 nam
2640 1319 2791 1363 cum
2834 1297 3082 1363 Bucero
3125 1320 3345 1365 coram
3388 1309 3556 1384 aget,
3602 1300 3775 1365 unde
3818 1302 3875 1367 is
3918 1323 3990 1368 re
4033 1302 4199 1368 bene
4242 1323 4393 1388 cog-

2439 1385 2578 1448 nita
2622 1383 2897 1448 forsitan
2939 1385 3237 1449 conficiet
3280 1384 3541 1468 aliquid.
3631 1387 3910 1470 Rogavi,
3957 1386 4129 1470 quod
4184 1389 4395 1454 factu·

2439 1491 2555 1534 rus
2613 1478 2713 1533 est
2769 1470 2840 1533 in
2891 1479 3181 1552 tempore
3239 1471 3464 1549 faciat,
3532 1473 3889 1536 terminum
3944 1473 4120 1537 enim
4177 1473 4394 1539 Vireti

2441 1555 2984 1638 appropinquare.
3054 1555 3410 1638 Reliquum
3447 1562 3547 1622 est
3579 1557 3786 1641 igitur
3828 1565 3920 1638 ut,
3965 1558 4023 1622 si
4069 1558 4396 1625 videbitur

2441 1640 2848 1718 consultum,
2919 1640 3154 1723 aliquis
3216 1648 3371 1724 agat
3434 1662 3584 1707 cum
3641 1644 4258 1722 LausannensibuS,
4319 1653 4397 1709 ut

2442 1726 2876 1803 consentiant,
2923 1726 2977 1791 si
3022 1726 3187 1790 forte
3208 1727 3582 1793 Beruenses
3617 1730 3690 1792 in
3724 1731 3818 1794 eis
3862 1728 4221 1814 allegandis
4258 1729 4395 1796 vel-

2439 1812 2585 1877 lent
2622 1811 3042 1893 pertinaciter
3086 1811 3344 1877 durare.
3443 1810 3548 1877 De
3606 1812 3837 1879 comite
3853 1816 3911 1897 ²)
3963 1816 4181 1880 nescio
4236 1815 4395 1898 quid

2443 1908 2544 1964 est
2586 1896 2668 1961 ab
2709 1897 2839 1961 illis
2883 1897 3080 1962 etiam
3128 1899 3444 1979 scriptum
3488 1899 3657 1982 quod
3700 1901 4082 1983 petitionem
4126 1909 4397 1969 senatus

2443 1983 2656 2048 nostri
2693 1983 3008 2065 impediit.
3077 1981 3257 2062 Quid
3302 1984 3361 2048 si
3403 1991 3472 2048 et
3514 2004 3664 2049 cum
3710 1986 3832 2050 hoc
3876 1994 4182 2070 ageretur
4223 1988 4399 2070 quod

2446 2090 2482 2134 e
2528 2090 2600 2132 re
2641 2075 2864 2152 posset
2906 2068 3090 2133 esse?
3180 2068 3319 2133 Nos
3363 2069 3649 2151 profecto
3706 2091 3932 2135 sumus
3976 2073 4159 2136 anxii
4200 2094 4399 2156 prop·

2443 2163 2550 2219 ter
2608 2154 2943 2220 ecclesiam
3004 2155 3225 2220 istam:
3298 2155 3607 2219 timemus
3659 2156 3833 2220 enim
3891 2177 3975 2220 ne
4028 2156 4185 2239 quid
4239 2159 4403 2226 mali

2447 2241 2764 2324 patiatur,
2824 2241 2878 2305 si
2918 2240 3042 2304 tibi
3086 2240 3283 2305 fuerit
3326 2247 3461 2305 tam
3505 2239 3676 2305 fidus
3722 2240 3979 2306 adiutor
4035 2242 4400 2327 ademptus.

2449 2328 2615 2410 Age,
2673 2325 3087 2409 precabimur
3130 2326 3492 2390 Dominum
3545 2334 3619 2391 ut
3671 2325 3779 2393 hic
3835 2326 4153 2392 auxilium
4206 2351 4400 2394 suum

2450 2432 2581 2477 non
2626 2413 2925 2496 abneget.
3639 2422 3643 2426 ’

2639 2497 2848 2563 Vireto
2889 2497 3137 2581 gratias
3180 2515 3302 2577 ago
3347 2496 3519 2578 quod
3564 2498 3827 2580 scripsit
3870 2506 4005 2563 tam
4064 2497 4402 2564 familiari—

2451 2591 2570 2648 ter.
2590 2582 2649 2666 a)
2719 2582 2892 2647 Dein
2929 2581 3156 2665 placet,
3199 2591 3275 2646 ut
3308 2581 3480 2663 quod
3502 2584 3809 2660 maxime,
3851 2582 4003 2664 quia
4023 2583 4402 2650 ministrum

2451 2688 2522 2733 se
2564 2667 2767 2732 talem
2811 2667 3096 2744 exhibet,
3158 2672 3232 2729 ut
3274 2666 3646 2750 ubicunque
3688 2667 4016 2733 Dominus
4060 2689 4258 2750 opera
4298 2670 4402 2753 ip-

2452 2753 2589 2818 sius
2633 2753 2729 2817 uti
2773 2753 3053 2818 voluerit
3088 2759 3470 2834 promptum
3516 2753 3808 2818 animum
3852 2753 3941 2818 sit
3984 2754 4399 2822 inventurus.

2452 2840 2662 2904 Decet
2717 2837 2892 2902 enim
2952 2857 3072 2901 nos
3128 2855 3289 2918 quos
3338 2837 3409 2901 iu
3453 2838 3866 2922 evangelium
3909 2839 4129 2921 posuit
4172 2837 4404 2905 Chris-

2451 2933 2561 2990 tus
2627 2925 2894 2989 omnino
2958 2923 3124 2987 tales
3189 2941 3349 2987 esse.
3459 2921 3602 2987 Non
3660 2924 3833 2989 enim
3889 2923 4222 3006 voluptas,
4290 2932 4406 2990 aut

2452 3029 2641 3091 opes,
2694 3019 2812 3074 aut
2866 3010 3074 3093 gloria
3125 3005 3317 3072 nobis
3360 3008 3762 3090 quaerenda,
3821 3007 3936 3074 sed
3980 3010 4405 3077 sanctificatio

2452 3096 2741 3160 nominis
2787 3093 2932 3160 Dei.
2999 3093 3107 3162 Ad
3150 3091 3325 3157 hanc
3368 3103 3589 3157 autem
3632 3092 4099 3159 inveniendam
4140 3115 4274 3161 non
4307 3096 4405 3161 lo—

2452 3202 2568 3246 cus
2615 3181 2801 3258 facit,
2861 3178 2974 3244 sed
3031 3177 3331 3244 homines
3369 3179 3685 3275 pietatem
3733 3186 4131 3264 expetentes,
4179 3181 4405 3265 quales

2452 3265 2645 3331 audio
2688 3275 2863 3332 certe
2919 3264 3161 3329 multos
3220 3284 3362 3329 esse
3420 3263 3612 3329 hodie
3658 3264 3986 3332 Genevae.
4077 3266 4408 3333 Dominus

2452 3352 2548 3416 eis
2593 3350 2784 3416 adsit.
2874 3351 3110 3415 Amen.

2627 3435 2841 3503 Credo
2885 3456 3002 3501 vos
3084 3434 3293 3499 ridem
3328 3434 3732 3500 intellexisse
3777 3434 3856 3500 de
3899 3437 4148 3519 nuptiis
4169 3436 4411 3505 Buceri

2453 3543 2602 3588 cum
2640 3521 2978 3588 Wibrande
3053 3519 3329 3601 apitonis
3363 3518 3669 3585 defuncti.
3690 3520 3748 3604 ⁴)
3811 3520 4124 3588 Feliciter
4166 3523 4409 3589 cedunt

2455 3610 2706 3686 omnia,
2764 3614 2833 3671 et
2888 3626 3082 3671 nemo
3140 3613 3243 3671 est
3297 3607 3408 3688 qui
3463 3625 3597 3670 non
3655 3605 3941 3670 faustum
4002 3628 4142 3673 esse
4186 3609 4409 3694 cupiat

2454 3693 2630 3776 quod
2694 3694 2940 3758 factum
3008 3700 3123 3757 est.
3234 3691 3704 3756 Conflictamus
3770 3689 3878 3754 hic
3941 3714 4092 3758 cum
4162 3694 4409 3775 pietate

2454 3778 2811 3844 multorum
2860 3779 2969 3861 qui
3014 3786 3244 3841 contra
3285 3774 3743 3841 iusiurandum
3803 3777 4070 3859 profecti
4127 3786 4283 3843 sunt
4325 3777 4410 3844 ad

2457 3864 2728 3931 Gallum
2786 3873 3016 3928 contra
3069 3862 3523 3940 Caesarianos,
3591 3882 3866 3944 cumque
3920 3862 4025 3925 his
4080 3863 4190 3945 qui
4246 3864 4411 3929 tales

2457 3951 2627 4016 tueri
2693 3959 3032 4015 conantur.
3143 3945 3257 4013 Sic
3336 3948 3691 4013 fructificat
3753 3947 4171 4030 evangelium
4237 3948 4410 4031 apud

2456 4057 2596 4102 nos.
2684 4035 2790 4100 De
2835 4035 3050 4100 'furca
3103 4032 3270 4097 nihil
3333 4033 3666 4110 audimus,
3727 4053 3941 4115 neque
3997 4032 4079 4098 de
4133 4033 4239 4099 his
4298 4036 4409 4117 qui

2457 4130 2690 4189 contra
2731 4142 2879 4185 eum
2938 4119 3468 4204 proficiscuntur,
3528 4139 3805 4201 quorum
3867 4126 4040 4184 certe
4094 4139 4411 4185 numerus

2455 4281 2502 4289 ...μ
2515 4283 2547 4287 —
2556 4279 2867 4287 -ψς-ν--ψ

2494 4382 2628 4442 400.
2668 4380 2722 4444 1)
2759 4377 2883 4430 vide
2920 4375 3077 4442 v'nfra
3112 4375 3190 4430 N.
3225 4374 3346 4427 401.

2664 4447 2719 4500 2)
2758 4447 2934 4500 Beato
2973 4445 3153 4499 Gomte
3180 4449 3408 4511 pastore
3445 4441 3860 4497 Lausawnensi.

2663 4515 2722 4650 ἓξ
2760 4513 3093 4636 Ιῑῖῗίέἓιῗφῖἀίε
3129 4579 3451 4635 Romblatt
3497 4578 3636 4633 civis
3670 4576 4013 4656 Besae-ensis
4048 4578 4221 4632 vidua
4248 4580 4411 4635 alteri

2459 4653 2659 4706 mamito
2693 4652 2887 4720 nupsit
2929 4649 3370 4718 oecolampadio‚
3406 4648 3566 4702 tertio
3603 4646 4133 4725 &mmmm-quarto
4169 4648 4405 4716 Bucero,

2461 4723 2623 4776 cuius
2634 4722 2799 4789 prior
2814 4736 2960 4774 umor
2975 4736 3046 4773 m.
3062 4716 3353 4773 Nov.1541
3368 4722 3522 4785 peste
3541 4720 3793 4782 correpta
3809 4714 3961 4768 obtat.
4006 4714 4160 4781 Quas
4176 4717 4409 4784 nuptias

2463 4791 2677 4844 demum
2711 4791 2766 4844 d.
2803 4792 2855 4843 4.
2889 4788 3004 4843 Oct.
3044 4787 3179 4840 1542
3214 4786 3509 4840 celebratas
3542 4800 3655 4838 esse
3691 4785 3921 4851 (Beuum,
3957 4784 4169 4837 Butzer
4197 4799 4260 4852 p.
4281 4785 4406 4851 529)

2462 4875 2530 4913 επ
2567 4859 2886 4912 documento
2931 4858 2995 4910 in
3028 4856 3291 4909 Archivis
3332 4855 3541 4907 nostris
3829 4853 3879 4905 is
3925 4857 4208 4906 asservato
4255 4853 4408 4906 coue-

2462 4928 2630 4996 9eris,
2669 4943 2837 4994 qum
2870 4940 3063 4993 nempe
3098 4940 3157 4978 eo
3195 4924 3283 4976 die
3317 4925 3741 4976 instrumentum
3772 4921 4178 4975 matrimoniale
4225 4935 4411 4975 coram

2464 4997 2684 5050 notario
2719 4996 2786 5050 de
2819 4995 3109 5062 utriusque
3144 4992 3395 5071 coniuyis
3426 5007 3487 5045 re
3520 4989 3810 5070 familiari,
3849 4990 4019 5069 deque
4052 4990 4173 5043 dote
4207 4996 4259 5043 et
4285 4991 4411 5058 pri-

2463 5066 2758 5134 viynorwm
2790 5064 3010 5144 iuribus
3042 5062 3392 5117 reservandis
3409 5066 3783 5182 mmfftg‘tm
3808 5058 3997 5125 fuerit.
4056 5058 4283 5186 Vei-unii3
4294 5076 4413 5114 non

2463 5135 2727 5323 Μ
2739 5133 3631 5339 ..twsswmsswoeffl
3732 5143 4410 5324 amara?

2462 5289 2669 5327 nunno
2932 5288 3051 5325 mm
3083 5287 3151 5325 ex
3526 5307 3544 5336 ,
3635 5305 3649 5319 .
4274 5307 4286 5320 .
4394 5309 4415 5323 .

2462 5343 2594 5397 Iam.
2634 5341 2786 5396 1543.
3188 5387 3195 5394 .

3896 5417 3995 5473 26*
