5050 6167
422 446 537 509 305

1303 664 1453 738 3⁶7.

412 817 840 885 mISTRI
872 819 1805 889 ARGENTORATENSES
1835 821 2355 890 ECCLESIAE

1066 921 1693 990 NEOCOMENSI.

582 1092 912 1159 Fan-ellum
975 1114 1019 1159 α
1078 1091 1326 1159 Christo
1380 1096 1523 1174 ipso
1585 1097 1850 1160 missum
1915 1096 2355 1180 evanyezistam

409 1183 468 1244 et
506 1177 785 1263 leyitima
817 1180 1128 1245 vocatione
1181 1179 1253 1244 in
1293 1180 1646 1246 ministerio
1696 1182 1831 1246 iam
1872 1182 2096 1247 iterum
2138 1182 2358 1263 confir-

406 1269 644 1329 matum
685 1265 1024 1345 repudiare
1065 1265 1355 1348 reliqiom‘
1394 1264 1673 1331 habeant.

408 1433 827 1504 (Antographon
863 1434 1056 1488 Buceri
1101 1435 1289 1488 multis
1336 1435 1518 1489 lituris
1564 1444 1621 1491 et
1654 1435 2037 1490 additamentis
2073 1442 2356 1491 oneratum

404 1503 585 1557 deseri
651 1503 790 1558 imus
831 1520 899 1557 ex
938 1503 1101 1557 Arch.
1138 1503 1329 1558 Thom.
1374 1510 1604 1573 Argent.
1650 1505 1791 1575 Epp.
1836 1506 2033 1558 Bucari
2079 1507 2139 1559 T.
2176 1506 2247 1559 11.
2286 1506 2354 1559 N.

407 1570 525 1626 151.
642 1573 764 1625 lura
795 1572 854 1624 in
888 1572 991 1625 hoc
1023 1572 1343 1625 difficillima
1376 1574 1550 1639 lect-u,
1603 1590 1742 1642 quae
1776 1574 2050 1627 asteriscis
2085 1580 2353 1641 notamus,

705 1641 792 1694 vel
826 1641 1040 1710 punctis
1073 1640 1415 1710 interpositis
1448 1643 1749 1710 praeterire
1783 1643 2064 1713 cogimur.)

578 1826 973 1910 Quanquam
1045 1849 1165 1911 per
1207 1848 1279 1894 se
1352 1829 1591 1913 ingens
1655 1827 2062 1895 necessitudo
2126 1838 2227 1894 est
2291 1836 2358 1895 et

401 1913 688 1999 quodvis
743 1935 938 1979 verae
1012 1913 1302 1979 caritatis
1366 1923 1561 1997 atque
1635 1916 1832 1979 etiam
1895 1914 2356 1981 familiaritatis

401 2000 696 2064 officium
730 2000 967 2064 merito
1000 1998 1281 2084 imperet
1314 1999 1650 2066 consensio
1684 2000 2038 2085 religionis,
2083 2001 2357 2066 societas

401 2084 660 2151 Christi
712 2106 840 2168 qua
892 2085 1079 2152 nobis
1135 2086 1417 2151 invicem
1471 2085 1765 2150 membra
1821 2107 2078 2162 sumus,
2133 2097 2357 2151 tamen

399 2171 626 2237 nescio
670 2191 797 2253 quo
841 2192 960 2236 nos
1018 2170 1336 2254 singulari
1391 2169 1592 2237 1161116
1647 2170 1856 2255 ipsius
1914 2171 2242 2238 societatis
2284 2173 2358 2236 in

400 2255 676 2323 Christo
722 2256 980 2321 vinculo
1022 2256 1367 2323 adstrictos
1411 2256 1591 2320 vobis
1632 2257 2007 2336 sentiamus,
2067 2277 2144 2322 eo
2186 2256 2358 2340 quod

399 2341 681 2408 ecclesia
724 2351 948 2407 vestra
988 2341 1353 2406 ministerio
1391 2339 1639 2407 Farelli
1681 2341 1892 2407 nostri
1936 2341 2093 2427 (quo
2123 2343 2196 2407 in
2240 2340 2356 2407 ad-

400 2426 682 2494 serendo
726 2437 795 2492 et
835 2426 1258 2510 provehendo
1312 2448 1516 2511 regno
1560 2426 1814 2493 Christi
1855 2448 1976 2491 nos
2032 2435 2208 2494 certe
2252 2450 2357 2493 ar-

401 2512 778 2579 dentiorem
821 2513 1075 2578 nullum
1118 2513 1456 2589 novimus)
1513 2514 1801 2596 primum
1845 2512 2112 2579 Christo
2168 2514 2358 2578 resti-

400 2604 555 2663 tuta
597 2606 698 2663 est
748 2597 944 2681 idque
1000 2606 1227 2681 postea
1279 2606 1417 2663 tam
1463 2619 1620 2664 vera
1676 2598 1988 2663 canonica
2042 2596 2360 2664 electione

400 2692 479 2750 et
520 2691 750 2749 sancta
789 2685 1129 2750 vocatione
1174 2684 1468 2749 omnium
1490 2682 1796 2748 ordinum
1816 2684 2169 2767 repetierit.
2229 2685 2359 2750 Ac-

401 2767 584 2835 cedit
625 2767 755 2834 huc
796 2776 865 2833 et
904 2768 1314 2852 praeclarum
1370 2766 1535 2834 illud
1573 2769 1827 2835 facinus
1869 2766 2044 2852 quod
2086 2767 2361 2834 Domini

400 2855 645 2938 spiritu
679 2853 1113 2920 succurrendo
1147 2855 1455 2920 ecclesiae
1477 2852 1924 2920 Genevatium
1957 2856 2028 2919 in
2063 2862 2360 2919 extremo

402 2940 787 3006 discrimine
820 2939 1147 3006 laboranti
1181 2940 1589 3025 designastis.
1658 2940 1772 3006 Sic
1805 2959 1962 3024 ergo
1996 2939 2360 3006 coniunctis

402 3024 688 3092 addictis
732 3026 916 3092 vobis
968 3026 1043 3090 in
1084 3024 1371 3092 Domino
1414 3046 1550 3090 non
1592 3034 1869 3108 possunt
1908 3046 2043 3090 non
2086 3046 2359 3109 magno-

400 3131 567 3196 pere
610 3131 807 3177 curae
848 3111 1037 3176 nobis
1080 3131 1223 3177 esse
1266 3132 1344 3176 ea
1399 3131 1565 3195 quae
1608 3110 1692 3176 ad
1736 3111 2012 3177 salutem
2057 3119 2127 3175 et
2166 3132 2360 3177 orna-

399 3204 709 3264 mentum
771 3196 1082 3263 ecclesiae
1137 3206 1396 3263 vestrae
1458 3197 1746 3262 maxime
1807 3195 2147 3275 intersint,
2213 3204 2360 3261 tum

400 3283 611 3349 etiam
655 3280 738 3347 ad
789 3282 951 3348 alias
1009 3283 1115 3348 vel
1171 3280 1603 3349 aedificandas
1655 3282 1765 3348 vel
1821 3282 2011 3366 gravi
2064 3280 2363 3365 exemplo

398 3366 763 3436 laedendas
804 3367 1160 3451 plurimum
1201 3368 1517 3434 momenti
1559 3366 1866 3434 habeant.
1955 3367 2170 3449 Quale
2211 3387 2363 3451 pro-

400 3455 579 3520 fecto
635 3461 736 3518 cst
791 3454 1016 3537 gravis
1080 3455 1209 3519 ista
1273 3462 1497 3520 vestra
1559 3453 1639 3518 de
1702 3453 2066 3519 ministerio
2121 3451 2367 3519 Far-elli

400 3538 835 3624 perturbatio.
923 3539 1323 3606 Audivimus
1386 3538 1562 3605 enim
1627 3538 1942 3622 quosdam
2007 3538 2182 3621 apud
2247 3557 2365 3605 vos

401 3625 571 3704 viri,
626 3631 704 3689 ut
746 3623 1012 3690 Christo
1067 3632 1204 3690 toto
1256 3635 1519 3708 pectore
1574 3623 1865 3690 ardentis
1917 3626 2014 3690 ita
2055 3624 2124 3689 111
2168 3644 2366 3691 causa

403 3710 671 3777 Christi
712 3731 971 3792 semper
1023 3710 1462 3789 vehementis,
1524 3710 1902 3775 sinceritate
1946 3711 2039 3776 sic
2080 3709 2363 3776 offensos

405 3816 577 3874 esse,
622 3805 697 3860 ut
734 3797 935 3861 etiam
980 3795 1145 3873 aliis,
1196 3796 1309 3878 qui
1344 3816 1495 3860 eum
1542 3804 1768 3860 tamen
1807 3796 1881 3861 in
1920 3796 2207 3862 Domino
2251 3816 2364 3860 ve-

405 3889 735 3948 nerantur
798 3890 865 3946 et
933 3888 1267 3946 retentum
1293 3885 1328 3920 ⁴*
1380 3881 1449 3945 in
1514 3881 1793 3948 ecclesia
1854 3888 2075 3948 vestra
2134 3881 2361 3959 velint,

405 3967 741 4053 plerisque
795 3965 1169 4032 consultum
1212 3965 1545 4044 videatur,
1601 3966 1790 4031 illum
1842 3966 2204 4033 ministerio
2258 3986 2362 4031 co·

407 4052 646 4120 6166166
690 4060 947 4118 vestrae
991 4051 1164 4116 ultro
1206 4049 1452 4117 cedere.
1540 4051 1722 4118 Istuc
1747 4058 1795 4125 ¹)
1849 4073 2051 4135 quum
2094 4051 2360 4119 rescivi-

407 4160 579 4214 mus,
624 4158 865 4221 magno
908 4144 1113 4215 certe,
1168 4143 1250 4200 ut
1299 4157 1422 4220 par
1463 4144 1636 4222 erat,
1695 4136 1914 4203 dolore
1958 4144 2027 4201 et
2066 4155 2363 4202 moerore

408 4223 628 4289 affecti
683 4242 947 4301 sumus,
1006 4243 1210 4305 quum
1266 4231 1520 4287 vestrae
1576 4233 1718 4288 tum
1771 4222 2049 4287 aliarum
2107 4242 2360 4305 quoque

411 4308 835 4375 ecclesiarum
876 4328 1091 4374 causa.
1179 4307 1351 4372 Nam
1397 4328 1551 4372 vere
1571 4306 1607 4338 ⁴
1648 4329 1767 4374 nec
1811 4317 2030 4374 vestra
2071 4326 2192 4371 nec
2224 4306 2362 4372 ulla

458 4393 731 4460 erstabit
775 4393 1046 4459 ecclesia
1087 4393 1145 4458 si
1190 4412 1321 4457 non
1367 4392 1617 4458 Christi
1674 4394 2010 4458 ministros
2052 4413 2242 4458 veros
2285 4398 2363 4457 ut

474 4479 667 4546 hristi
711 4479 1049 4545 ministros
1095 4478 1525 4563 amplectatur
1565 4489 1633 4544 et
1673 4477 1912 4557 audiat,
1958 4479 2080 4544 hoc
2123 4486 2242 4557 est,
2286 4483 2363 4542 ut

412 4586 523 4632 eos
566 4566 640 4630 in
680 4565 915 4648 quibus
953 4564 1291 4631 Christum
1334 4565 1551 4647 ipsum
1592 4565 1810 4629 Deum
1854 4572 1923 4629 et
1963 4570 2361 4629 servatorem

411 4658 715 4717 nostrum
759 4672 830 4717 se
873 4650 1101 4716 6611116
1143 4650 1385 4729 616116ι,
1426 4650 1617 4714 iuxta
1655 4648 1847 4715 illud:
1902 4648 2038 4730 Qui
2081 4669 2200 4715 vos
2243 4669 2359 4713 au-

416 4734 514 4801 dit
554 4758 661 4802 me
701 4736 904 4814 audit,
949 4737 1062 4821 qui
1099 4756 1220 4801 vos
1253 4736 1614 4802 contemnit
1646 4756 1750 4799 me
1786 4735 2160 4801 contemnit.
2241 4733 2361 4798 Mi-

415 4823 624 4888 nister
677 4821 938 4905 quidem
997 4830 1218 4888 vester
1272 4829 1374 4886 est
1416 4819 1747 4900 Farellus,
1809 4818 1925 4886 sed
1978 4820 2049 4885 in
2104 4820 2226 4885 hoc
2278 4826 2357 4884 ut

416 4906 683 4973 Christo
725 4927 848 4974 vos
892 4905 1200 4973 adducat:
1257 4927 1457 4990 quare
1512 4907 1723 4990 magis
1766 4905 2019 4972 Christi
2062 4906 2362 4971 minister

417 5002 531 5058 est.
621 4993 845 5058 Huius
886 4993 998 5059 ille
1042 4993 1381 5077 negotium
1423 4993 1591 5077 agit,
1646 4991 1727 5056 ab
1782 4990 1905 5056 hoc
1958 4992 2196 5057 missus
2239 4998 2357 5056 est.

418 5076 550 5145 Hic
605 5078 927 5162 siquidem
982 5099 1020 5143 e
1069 5078 1268 5144 coelis
1327 5077 1439 5143 dat
1494 5075 1845 5160 apostolos,
1901 5076 2360 5160 evangelistas,

417 5164 768 5247 prophetas
783 5215 799 5243 ,
859 5164 1155 5231 doctores
1206 5171 1274 5229 et
1327 5172 1637 5248 pastores.
1725 5160 1905 5243 Quid
1947 5182 2106 5247 ergo
2148 5160 2363 5227 infeli-

454 5350 581 5413 367.
619 5351 677 5417 1)
711 5353 903 5423 lapsus
936 5352 1155 5407 calami.

632 5437 850 5493 σαιυεκι·
877 5453 1061 5508 αμα-α.
1144 5436 1260 5493 vol.
1294 5435 1401 5490 x1.

2166 449 2323 511 1541
2373 443 2699 513 Oo'l'OB.

4284 462 4410 526 306

2460 632 2598 697 cius
2611 684 2627 709 ,
2686 631 2844 715 quid
2895 634 3325 716 perniciosius
3378 637 3734 723 excogitari
3775 646 3973 723 queat
4014 661 4212 725 quam
4254 645 4414 712 reii-

2460 737 2606 783 cere
2650 738 2761 784 eos
2803 739 2966 802 quos
3010 717 3321 786 Christus
3363 722 3552 789 nobis
3593 724 3799 789 mittit
3836 723 4257 796 administros
4300 752 4412 796 ae-

2461 811 2688 869 ternae
2721 804 2972 883 salutis,
3017 803 3499 887 dispensatores
3540 811 3999 894 mysteriorum
4033 815 4213 879 vitae
4255 815 4410 881 bea-

2460 887 2608 953 tae?
2696 889 2919 955 Nostis
2962 891 3117 973 66111
3159 891 3467 958 acciderit
3506 893 3642 959 illis
3685 895 3800 978 qui
3843 917 4066 964 servos
4108 899 4410 967 coelestis

2459 974 2636 1057 regis
2679 974 2764 1041 ad
2807 976 3069 1057 nuptias
3108 987 3421 1045 vocantes
3464 980 3830 1045 reiecerunt
3883 1004 3959 1048 ac
4014 985 4410 1052 contumelia

2461 1060 2841 1125 affecerunt.
2907 1060 3053 1125 Iam
3077 1060 3407 1129 Farellum
3428 1086 3468 1129 a
3488 1063 3753 1131 Christo
3797 1067 3943 1150 ipso
3984 1067 4067 1133 ad
4093 1090 4210 1135 vos
4247 1070 4410 1135 mis-

2459 1166 2627 1223 sum,
2672 1153 2741 1211 et
2780 1145 3066 1230 primum
3109 1168 3314 1230 quum
3356 1148 3528 1215 ultro
3569 1153 3843 1230 veniret,
3887 1161 3958 1217 et
4011 1174 4214 1236 quum
4256 1176 4411 1221 eum

2459 1251 2674 1313 nuper
2725 1231 2983 1297 solenni
3036 1239 3105 1297 et
3146 1242 3324 1299 certe
3379 1236 3796 1303 sanctissima
3840 1240 4174 1305 vocatione
4216 1261 4408 1306 revo-

2459 1316 2679 1393 castis,
2733 1317 2880 1400 quis
2924 1316 3222 1383 dubitare
3265 1321 3471 1402 possit
3512 1321 3642 1387 fide
3685 1321 3789 1387 vel
3831 1322 4240 1391 mediocriter
4282 1326 4410 1391 im-

2463 1400 2704 1467 butus?
2792 1402 3046 1467 Purum
3100 1404 3281 1469 enim
3341 1405 3456 1470 1116
3511 1427 3629 1471 vos
3690 1406 3938 1474 Christi
3994 1410 4410 1495 evangelium

2458 1507 2626 1570 pure
2669 1493 2738 1552 et
2792 1487 3252 1554 ardentissimo
3304 1489 3522 1557 studio
3565 1513 3715 1557 cum
3771 1514 3930 1558 vera
3983 1495 4161 1571 vitae
4214 1496 4408 1561 inno-

2457 1572 2673 1637 centia
2728 1580 2795 1637 6ι
2828 1574 3261 1640 sanctimonia
3297 1575 3475 1659 apud
3520 1598 3635 1643 vos
3670 1585 3739 1643 et
3773 1577 4102 1661 plantavit
4144 1587 4213 1645 et
4253 1601 4407 1664 pro-

2457 1659 2645 1724 vexit
2696 1658 3108 1741 fructumque
3165 1659 3670 1745 haudquaquam
3727 1663 4068 1748 vulgarem
4118 1666 4409 1734 Domino

2459 1764 2499 1808 a
2546 1741 2635 1808 ud
2681 1763 2794 1810 vos
2838 1744 3077 1810 attulit.
3145 1745 3339 1827 Quod
3381 1767 3573 1812 nemo
3615 1756 3831 1831 potest
3871 1750 3999 1814 nisi
4043 1770 4084 1816 a
4117 1750 4409 1818 Domino

2459 1765 2544 1893 ag
2586 1826 2712 1893 1166
2755 1829 3025 1895 missus:
3070 1831 3392 1913 quomodo
3438 1833 3920 1914 praedicabunt,
3963 1836 4093 1901 nisi
4132 1837 4407 1903 mittan-

2459 1912 2612 1978 tur?
2660 1912 2753 1980 Ut
2771 1914 3017 1980 multos
3037 1916 3257 1998 itaque
3279 1917 3688 2003 paedagogos
3713 1918 4007 1986 habeatis
4040 1922 4117 1986 in
4139 1921 4406 1988 Christo

2459 2020 2592 2063 non
2647 2006 2868 2064 tamen
2923 1999 3178 2068 habetis
3232 2002 3434 2066 alium
3487 2025 3683 2086 66661
3739 2004 3914 2071 111166
3956 2016 4243 2090 patrem:
4302 2007 4412 2076 hic

2459 2104 2577 2148 vos
2620 2104 2739 2167 per
2780 2087 3200 2169 evangelium
3244 2086 3512 2153 Christo
3567 2091 4014 2173 regeneravit,
4072 2091 4182 2159 hic
4226 2092 4409 2174 aluit,

2459 2168 2570 2236 hic
2612 2168 2694 2234 ad
2727 2170 3066 2253 praeclara
3117 2172 3525 2239 incrementa
3565 2174 3895 2254 educavit,
3941 2177 4188 2260 alitque
4230 2180 4414 2245 fovet

2460 2262 2529 2318 et
2569 2255 2873 2338 provehit
2915 2256 3131 2323 6111166
3172 2258 3462 2323 maxima
3516 2280 3673 2325 6616
3721 2274 3790 2325 et
3840 2260 4001 2340 fide,
4057 2273 4135 2327 ut
4189 2264 4412 2332 nullus

2462 2339 2722 2438 uspiam
2785 2340 2969 2405 illam
3031 2342 3391 2409 ecclesiam.
3513 2345 3882 2427 Loquimur
3942 2347 4112 2430 quod
4179 2369 4413 2416 verum

2463 2447 2737 2506 66111166,
2793 2434 3112 2493 testamur
3167 2426 3342 2511 quod
3392 2429 3464 2493 in
3507 2430 3795 2495 Domino
3838 2440 4248 2516 compertum
4291 2434 4412 2500 116-

2461 2512 2712 2578 bemus.
2782 2510 2962 2594 Quid
3004 2514 3205 2597 igitur
3245 2514 3318 2578 in
3363 2535 3440 2579 eo
3485 2514 3799 2598 displicet,
3843 2524 3923 2581 ut
3964 2539 4153 2601 quem
4179 2518 4412 2585 Chris-

2464 2606 2591 2676 tus,
2635 2619 2771 2662 non
2813 2598 3039 2679 homo,
3098 2597 3283 2665 vobis
3325 2600 3533 2678 misit,
3591 2610 3658 2665 et
3712 2602 3893 2667 misit
3949 2602 4413 2672 administrum

2464 2682 2700 2749 salutis
2742 2693 3032 2763 vestrae,
3090 2707 3222 2749 non
3278 2684 3423 2750 dico
3480 2686 3789 2752 reiiciat-is
3846 2687 3960 2752 sed
4015 2687 4409 2756 dimittatis?

2464 2778 2541 2833 ut
2573 2775 2827 2851 patrem
2861 2770 3375 2853 regenerationis
3407 2781 3685 2849 vestrae,
3731 2792 3862 2837 non
3899 2773 4040 2839 dico
4074 2774 4410 2856 abdicatis,

2464 2853 2579 2919 sed
2622 2854 2716 2919 eri
2766 2855 2792 2918 i
2845 2854 3033 2919 vobis
3109 2855 3500 2939 patiamini?
3611 2857 3989 2923 Mutavitne
4045 2857 4413 2927 doctrinam

2463 2946 2531 3004 et
2584 2959 2711 3022 quo
2811 2939 2882 3004 in
2940 2941 3225 3005 Domino
3280 2941 3647 3008 aedificavit
3701 2964 3875 3010 nunc
3929 2942 4241 3025 destruit,
4295 2952 4414 3012 aut

2465 3024 2637 3108 quod
2682 3024 3009 3090 destruxit
3051 3047 3229 3092 nunc
3271 3024 3687 3093 reaedificat?
3780 3030 3873 3096 At
3912 3050 4111 3112 quum
4155 3051 4414 3115 semper

2463 3111 2823 3189 sinceriter,
2865 3131 3042 3175 nunc
3062 3109 3252 3177 docet
3292 3112 3788 3178 sinceri-issima:
3833 3120 3900 3180 et
3941 3135 4108 3197 111166
4124 3115 4293 3182 bene
4336 3137 4414 3184 ac

2463 3195 2842 3261 salutariter
2876 3195 3241 3262 aedificavit
3283 3219 3459 3264 nunc
3493 3197 3773 3264 absolvit
3804 3206 3873 3264 et
3917 3201 4196 3282 perficit:
4246 3222 4414 3285 61166

2464 3281 2573 3364 pie
2608 3300 2684 3346 ac
2716 3281 3082 3348 necessarie
3103 3286 3138 3321 ⁴⁸*
3182 3280 3510 3347 destruxit
3552 3304 3728 3349 nunc
3769 3285 4029 3367 penitus
4070 3285 4414 3352 submovet

2464 3377 2533 3432 et
2575 3366 2806 3432 abolet.
2893 3366 2980 3431 In
3023 3366 3164 3432 vita
3216 3368 3472 3452 igitur*
3525 3370 3759 3436 vitium
3815 3369 3957 3435 est?
4044 3372 4139 3436 At
4193 3392 4271 3437 ea
4311 3377 4414 3438 est

2466 3452 2814 3518 sanctitate
2858 3460 2936 3516 ut
2979 3460 3048 3516 et
3087 3452 3308 3518 hostes
3350 3452 3659 3519 admirari
3694 3474 3839 3519 eam
3875 3464 4211 3541 cogantur.
4275 3455 4413 3523 Sed

2466 3536 2739 3602 offendit
2775 3537 3303 3620 reprehensionis
3345 3539 3680 3605 acerbitas.
3768 3538 3949 3621 Quid
3991 3563 4146 3607 vero
4189 3561 4413 3625 repre-

2468 3622 2718 3701 hendit,
2762 3622 2998 3706 optimi
3043 3624 3174 3689 viri
3228 3635 3295 3688 et
3349 3623 3631 3691 fratres?
3720 3623 3908 3706 Quae
3951 3626 4020 3691 in
4063 3628 4414 3711 reprehen-

2468 3709 2655 3774 sione
2708 3708 2851 3773 eius
2906 3708 3267 3775 acerbitas?
3356 3709 3530 3774 Num
3590 3710 3745 3792 quid
3764 3714 3801 3750 ¹*
3855 3712 4279 3794 reprehendit
4334 3732 4415 3778 ea

2467 3813 2635 3877 61166
2677 3795 2947 3878 spiritus
2989 3792 3242 3859 Christi
3283 3794 3356 3858 in
3400 3795 3758 3879 scripturis,
3820 3816 3982 3878 quae
4026 3819 4108 3862 ue
4149 3797 4264 3862 illa
4305 3818 4415 3863 ae·

2468 3888 2658 3945 terna
2699 3888 2907 3945 morte
2951 3877 3166 3962 digna·
3193 3899 3336 3944 esse
3377 3880 3752 3962 praedicat?
3842 3880 3973 3961 Qui
4061 3883 4193 3947 iam
4232 3902 4415 3949 acer·

2465 3966 2627 4030 bum
2671 3964 2833 4030 adeo
2877 3964 3006 4030 dici
3027 3973 3226 4047 queat
3246 3972 3326 4028 ut
3363 3985 3487 4048 par
3518 3965 3605 4030 sit
3640 3966 3977 4032 acerbitati
4009 3969 4260 4050 peccati
4281 3989 4412 4051 quo

2467 4049 2822 4115 offenditur
2865 4050 3082 4128 Deus,
3136 4069 3264 4132 quo
3323 4049 3623 4116 abiicitur
3663 4072 3942 4136 regnum
3992 4052 4262 4132 Christi,
4305 4075 4414 4121 ac-

2467 4137 2745 4201 cersitur
2777 4133 3122 4219 gehenna?
3210 4131 3390 4215 Quid
3433 4136 3709 4220 denique
3750 4142 3989 4202 tanta*
4044 4140 4248 4204 vestri
4302 4158 4412 4205 ca-

2464 4221 2662 4286 ritate
2704 4220 3258 4304 flagrantissimus
3315 4221 3573 4286 animus
3613 4221 3687 4287 in
3738 4233 3963 4288 vestra
4004 4233 4268 4307 peccata
4312 4223 4412 4288 di-

2465 4326 2612 4372 cere
2633 4316 2771 4371 tam
2806 4327 3111 4371 severum
3153 4313 3222 4371 et
3243 4307 3599 4372 vehemens
3632 4309 3854 4389 possit,
3899 4308 4067 4390 quod
4106 4310 4414 4375 acerbum

2466 4390 2596 4458 dici
2629 4391 3001 4457 mereatur?
3070 4390 3286 4472 Quam
3305 4395 3342 4431 ¹*
3375 4413 3531 4457 vero
3565 4393 3835 4457 meliora
3873 4404 4031 4459 sunt
4066 4394 4228 4461 haec
4261 4393 4413 4461 vul·

2465 4497 2625 4543 nera
2668 4476 2864 4542 huius
2911 4487 2978 4541 et
3022 4484 3160 4541 tam
3195 4478 3442 4543 611166*
3485 4476 3815 4561 diligentis
3856 4499 3977 4545 vos
4020 4488 4087 4545 et
4127 4479 4413 4546 sitientis

2465 4562 2744 4628 salutem
2764 4566 2801 4602 ¹*
2832 4572 3146 4639 vestram,
3195 4582 3388 4644 quam
3431 4563 3652 4629 oscula
3685 4583 3910 4628 eorum
3953 4566 4067 4647 qui
4110 4565 4193 4631 ad
4236 4566 4414 4631 mala

2464 4656 2684 4714 vestra
2723 4649 3134 4715 connivent*
3178 4668 3254 4712 ac
3305 4646 3450 4713 ideo
3501 4668 3618 4713 vos
3671 4669 3826 4714 vere
3870 4649 4190 4716 oderunt?
4277 4651 4412 4716 Mi-

2462 4734 2671 4799 nister
2712 4743 2814 4798 est
2866 4732 2973 4799 hic
3029 4733 3301 4817 spiritus
3346 4733 3611 4813 Christi,
3656 4733 3857 4801 huius
3902 4743 4004 4802 est
4055 4734 4412 4820 reprehen-

2465 4818 2620 4884 dere
2661 4817 2984 4883 mundum
3027 4818 3108 4883 de
3151 4828 3431 4900 peccato,
3490 4839 3826 4902 nunquam
3891 4842 4026 4885 non
4069 4820 4411 4904 poeniten-

2463 4905 2623 4970 tiam
2668 4903 3077 4986 praedicare‚
3134 4923 3392 4987 semper
3433 4923 3546 4969 cor
3598 4914 3931 4971 conterere
3994 4913 4063 4971 et
4103 4906 4411 4990 spiritum

2465 5010 2621 5056 vero
2674 4990 2927 5072 peccati
2982 4989 3202 5056 dolore
3256 4988 3674 5056 contundere.
3696 4994 3733 5030 ¹*
3831 4991 4009 5071 Quin
4062 4990 4409 5057 irascimur

2462 5075 2746 5158 peccatis
2789 5076 3030 5141 nostris
3073 5096 3241 5157 quae
3284 5095 3404 5139 nos
3447 5074 3738 5141 alienant
3777 5097 3818 5140 a
3837 5075 4000 5153 Deo,
4043 5095 4207 5157 quae
4248 5074 4406 5141 hae-

2463 5160 2807 5225 reditatem
2859 5160 3189 5226 coelorum
3245 5160 3563 5244 sanguine
3618 5162 3867 5225 Christi
3917 5172 4170 5244 partam
4230 5181 4405 5225 oom-

2463 5254 2727 5310 mutant
2748 5251 2783 5286 *
2858 5246 3229 5330 gehennam
3295 5254 3592 5330 paratam
3657 5246 3946 5312 Satanae
4009 5254 4079 5310 et
4153 5246 4407 5332 angelis

2466 5331 2609 5398 eius
2622 5380 2640 5411 ,
2697 5352 2832 5397 non
2872 5339 3286 5415 peccatorum
3337 5331 3822 5415 reprehensioni
3886 5331 4244 5415 quamlibet
4284 5330 4405 5400 1111-
