5050 6167
408 456 483 518 17
2076 456 2242 518 1540
2283 452 2750 524 FEBBUAB.
4338 467 4420 529 18

401 641 697 708 hortatus
738 663 903 708 sum.
993 642 1103 709 Ex
1145 664 1222 709 eo
1266 651 1450 727 potes
1494 643 1717 708 omnia
1758 640 1918 707 intel
1952 642 1965 655 ⁶
2128 691 2146 720 ,
2191 660 2357 723 quae

400 749 505 793 me
546 728 797 808 fovent,
845 748 1011 812 quae
1068 737 1339 814 angunt.
1429 728 1508 795 Si
1560 726 2126 794 commendatione
2179 725 2358 810 apud

399 820 466 879 te
499 822 675 879 esset
706 834 891 897 opus,
935 815 1463 881 commendarem
1497 814 1881 881 studiosius:
1926 811 2248 897 siquidem
2289 818 2359 879 et

400 920 597 984 aegro
657 907 726 966 et
787 907 1121 984 utcunque
1186 901 1491 967 restituto
1545 900 1713 965 mihi
1765 898 2168 965 ministravit
2221 918 2357 964 non

399 984 696 1068 improbe
718 1037 736 1066 ,
819 985 1232 1068 potissimum
1297 988 1353 1054 si
1418 988 1726 1053 affectum
1788 984 1938 1069 quis
2000 985 2354 1050 intueatur.

400 1069 653 1136 Omnes
696 1071 1009 1137 salutabis
1062 1093 1262 1155 quam
1315 1072 1801 1150 officiosissime,
1851 1069 2230 1152 Capitonem,
2288 1078 2358 1136 et

398 1156 705 1239 inprimis
749 1156 1085 1238 Buces-um,
1122 1157 1485 1239 ffldionem,
1520 1157 1881 1236 Bedrotwm,
1918 1163 1986 1222 et
2020 1176 2358 1239 nunquam

398 1242 956 1327 praetereundum
984 1242 1356 1309 Sem-mium.
1436 1244 1666 1311 Gallos
1703 1263 1930 1309 omnes
1963 1241 2178 1308 saluta
2211 1241 2356 1325 plu-

398 1327 664 1406 rimum,
764 1350 883 1394 uos
923 1329 994 1394 in
1039 1330 1324 1395 Domino
1377 1350 1455 1395 cu
1507 1330 1568 1396 io
1623 1330 1896 1414 pergei-e
1948 1335 2025 1392 ut
2078 1348 2196 1410 per
2245 1346 2357 1392 eos

399 1411 659 1480 Christi
701 1436 748 1499 g
772 1415 914 1480 oria
955 1414 1344 1481 illustretur.
1511 1437 1667 1481 uam
1709 1423 1775 1479 te
1818 1414 2089 1499 cupiant
2128 1433 2357 1478 omnes

396 1498 641 1566 fratres
682 1500 959 1580 salvum,
1018 1500 1191 1567 malo
1236 1511 1303 1568 te
1345 1510 1422 1568 ut
1461 1509 1647 1585 potes
1704 1497 1878 1582 apud
1924 1509 1989 1565 te
2031 1509 2355 1583 reputare,

438 1605 601 1650 uam
662 1583 907 1669 possim
961 1585 1196 1671 frigide
1250 1587 1557 1654 indicare.
1651 1585 1932 1652 Thomas
1987 1584 2357 1669 praecipue,

487 1672 830 1754 panculas,
874 1672 1152 1740 michael
1184 1681 1464 1757 uterque
1497 1681 1565 1739 et
1597 1673 1755 1738 totis
1789 1672 1961 1739 votis
1998 1669 2360 1753 Capitonem

397 1769 470 1824 et
532 1756 855 1825 Bueerwm
914 1779 1067 1825 cum
1132 1758 1281 1826 aliis
1343 1758 1727 1846 symmystis
1746 1808 1762 1838 ,
1828 1755 2064 1841 quibus
2128 1761 2361 1839 optant

398 1844 767 1910 arctissimo
828 1865 1009 1911 nexu
1074 1853 1389 1929 perpetuo
1452 1845 1781 1911 iniunctos
1845 1863 1918 1908 se
1980 1841 2357 1926 perdurare.

394 1929 555 1995 Non
631 1951 897 2014 possum
975 1953 1111 1997 non
1186 1930 1425 1997 addere
1490 1930 1806 1996 Fatonum
1883 1948 2033 1994 cum
2100 1925 2357 1996 Cunero.

395 2016 678 2082 Utinam
720 2017 815 2083 sic
857 2037 1117 2101 possem
1171 2017 1466 2101 ipsorum
1520 2016 1829 2082 affectum
1871 2013 2241 2097 exprimere
2284 2020 2361 2078 ut

398 2100 714 2168 ardenter
790 2111 1023 2186 optant
1099 2103 1287 2171 vobis
1349 2103 1570 2168 omnia
1632 2102 1704 2167 in
1766 2099 2060 2166 Domino
2124 2099 2355 2166 felicia.

395 2187 571 2254 Vale
585 2239 601 2264 ,
669 2209 791 2255 nec
854 2198 1078 2272 patere
1142 2188 1390 2273 aliquid
1455 2186 1537 2252 de
1600 2188 1710 2273 pio
1774 2188 2056 2252 stati-um
2118 2185 2357 2251 affeetu

394 2273 785 2341 labefactari
826 2277 898 2341 in
930 2283 997 2342 te
1030 2282 1100 2341 et
1132 2277 1389 2351 fratres,
1432 2273 1515 2339 ob
1550 2273 1972 2356 scriptionem
2014 2271 2185 2338 hanc
2219 2278 2359 2335 tam

393 2359 729 2426 miseram.
832 2359 1079 2428 Omnia
1129 2381 1313 2426 eram
1365 2360 1802 2437 laceraturus,
1868 2358 1997 2423 nisi
2058 2357 2233 2442 apud
2293 2364 2359 2422 te

394 2455 777 2528 reputarem
807 2454 1069 2514 tantum
1103 2447 1268 2512 mihi
1300 2445 1517 2527 licere,
1552 2467 1628 2512 ac
1662 2464 1995 2528 sperarem
2031 2450 2099 2507 te
2118 2443 2358 2509 misere

394 2531 860 2684 ..ἛΞΞΨἙΞ
881 2528 2357 2698 ἯᾎΡὲιῑῗῗωῖζὲῑὲἳ“ἶίἓωῖὦῒέἀὲᾞ’

394 2640 758 2769 Ρηοῒθτὲε,
798 2723 951 2770 cum
992 2639 1402 2788 istis'agitliili·
1457 2723 1618 2788 quos
1642 2639 1820 2769 qsatis
1874 2701 2032 2767 novi
2085 2700 2239 2787 plus
2288 2701 2359 2765 in

394 2809 509 2853 me
571 2788 820 2856 intueri
883 2789 1038 2874 quid
1105 2789 1304 2855 velim
1368 2810 1567 2874 quam
1624 2787 1781 2872 quid
1846 2786 2078 2853 dicam.
2188 2785 2360 2852 Vale

395 2873 664 2954 iterum,
719 2894 796 2940 ac
844 2896 1070 2943 omnes
1124 2885 1359 2942 tecum.
1446 2874 1776 2953 Neoeomi,
1825 2877 1882 2937 6.
1927 2871 2121 2938 Febr.
2176 2875 2357 2938 1540.

1410 2994 1597 3059 Tuus
1640 3001 1820 3058 totus
1863 2990 2182 3058 Farellus.

1298 3368 1450 3439 2⁰8.

772 3488 1493 3558 MELANOHTHON
1536 3487 1973 3558 OALVINO.

577 3627 978 3696 Commendat
1017 3631 1077 3694 ei
1121 3627 1361 3693 Italum
1411 3626 1727 3709 quendam
1781 3627 1935 3694 olim
1986 3624 2362 3694 sacerdotem

396 3717 469 3781 in
519 3713 914 3781 Sabaudiam
944 3713 1448 3797 proficiscemem.

401 3870 518 3936 <a
552 3869 919 3991 wag.
938 3867 1541 3991 essessa
1567 3867 2035 4000 00¹¹...31321
2071 3867 2203 3921 ⁰0⁶·
2240 3864 2360 3933 ²⁶⁸2

521 4193 533 4207 ·
576 4107 871 4194 Egregia
905 4106 1205 4207 doctrina
1238 4116 1306 4171 st
1341 4107 1585 4190 pietate
1620 4106 1917 4190 praedito
1953 4105 2038 4173 D.
2080 4106 2362 4173 Oalvino

402 4214 616 4260 amico
658 4215 777 4260 suo
824 4213 1179 4260 carissimo.
2354 4225 2357 4228 ὴ

1766 4278 2192 4364 Argentinae.

580 4415 650 4485 S.
696 4418 779 4483 D.
869 4415 1001 4483 Hic
1058 4415 1438 4482 tabellarius
1489 4415 1857 4483 Senensem
1926 4437 1997 4483 se
2050 4437 2193 4483 esse
2249 4417 2361 4496 ait,

408 4511 478 4570 et
518 4504 720 4569 fuisse
762 4501 1221 4580 sacrificulum,
1267 4510 1337 4568 et
1379 4503 1636 4568 venisse
1668 4505 1743 4568 in
1777 4502 2140 4586 periculum
2175 4523 2364 4585 prop-

408 4596 594 4656 terea
632 4586 806 4672 quod
847 4587 1171 4673 quaedam
1213 4587 1482 4654 liberius
1516 4587 1760 4653 dixerit
1793 4587 2112 4654 adversus
2146 4589 2362 4672 ponti-

410 4675 610 4740 ficum
632 4683 702 4740 et
721 4673 1135 4741 sacerdotum
1170 4673 1420 4739 luxum.
1492 4675 1554 4738 A
1603 4671 1690 4739 ud
1723 4695 1843 4739 nos
1877 4694 2034 4740 sane
2068 4673 2363 4741 modeste

416 4759 599 4826 vixit.
686 4760 752 4826 Ν
755 4781 883 4827 unc
911 4760 1092 4845 cupit
1113 4758 1431 4843 proficisci
1451 4759 1522 4824 in
1599 4758 1964 4839 abaudiam,
2007 4759 2123 4826 ubi
2144 4767 2365 4843 sperat

412 4866 487 4912 se
572 4845 678 4946 lus
716 4866 906 4930 posse
948 4846 1284 4946 prolicere,
1342 4853 1458 4911 aut
1511 4845 1808 4912 fortassis
1857 4845 2056 4910 etiam
2080 4846 2364 4946 ,ser-vire

414 4932 1309 5115 ffmffisszaoelffiffigffzsszi
1339 4938 1560 5082 ‘nist
1596 4929 2365 5101 iffioassffssgssissnfflggi

416 5103 476 5168 si
516 5123 866 5186 possumus
907 5102 1373 5168 beneficiamus
1415 5101 1760 5187 aliquibus.
1848 5104 1943 5169 ΤΘ
2001 5122 2086 5168 ex
2144 5104 2365 5169 animo

419 5209 565 5255 amo
629 5196 701 5253 et
762 5207 995 5272 precor
1044 5187 1389 5254 Christum
1443 5199 1522 5253 ut
1583 5196 1648 5252 te
1758 5190 2047 5255 ubernet.
2151 5187 2365 5272 Spero

418 5273 739 5342 Rumam
772 5285 842 5340 et
861 5294 983 5340 nos
1021 5271 1204 5339 brevi
1235 5275 1306 5339 in
1346 5280 1683 5341 conventu
1711 5210 2197 5342 {malealdensi
2229 5295 2367 5340 una

421 5361 678 5428 futuros
733 5382 891 5428 esse.
1002 5358 1234 5426 Habeo
1295 5360 1471 5444 apud
1532 5381 1640 5426 me
1701 5359 2028 5445 hospitem
2090 5359 2368 5427 Gallum

630 5462 850 5520 Gabini
874 5467 1062 5534 ’om
1143 5461 1261 5520 Vol.
1292 5462 1401 5518 xl.

2458 642 2778 709 Ioannem
2814 642 3230 726 Ρναωὺιειιηι,
3274 644 3605 712 eruditum
3643 653 3710 712 et
3745 649 4023 731 probum
4056 648 4415 728 hominem,

2459 729 2571 813 qui
2615 728 2697 794 de
2740 736 2807 795 te
2850 738 3150 796 amantor
3193 738 3260 796 et
3302 751 3497 815 saepe
3540 731 3848 816 loquitur.
3936 734 4122 800 Bene
4157 742 4226 800 et
4266 734 4416 801 feli-

2458 815 2626 881 citer
2665 814 2833 882 vale.
2920 815 3045 882 XL
3093 816 3199 883 die
3240 816 3589 883 Februarii
3639 822 3821 884 1540.
3853 819 3903 903 ¹)

3243 1079 3640 1086 --—-—-——---—--

3302 1259 3431 1327 sos
3452 1260 3569 1327 bis.

2885 1394 3437 1465 sTsPHANUs
3480 1398 3909 1467 mosam.
3938 1403 3990 1486 1)

2637 1565 2842 1651 Rogat
2880 1587 3021 1633 acm
3061 1573 3132 1634 ut
3159 1573 3388 1652 peryat
3427 1570 3500 1634 in
3547 1569 3880 1638 Thesauro
3940 1573 4318 1640 mendando
4358 1579 4422 1641 d

2463 1651 2905 1734 locupletando.
3031 1653 3184 1737 Ipse
3246 1674 3388 1720 aere
3452 1654 3656 1721 alieno
3708 1678 3979 1741 pressus
4039 1680 4164 1726 non
4216 1665 4419 1742 potest

2460 1759 2655 1821 neque
2719 1759 2916 1805 emere
2975 1759 3168 1823 neque
3228 1740 3481 1806 vendere
3541 1742 3675 1807 rii-si
3727 1749 4052 1827 praesente
4115 1748 4416 1828 pecunia.

2468 1824 3035 1907 Quoslihrossibi
3087 1825 3524 1908 impetierat,
3582 1831 3806 1910 quantu·
3860 1836 4128 1898 constent
4181 1836 4238 1898 et
4292 1852 4418 1916 quo

2458 1911 2640 1977 modo
2680 1911 2996 1978 mcuenda.

2758 2083 2869 2148 (Ex
2904 2083 3243 2153 autographo
3279 2081 3408 2139 cod.
3444 2083 3680 2139 Gothani
3713 2083 3819 2139 404
3852 2086 3945 2141 fol.
3980 2085 4124 2153 792.)

2634 2271 2880 2354 Recepi
2956 2270 3184 2338 literas
3268 2280 3418 2338 tuas
3493 2277 3585 2338 16.
3671 2274 4020 2342 Februarii
4097 2278 4181 2344 ad
4252 2301 4420 2362 quas

2459 2357 2762 2442 pluribus
2800 2355 3196 2440 respondere
3238 2379 3374 2423 non
3420 2379 3688 2441 possum
3730 2371 4003 2446 propter
4044 2367 4418 2448 occupatio-

2461 2464 2599 2509 nes.
2668 2442 2906 2527 Perge,
2946 2442 3232 2522 obsecre,
3268 2443 3340 2508 in
3383 2442 3790 2511 emendando
3835 2456 4060 2515 nostro
4104 2450 4416 2517 thesauro

2462 2537 2534 2596 et
2565 2528 2947 2612 colligendis
2980 2549 3150 2611 quae
3179 2549 3264 2594 ex
3285 2530 3575 2613 probatis
3599 2530 3732 2597 illis
3755 2534 4094 2602 autoribus
4115 2536 4410 2616 deerunt,

2463 2635 2542 2680 eo
2594 2635 2800 2697 usque
2856 2620 2931 2679 ut
2982 2634 3066 2679 ne
3123 2615 3433 2698 graviora
3500 2625 3871 2701 postponas.
3958 2620 4117 2688 Feci
4177 2624 4418 2704 partim

2461 2697 2633 2784 quod
2658 2699 2919 2766 volebas
2942 2699 3023 2766 de
3043 2699 3247 2767 libris.
3319 2701 3471 2767 Non
3492 2702 3667 2768 soleo
3703 2722 3743 2767 a
3775 2706 4019 2772 nostris
4053 2705 4418 2791 bibliopolis

2462 2782 2618 2870 quid
2663 2806 2818 2850 uam
2838 2786 3130 2868 accipere
3152 2786 3281 2853 nisi
3304 2789 3632 2870 praesenti
3655 2791 3948 2872 pecunia.
3990 2791 4419 2860 Praesentem

2461 2893 2595 2937 non
2689 2869 2848 2937 abeo
2890 2881 3164 2955 propter
3205 2893 3318 2938 aes
3362 2873 3654 2940 alienum
3703 2874 3984 2940 multum
4027 2898 4153 2960 quo
4195 2877 4418 2946 laboro

2461 2954 2547 3023 ad
2613 2956 2791 3041 quod
2859 2956 3062 3022 etiam
3129 2956 3621 3025 dissolvendum
3686 2960 3842 3026 totis
3908 2961 4158 3029 viribus
4219 2965 4413 3030 nitor.

2461 3042 2782 3127 Magnam
2823 3043 3004 3109 enim
3056 3065 3136 3110 ea
3175 3064 3283 3110 res
3326 3045 3695 3111 molestiam
3736 3046 3933 3112 affert
3973 3048 4157 3113 mihi.
4243 3050 4418 3117 Rem

2462 3135 2674 3194 totam
2715 3128 2986 3195 narravi
3029 3129 3236 3196 amico
3280 3139 3393 3196 tuo
3435 3133 3549 3214 qui
3590 3131 3758 3196 mihi
3798 3140 3946 3200 tuas
3988 3134 4214 3200 literas
4264 3136 4416 3202 red-

2465 3213 2652 3279 didit.
2717 3214 2998 3281 Minoris
3032 3216 3242 3282 multo
3272 3218 3578 3283 emissem
3607 3218 3875 3284 nomine
3904 3240 4050 3285 meo
4086 3223 4419 3304 praesenti

2463 3300 2765 3384 pecunia,
2825 3321 3025 3383 quam
3076 3300 3206 3367 fide
3248 3322 3397 3367 mea
3452 3303 3592 3369 inte
3674 3304 3856 3370 osita.
3956 3305 4147 3372 Libri
4189 3328 4418 3374 omnes

2464 3406 2630 3469 quos
2693 3387 2863 3470 petis
2928 3394 3237 3452 emuntur
3297 3387 3777 3473 quinquaginta
3838 3390 4052 3458 tribus
4115 3392 4417 3461 francicis

2462 3471 2918 3554 praesentibus
2961 3474 3281 3557 compacti
3330 3474 3637 3556 (fortasse
3687 3474 3850 3541 alias
3893 3477 4014 3543 vix
4056 3498 4237 3545 emas
4282 3479 4414 3561 58).

2461 3557 2618 3623 Non
2675 3557 2863 3640 potui
2917 3557 3200 3642 amplius
3253 3567 3371 3623 tua
3422 3579 3616 3626 causa
3667 3581 3864 3644 quam
3913 3583 4240 3629 summam
4299 3566 4419 3632 tibi

2463 3641 2763 3709 scribere.
2842 3642 3264 3710 Praestiterit
3296 3645 3570 3711 fortasse
3606 3654 3813 3711 totum
3847 3648 4183 3733 negotium
4216 3650 4416 3718 Fres-

2464 3729 2654 3795 conio
2671 3730 2731 3813 2)
2789 3729 3217 3809 committere,
3274 3739 3432 3796 sunt
3483 3731 3661 3796 enim
3706 3740 4016 3799 vecturae
4069 3734 4412 3803 molestae:

2464 3814 2580 3880 ille
2613 3835 2774 3880 vero
2807 3814 2998 3880 novit
3032 3814 3274 3898 quibus
3296 3815 3571 3883 daturus
3594 3825 3785 3883 esset.
3857 3818 4004 3885 Hoe
4037 3821 4203 3886 mihi
4222 3823 4415 3889 crede

2466 3900 2626 3982 (nisi
2681 3899 2856 3983 quod
2909 3899 3049 3965 dixi
3102 3922 3214 3967 aes
3268 3900 3558 3967 alienum
3615 3924 3838 3969 meum
3891 3905 4279 3991 obstitisset)
4338 3929 4419 3975 ea

2464 3986 2611 4071 ipsa
2661 3985 2830 4052 hora
2877 3986 2996 4052 tibi
3039 3986 3363 4054 emissem.
3451 3988 3728 4055 Utinam
3771 4039 4040 4057 .....
4068 3990 4124 4077 ⁸)
4170 3994 4419 4060 maiora

2464 4079 2804 4156 praestare
2846 4092 3101 4154 queam.
3200 4073 3530 4142 Dominus
3572 4074 3922 4158 aliquando
3964 4076 4268 4144 liberabit
4308 4101 4416 4147 me

2466 4156 2843 4225 huiusmodi
2894 4158 3071 4225 curis
3127 4159 3552 4242 gravissimis.
3638 4159 3971 4229 Dominus
4023 4163 4211 4229 Iesus
4263 4186 4419 4232 cum

2465 4245 2704 4330 spiritu
2763 4252 2895 4310 tuo.
2983 4245 3219 4311 Amen.
3307 4244 3603 4326 Parisiis,
3666 4249 3830 4312 1540
3891 4251 3988 4311 16.
4045 4248 4414 4319 Februarii.

3588 4382 3770 4449 Tuus
3812 4404 4011 4468 quem
4053 4387 4242 4453 nosti.

2499 4548 2638 4613 208.
2674 4550 2735 4614 1)
2775 4550 3113 4620 Subscriptio
3145 4551 3302 4607 adest
3333 4552 3487 4608 nulla
3504 4553 3601 4607 sed
3616 4554 3921 4610 certissima
3943 4554 4193 4626 Phaippi
4205 4575 4424 4616 mam.

2500 4617 2730 4680 tuebis.
2768 4619 2828 4684 1)
2864 4618 2940 4675 12·
2987 4626 3136 4689 tergo
3183 4621 3442 4690 seriptum
3488 4621 3685 4690 leqitur
3735 4622 3851 4677 alia
3893 4639 4093 4679 manu.-
4145 4627 4422 4683 Bobertus

2467 4687 2710 4743 Calvino.
2779 4687 2905 4744 Iam
2938 4689 3027 4745 hie
3066 4689 3339 4745 Robertus
3371 4691 3507 4760 quin
3544 4689 3857 4758 Stephanus
3903 4693 3990 4760 sit,
4038 4688 4068 4745 ὃ
4110 4692 4273 4759 πάνυ,
4318 4697 4420 4752 ἀοι-

2466 4757 2617 4812 bium
2649 4757 2809 4812 nobie
2850 4773 2963 4813 non
2996 4764 3091 4825 est,
3139 4760 3360 4814 minime
3392 4775 3519 4814 vero
3551 4761 3710 4814 nobis
3725 4762 4123 4829 persuademus
4138 4766 4426 4834 epistolam

2468 4825 2547 4881 ad
2585 4824 2872 4881 Calvinum
2905 4826 3092 4882 datam
3135 4842 3263 4883 esse.
3337 4827 3427 4883 Ne
3471 4834 3650 4883 tamen
3693 4829 3830 4899 quid
3872 4836 4065 4886 temere
4107 4837 4430 4890 omittamus

2466 4900 2659 4951 nostro
2693 4893 2900 4950 iudicio
2933 4897 3093 4950 unice
3126 4897 3333 4966 conlisi,
3368 4913 3488 4951 eam
3522 4898 3628 4952 tibi
3655 4913 3856 4967 negare
3887 4899 4176 4956 noluimus.

2677 4962 2738 5028 2)
2776 4962 3067 5019 Freslonio
3099 4963 3181 5033 (Ρ)
3255 4967 3319 5020 ui
3350 4966 3742 5036 Laqdunensn‘s
3774 4967 4063 5039 bibliopola
4097 4976 4230 5024 erat.

2675 5031 2737 5096 8)
2773 5030 2940 5089 Duae
2971 5048 3128 5089 voces
3159 4982 3372 5090 dna-‘ae-

3251 5259 3650 5270 q———h———o
