5050 6167
679 414 807 479 587

673 607 782 666 -661
838 599 1098 665 senatui
1151 606 1377 664 nostro
1402 600 1463 677 ὅ)
1520 596 1811 664 16(11661·6
1865 597 1979 662 ubi
2035 618 2275 675 essem,
2335 605 2403 662 et
2460 617 2627 680 quae

680 685 1081 768 exspectatio
1122 683 1230 751 hic
1272 706 1379 750 me
1424 692 1693 749 teneret.
1774 682 1853 749 Si
1894 684 2167 749 nuntius
2209 683 2318 749 hic
2359 681 2629 747 redierit

680 770 885 858 (quod
952 772 1172 853 spero)
1236 771 1338 837 fac
1407 791 1527 835 noe
1591 767 1673 835 de
1737 769 2041 835 omnibus
2106 769 2431 835 certiores,
2493 767 2627 833 ·De

678 857 1137 940 provocatione
1174 854 1387 922 Caroli
1421 876 1553 920 non
1589 863 1690 921 661
1732 854 1908 937 quod
1943 853 2216 920 dubites.
2286 854 2628 920 Habemus

681 942 822 1008 eius
865 962 1157 1007 manum.
1243 940 1472 1025 Nuper
1514 940 1955 1006 meditabatur
1995 941 2238 1024 fugam,
2296 940 2412 1005 sed
2452 960 2629 1005 nunc

678 1027 1145 1113 propinquiore
1192 1025 1461 1093 Caesare
1514 1027 1726 1092 factus
1785 1032 1887 1091 est
1937 1025 2270 1109 aliquanto
2314 1032 2382 1091 et
2424 1024 2629 1091 auda-

680 1113 817 1179 cior
859 1121 925 1177 et
965 1112 1367 1191 insolentior,
1422 1113 1577 1195 (1616
1630 1112 2161 1194 disceptationem
2205 1111 2546 1194 impetrari
2591 1132 2631 1176 a

680 1198 869 1264 nobie
910 1219 1046 1263 non
1081 1218 1267 1281 posse
1309 1204 1489 1263 certo
1523 1197 1805 1264 confidit.
1875 1196 2074 1262 Petee
2114 1197 2197 1262 ab
2232 1197 2355 1262 hoc
2391 1197 2630 1261 nuncio

677 1285 1164 1366 responsionem
1209 1284 1369 1363 eius,
1399 1285 1455 1365 ⁶)
1497 1304 1693 1367 quam
1736 1282 2089 1368 perlectam
2133 1281 2382 1349 reddes.
2461 1281 2631 1346 Inde

725 1369 1039 1452 rospieies
1100 1389 1298 1452 quam
1352 1369 1517 1434 altos
1572 1377 1639 1434 et
1704 1368 1991 1434 tumidos
2041 1369 2281 1435 habeat
2343 1368 2626 1451 spiritus.

749 1453 868 1520 616.
943 1453 1177 1519 Saluta
1231 1475 1458 1520 omnes
1511 1455 1764 1533 fratres,
1832 1463 1901 1520 et
1956 1453 2327 1533 Genevam,
2393 1454 2450 1519 ei
2503 1453 2633 1518 erit

679 1539 1111 1618 commodum,
1155 1539 1503 1624 aliquando
1546 1540 1772 1606 invise.
1844 1539 2014 1604 Vale
2057 1541 2318 1605 iterum.
2396 1538 2630 1604 Domi-

677 1646 806 1691 nus
848 1634 916 1690 te
950 1633 1306 1693 conservet.
1376 1626 1808 1711 Argentorati
1845 1624 2115 1693 Galend.
2153 1625 2337 1690 Iullii
2370 1626 2631 1691 circiter

681 1709 1038 1776 meridiem.

1595 1796 1878 1863 Ioannes
1923 1796 2238 1863 Oalvinue
2281 1802 2455 1862 1666.

1453 2088 1860 2100 -————-

1576 2323 1734 2396 464.

909 2478 1262 2544 cALvm
1306 2478 1435 2546 Au
1478 2461 1783 2545 eamr
1827 2478 1957 2545 DE
2001 2463 2404 2547 Genava.

812 2648 1103 2733 Rapport
1144 2649 1465 2732 prealable
1524 2669 1642 2715 sur
1704 2670 1818 2716 eon
1872 2670 2099 2734 voyaye
2154 2649 2198 2713 ὰ
2257 2647 2635 2732 Βὺναεόοανρ

680 2739 738 2803 et
791 2756 908 2802 eur
963 2735 1280 2801 l'v'naction
1331 2735 1531 2817 foa-obe
1587 2735 1630 2800 ὰ
1687 2735 1952 2817 laquelle
2003 2736 2054 2801 il
2109 2756 2175 2802 se
2231 2740 2442 2801 trouve
2496 2754 2636 2801 oon-

677 2820 909 2891 dumne
937 2840 1108 2903 pour
1148 2820 1205 2886 le
1242 2827 1505 2888 moment
1545 2822 1590 2886 ὰ
1630 2820 1872 2906 Ρέρανᾶ
1903 2822 1980 2888 de
2020 2821 2295 2903 l'affaire
2331 2820 2408 2887 de
2443 2819 2631 2886 Mete.

682 3008 976 3073 (Archivee
1024 3008 1095 3062 de
1139 3006 1377 3062 Geneve.
1466 3007 1657 3063 Pieces
1703 3009 1895 3063 hietori
1935 3026 2032 3062 uee
2078 3009 2148 3062 N.
2199 3006 2350 3062 1250.
2431 3007 2517 3063 On
2565 3023 2633 3061 en

679 3081 878 3132 trouve
924 3076 1021 3130 dee
1056 3078 1239 3146 copies
1286 3078 1321 3131 a
1365 3078 1420 3131 la
1464 3075 1726 3132 Biblioth'
1780 3094 1849 3132 ue
2077 3078 2197 3144 111,
2246 3076 2336 3131 fol.
2387 3074 2473 3145 76,
2526 3094 2634 3130 aux

680 3146 930 3201 arehives
966 3144 1035 3198 de
1070 3146 1250 3199 Berne
1286 3146 1425 3216 Epp.
1463 3147 1582 3201 VII.
1663 3184 1675 3197 .
1701 3144 1737 3198 4
1775 3146 1821 3212 1,
1860 3153 1917 3200 61
1935 3147 2071 3200 dans
2089 3146 2287 3200 Simler
2309 3145 2436 3200 Vol.
2462 3144 2548 3200 53.
2569 3174 2634 3184 —

667 3213 971 3283 ‘Imprimee
1006 3214 1136 3267 61166
1171 3216 1387 3269 Bonnet
1421 3231 1488 3270 en
1523 3215 1590 3268 fr.
1662 3256 1676 3269 .
1713 3213 1798 3281 80,
1836 3232 1906 3269 66
1941 3216 2149 3286 anglais
2182 3215 2223 3268 L
2258 3212 2380 3268 357.
2429 3244 2496 3254 —
2543 3214 2634 3267 Au

679 3283 782 3337 dos
816 3282 885 3336 de
919 3282 1186 3351 roriginal
1221 3300 1292 3338 on
1326 3285 1419 3338 lit:
1469 3285 1649 3338 Beceu
1684 3285 1742 3338 ix
1776 3284 1846 3338 de
1879 3285 2067 3338 Iulliet
2114 3282 2250 3338 1543
2293 3282 2363 3336 de
2409 3284 2633 3337 maistre

956 3350 1147 3405 Oalvin
1184 3358 1365 3406 estant
1398 3354 1721 3423 estrabourg
1756 3369 1790 3405 a
1822 3369 1982 3408 cause
2017 3353 2087 3407 de
2123 3352 2366 3422 Oaroly.)

673 3538 745 3605 A
787 3537 865 3603 M
1000 3538 1014 3553 ‘
1068 3559 1263 3621 cquee
1320 3540 1656 3623 puiseantz
1700 3552 1766 3605 et
1808 3543 2227 3608 treshonorez
2271 3539 2634 3626 Seigneure

675 3623 1171 3709 Meesexgneure
1214 3625 1311 3690 les
1333 3622 1750 3710 Syndicquee
1794 3635 1861 3693 et
1903 3628 2144 3731 6666611
2190 3627 2271 3694 (16
2307 3628 2630 3694 Genesve.

852 3779 1329 3878 Mag-nificques
1369 3787 1437 3845 et
1479 3780 1897 3847 treehonorez
1941 3779 2309 3866 Seigneure
2322 3832 2339 3861 ,
2384 3782 2635 3866 iespere

677 3886 805 3951 que
858 3865 1139 3931 Malstre
1195 3866 1428 3932 Pierre
1487 3866 1659 3933 Vir-et
1682 3871 1733 3951 ¹)
1800 3888 1968 3935 vous
2042 3889 2207 3933 aura
2265 3868 2422 3934 faict
2491 3889 2633 3934 mes

677 3970 954 4017 excuses
1009 3948 1090 4016 de
1144 3972 1217 4017 66
1271 3973 1398 4035 (166
1461 3952 1526 4018 16
1584 3974 1668 4017 66
1737 3975 1902 4019 vous
1969 3953 2241 4019 eecrivie
2305 3954 2494 4037 point
2552 3954 2633 4020 de

676 4036 905 4103 Borne
961 4035 1259 4102 daultant
1316 4059 1445 4121 que
1499 4059 1664 4122 pour
1718 4039 1852 4105 lore
1903 4039 2130 4105 ieetoie
2174 4039 2309 4104 mal
2351 4037 2630 4124 dispose.

676 4122 924 4188 Estant
979 4143 1155 4187 venu
1214 4144 1254 4188 a
1309 4123 1507 4189 Baele
1562 4125 1627 4188 ie
1678 4134 2034 4209 1116666163Γ
2092 4145 2213 4190 voz
2235 4128 2292 4200 2)
2351 4125 2551 4192 letres
2594 4148 2635 4192 a

676 4207 1036 4274 Meseieure
1082 4206 1170 4272 du
1212 4208 1480 4275 coneeil:
1537 4209 1821 4293 lesquelz
1865 4232 1971 4276 me
2014 4208 2379 4277 donnerent
2434 4213 2632 4278 letres

681 4290 764 4358 de
807 4292 1443 4361 recommendatione
1486 4316 1527 4360 6
1570 4296 1929 4362 Μ66616616
1973 4296 2054 4361 (16
2097 4304 2273 4363 ceste
2318 4296 2493 4376 ville,
2537 4298 2634 4363 les

677 4378 870 4529 ἔξω
873 4400 905 4444 6
948 4376 1030 4443 (16
1071 4400 1178 4444 166
1223 4380 1476 4446 vouloir
1529 4380 1828 4449 adreeeer
1879 4390 2025 4446 tant
2081 4381 2162 4447 de
2218 4382 2464 4449 coneeil
2506 4404 2633 4466 que

765 4462 895 4547 yde
938 4485 1021 4529 66
1063 4485 1221 4530 6166
1263 4466 1514 4550 voiage.

854 4549 962 4614 En
1003 4558 1179 4616 ceste
1220 4551 1396 4629 ville,
1441 4559 1587 4617 tant
1630 4573 1750 4635 par
1790 4552 1854 4619 le
1894 4555 2115 4619 moien
2157 4553 2237 4619 de
2272 4573 2395 4619 voz
2432 4553 2630 4621 letres

678 4641 750 4702 et
791 4635 986 4701 661166
1029 4635 1111 4700 de
1154 4636 1514 4704 Messieurs
1559 4637 1639 4704 de
1666 4639 1887 4719 Baelo,
1929 4661 2055 4723 que
2098 4659 2265 4723 pour
2306 4638 2374 4704 la
2412 4641 2630 4706 bonne

832 4978 844 4989 ο
886 4908 947 4973 5)
988 4906 1311 4989 Gmevenei,
1349 4911 1448 4979 qui
1480 4912 1603 4981 ipse
1636 4927 1835 4981 nuper,
1884 4914 1922 4966 i.
1962 4928 2007 4968 e.
2041 4912 2093 4966 d.
2135 4913 2215 4967 16.
2250 4919 2302 4968 et
2349 4913 2431 4967 18.
2468 4914 2633 4969 Iunii

684 4978 976 5033 (Jalvmam
1022 4991 1146 5030 cum
1188 4978 1366 5033 luteris
1403 4981 1600 5036 Metim
1647 4982 1969 5037 mittendum
2014 4983 2343 5038 decreverat.
2412 4983 2634 5053 Aaylue

680 5045 2633 5128 senatmn4r9mwratmeemmmdputm,cuivieumeitmdicare

680 5116 861 5173 nscio
886 5116 1136 5240 (⁴5³²an
1139 5122 1294 5240 763661
1329 5118 1611 5176 Calvinus.

716 5252 850 5315 484.
891 5258 945 5322 1>
986 5256 1053 5311 V.
1091 5255 1177 5311 Re
1215 5298 1228 5311 .
1265 5256 1345 5310 du
1380 5255 1698 5314 06666130
1731 5260 1897 5315 Juin.
1925 5258 2031 5329 (N.
2066 5258 2217 5326 480.)

886 5324 947 5389 2)
984 5342 1099 5379 mes
1134 5272 1230 5382 lg.
1264 5326 1335 5393 fr.
1372 5332 1424 5381 et
1567 5327 1602 5380 l.

2221 408 2746 479 EPISTOLAE
2791 413 2916 475 483
2940 412 3132 475 -485

4540 414 4652 477 588

2730 596 3037 663 affection
3093 618 3265 681 quon
3322 617 3436 682 my
3490 603 3675 680 porte
3691 647 3706 674 ‚
3762 604 3830 662 et
3872 596 4408 681 singulierement
4448 618 4527 663 en
4564 598 4655 664 fa-

2712 704 2901 749 ·veur
2955 682 3037 747 de
3088 682 3155 747 la
3210 703 3406 749 cause
3422 733 3439 762 ,
3496 684 3609 767 iay
3681 690 3912 748 trouve
3968 683 4149 748 aussi
4217 683 4431 749 bonne
4500 684 4657 768 ayde

2728 789 2979 836 comme
3017 770 3080 833 ie
3120 788 3419 853 pouvoye
3459 766 3725 833 desirer.
3781 767 4139 834 Meseieure
4180 789 4251 835 66
4292 776 4441 836 6661
4480 771 4660 836 offert

2728 853 3317 920 treeliberalement
3360 853 3441 920 de
3482 854 3645 920 faire
3689 874 3763 919 ce
3805 854 3916 936 qui
3960 854 4161 920 seroit
4193 875 4280 920 en
4314 854 4460 920 leur
4492 856 4660 938 puis·

2732 962 2945 1007 sance.
3033 939 3419 1005 Seulement
3473 960 3599 1022 que
3648 960 3815 1005 noue
4121 940 4352 1005 'ssione
4405 943 4662 1009 maistre

2738 1026 3098 1093 Guillaume
3154 1032 3221 1090 et
3276 1045 3384 1090 mo
3487 1024 3583 1090 les
3637 1025 3889 1091 moiens
3986 1034 4104 1090 ont
4144 1024 4194 1090 il
4236 1026 4437 1091 seroit
4474 1047 4661 1110 expe·

2733 1112 2917 1177 dient
2969 1111 3049 1176 de
3103 1132 3275 1177 ueer.
3418 1131 3500 1175 ur
3554 1109 3695 1177 cela
3743 1130 3910 1176 noue
3962 1110 4105 1175 leur
4157 1130 4361 1177 avone
4401 1132 4664 1195 propose

2733 1198 2894 1263 trois
2935 1198 3144 1263 voiee:
3191 1217 3276 1262 ou
3319 1194 3401 1261 de
3440 1216 3606 1261 nous
3648 1196 3810 1261 faire
3853 1196 4163 1262 conduire
4204 1206 4346 1261 tout
4386 1196 4589 1263 droict
4627 1216 4665 1261 a

2733 1282 2911 1348 Metz
2928 1333 2942 1359 ,
3017 1282 3315 1348 combicn
3385 1303 3512 1365 que
3566 1302 3640 1347 ce
3693 1302 3779 1347 ne
3830 1281 3966 1346 fust
4027 1303 4179 1348 eane
4236 1281 4507 1366 dangier
4516 1305 4533 1362 3
4583 1302 4668 1348 ou

2735 1367 3043 1434 derecbef
3070 1387 3352 1433 sommer
3383 1367 3448 1432 16
3482 1367 3726 1434 6666611
3761 1366 3842 1432 (16
3875 1368 4054 1433 Meta
4098 1367 4179 1433 de
4221 1388 4385 1434 noue
4428 1368 4667 1434 donner

2735 1453 3075 1533 audience,
3133 1474 3216 1518 ou
3272 1453 3424 1519 bien
3477 1453 3831 1537 d'envoyer
3888 1473 3969 1518 en
4023 1454 4090 1519 16
4132 1452 4293 1520 ville
4335 1454 4417 1519 de
4460 1453 4669 1520 86161-

2733 1539 2854 1607 cad
2869 1591 2885 1618 ‚
2944 1559 3026 1604 66
3070 1537 3351 1621 laquelle
3392 1539 3807 1604 maintenant
3850 1546 3951 1605 est
3995 1539 4352 1604 assemblee
4393 1539 4462 1604 la
4501 1539 4671 1623 ligne

2735 1625 2850 1691 dee
2892 1632 3280 1707 protestans,
3316 1630 3383 1689 et
3413 1624 3480 1689 la
3513 1624 3808 1707 requerir
3840 1625 4264 1691 instamment
4294 1624 4392 1691 les
4424 1626 4675 1708 princes

2733 1717 2801 1776 et
2855 1709 3351 1776 ambaeeadeurs
3423 1709 3519 1775 les
3574 1709 3766 1776 villes
3835 1707 3918 1776 de
3972 1710 4226 1777 vouloir
4282 1709 4562 1794 prendre
4611 1710 4676 1775 la

2734 1796 2930 1862 chose
2975 1816 3059 1861 en
3101 1796 3298 1860 main.

2908 1880 3133 1961 Quant
3177 1902 3263 1946 au
3307 1881 3591 1964 premier
3628 1882 3870 1964 poinct,
3915 1880 4000 1946 116
4036 1888 4153 1946 661
4185 1881 4515 1964 respondu
4558 1900 4677 1964 que

2734 1966 3098 2033 voluntiers
3158 1967 3245 2031 116
3311 1967 3723 2033 envoiroient
3798 1966 4181 2033 ambaeeade
4260 1988 4420 2034 avec
4496 1985 4677 2046 nous,

2734 2074 2899 2136 pour
2950 2072 3119 2117 nous
3174 2071 3404 2118 mener
3456 2073 3541 2117 en
3585 2059 3874 2131 eeurete,
3919 2060 3987 2118 et
4028 2052 4311 2119 solicitet
4354 2073 4482 2135 que
4521 2072 4681 2118 noue

2735 2139 3058 2204 seussione
3107 2159 3272 2223 ouye
3288 2189 3304 2216 ‚
3364 2146 3434 2202 et
3485 2138 3659 2220 (16116
3712 2158 3797 2203 116
3852 2160 3922 2204 66
3965 2136 4382 2204 vouldroient
4424 2157 4541 2221 pae
4581 2157 4680 2202 es-

2733 2245 3022 2308 pargner
3063 2244 3147 2288 en
3191 2230 3331 2289 cest
3370 2223 3682 2303 endroict,
3727 2225 3971 2291 nestoit
4013 2224 4185 2307 (111116
4227 2224 4519 2289 voioient
4549 2222 4684 2288 cela

2736 2331 2821 2374 ne
2865 2329 2937 2375 ee
2978 2310 3254 2391 pouvoir
3295 2309 3460 2376 faire
3502 2329 3656 2376 eane
3698 2308 3973 2393 dangier
4015 2309 4098 2374 de
4142 2329 4263 2374 noz
4305 2328 4679 2392 personnes,

2736 2404 2803 2460 et
2847 2414 3005 2462 avec
3044 2395 3248 2478 petite
3292 2415 3643 2479 esperance
3677 2393 3758 2461 de
3800 2395 4012 2462 fruict.
4060 2394 4342 2460 Aultant
4376 2393 4685 2461 denvoier

2734 2479 2934 2545 letree
2977 2501 3058 2545 en
3103 2480 3246 2545 leur
3287 2501 3444 2546 nom
3486 2482 3701 2565 privo,
3761 2501 3888 2564 que
3945 2502 4019 2548 66
4063 2481 4261 2546 seroit
4299 2481 4497 2564 poine
4538 2499 4684 2562 per-

2736 2564 2880 2631 due.
2929 2566 3033 2631 La
3065 2567 3288 2632 raison
3326 2575 3432 2632 est
3471 2587 3597 2650 que
3638 2566 3738 2631 les
3779 2588 3866 2650 pa
3909 2567 4068 2633 16166
4110 2586 4183 2632 66
4224 2574 4375 2632 6661
4414 2565 4686 2632 fortifies

2734 2672 2858 2734 par
2899 2651 2966 2717 la
3008 2671 3224 2718 venue
3264 2651 3347 2717 de
3387 2653 3786 2735 lempereur,
3893 2653 4147 2717 aultant
4197 2651 4339 2736 quil
4394 2656 4687 2736 promect

2737 2735 3123 2821 dappointer
3156 2755 3197 2801 6
3229 2757 3301 2803 66
3344 2739 3575 2823 voiage
3618 2746 3766 2804 tous
3808 2738 3905 2803 les
3947 2736 4256 2804 differens
4300 2735 4382 2803 de
4425 2737 4495 2802 16
4536 2735 4687 2802 reli-

2736 2824 2922 2908 gion,
2966 2843 3216 2889 comme
3257 2823 3339 2888 sil
3380 2824 3611 2890 navoit
3651 2824 3865 2889 aultre
3907 2823 4103 2891 chose
4136 2844 4175 2889 a
4209 2823 4373 2888 16116
4416 2843 4587 2907 pour
4629 2820 4690 2886 le

2736 2916 3020 2993 present.
3111 2909 3302 2974 Ainei
3356 2915 3563 2992 quant
3604 2930 3692 2975 on
3733 2910 3880 2975 leur
3922 2910 4120 2976 escrit
4161 2907 4244 2975 de
4286 2915 4467 2976 ceste
4510 2906 4687 2985 ville,

2736 3015 2903 3079 pour
2945 3001 3124 3061 16616
3166 3015 3477 3079 response
3521 3004 3588 3059 et
3631 2995 3917 3061 solution
3970 2994 4056 3058 ilz
4105 3000 4471 3061 remectent
4512 3001 4691 3058 tous-

2737 3082 2918 3146 ioure
2960 3081 3044 3146 la.
3106 3081 3208 3145 Le
3231 3082 3605 3147 troizieeme
3632 3083 3858 3164 poinct
3891 3080 4105 3163 doncq
4137 3103 4177 3146 a
4203 3091 4342 3146 este
4366 3089 4604 3145 trouve
4629 3076 4691 3142 le

2736 3165 3069 3245 meilleur,
3140 3163 3455 3232 denvoier
3513 3186 3553 3231 a
3607 3164 3934 3233 Smalcad.
4023 3166 4118 3232 Oe
4187 3187 4313 3249 que
4380 3165 4568 3231 desia
4606 3161 4692 3227 116

2737 3259 3003 3318 6666661
3056 3252 3214 3317 faict
3227 3303 3243 3330 ‚
3311 3260 3506 3318 neuet
3559 3260 3697 3318 6616
3739 3252 3912 3336 (16116
3954 3260 4072 3316 661
4111 3251 4313 3318 voulu
4357 3253 4547 3318 avoir
4588 3268 4692 3312 ar·

2737 3338 2923 3404 ticles
2981 3336 3062 3403 de
3115 3358 3283 3403 noue
3307 3389 3323 3416 ,
3467 3359 3546 3402 ur
3596 3346 4001 3403 remonetrer
4064 3347 4211 3403 tout
4262 3358 4334 3403 ce
4390 3357 4523 3420 que
4564 3334 4693 3399 bon

2736 3444 2904 3489 nous
2948 3423 3336 3489 sembleroit.
3355 3425 3384 3464 ⁸
3456 3424 3630 3489 Mais
3673 3423 3935 3488 demain
3976 3443 4063 3487 66
4104 3423 4335 3506 plaisir
4374 3422 4462 3488 de
4496 3420 4692 3496 Dieu,

2736 3510 2799 3574 le
2834 3509 3201 3593 Meesaiger
3234 3511 3499 3592 partira.
3545 3509 3645 3573 112
3689 3530 3854 3574 noue
3896 3517 4013 3573 ont
4052 3509 4303 3592 promis
4319 3510 4376 3589 ⁴)
4427 3506 4512 3573 de
4547 3525 4695 3589 pro-

2736 3616 2929 3662 curer
2965 3595 3216 3659 laffaire
3260 3616 3341 3660 en
3383 3594 3540 3659 telle
3583 3595 3903 3679 diligence
3918 3645 3934 3673 ,
3975 3604 4045 3660 et
4085 3594 4142 3660 61
4186 3616 4227 3659 6
4270 3595 4399 3660 bon
4444 3592 4696 3659 escient

2737 3702 2863 3765 que
2921 3701 3085 3746 noue
3142 3681 3635 3764 congnoietrons
3692 3681 3836 3745 leur
3886 3680 4024 3746 6616
4078 3687 4147 3746 61
4187 3679 4514 3764 couraige.
4603 3675 4695 3741 Et

2737 3786 2988 3833 comme
3033 3767 3096 3832 ie
3138 3766 3237 3831 les
3281 3766 3615 3850 congnoie,
3658 3767 3720 3832 ie
3762 3786 3851 3831 ne
3887 3766 4125 3831 doubte
4166 3785 4285 3848 pas
4326 3766 4511 3847 (16116
4556 3781 4691 3827 nen

2735 3854 2954 3919 facent
3017 3872 3214 3917 66661·
3272 3850 3709 3936 dadvantaige
3762 3852 3933 3935 (111116
3988 3873 4076 3916 66
4115 3856 4549 3935 promectent.
4634 3844 4696 3910 Π

2825 3959 2866 4003 6
2909 3940 3011 4003 six
3067 3939 3368 4003 iournees
3424 3939 3655 4021 iusque
3697 3938 3793 4015 la,
3838 3958 3923 4003 en
3961 3936 4116 4003 telle
4162 3937 4379 4014 haste,
4442 3951 4697 4002 comme

2733 3961 2882 4089 four
2925 4022 3186 4088 berault
3227 4025 3343 4088 ira.
3424 4023 3559 4088 Gar
3599 4030 4131 4089 communement
4170 4043 4256 4086 on
4298 4044 4346 4105 y
4390 4042 4480 4087 en
4525 4023 4697 4084 meet

2735 4111 2888 4175 bien
2933 4109 3120 4175 huiot
3162 4109 3431 4174 bonnes.

2910 4192 3010 4260 Or
3052 4194 3344 4277 pendant
3384 4214 3510 4277 que
3553 4213 3628 4260 66
3670 4194 3905 4278 voiage
3949 4213 4019 4257 66
4060 4193 4221 4271 fera,
4263 4212 4515 4276 pource
4558 4188 4696 4274 quil

2736 4301 2844 4345 me
2899 4280 3070 4346 fault
3124 4278 3425 4345 attendre
3478 4281 3617 4363 icy,
3672 4280 3733 4344 ie
3776 4298 3883 4343 me
3926 4279 4063 4344 6616
4121 4277 4375 4357 adv-ise,
4425 4273 4695 4361 Magni-

2736 4367 2979 4449 ficques
3024 4374 3090 4430 et
3134 4365 3550 4431 treshonorez
3607 4364 3948 4448 seigneurs
3964 4414 3979 4442 ,
4039 4363 4119 4429 de
4175 4385 4340 4431 vous
4382 4363 4695 4430 renvoier

2734 4461 2953 4517 vostre
2998 4451 3260 4518 berault
3299 4460 3565 4535 present
3606 4458 3873 4535 porteur
3886 4501 3904 4529 ,
3948 4450 4106 4515 affin
4149 4449 4231 4514 de
4272 4471 4445 4516 vous
4490 4446 4696 4534 signi-

2737 4539 2856 4602 fier
2899 4557 3150 4604 comme
3192 4537 3259 4603 la
3292 4537 3488 4601 chose
3530 4535 3727 4601 alloit.
3775 4535 3909 4601 Gar
3940 4536 4002 4599 ie
4037 4537 4362 4620 craignoie
4403 4535 4490 4601 de
4532 4534 4694 4599 faire

2734 4625 2789 4690 ei
2833 4624 2941 4688 lon
3038 4645 3074 4688 6
3118 4622 3427 4689 demeure
3470 4643 3552 4687 en
3591 4640 3960 4704 esperance,
4005 4641 4161 4688 eane
4203 4642 4366 4687 voue
4400 4636 4697 4703 envoyer

2734 4729 2937 4792 cepen
2987 4716 3103 4773 ant
3144 4708 3225 4774 de
3270 4729 3407 4774 mee
3451 4707 3804 4772 nouvelles.
3849 4707 3942 4772 Et
3975 4708 4116 4773 cela
4158 4728 4230 4773 ee
4273 4707 4466 4790 peult
4509 4706 4694 4781 faire,

2735 4815 2891 4861 eane
2935 4794 3297 4876 deependre
3339 4795 3673 4877 beaucoup
3709 4792 4161 4877 dadvantaige,
4208 4813 4334 4877 que
4377 4796 4439 4859 si
4479 4793 4694 4858 166666

2738 4889 2969 4946 retenu
3012 4880 3075 4945 le
3116 4881 3476 4964 meseaiger
3526 4899 3685 4945 avec
3741 4898 3913 4963 moy.
4006 4880 4113 4943 Au
4156 4886 4329 4944 reste
4371 4898 4549 4944 vous
4590 4896 4692 4941 re-

2942 5188 3001 5251 3)
3042 5186 3143 5241 Ces
3176 5184 3396 5240 articles
3428 5186 3723 5240 n'ext'etent
3760 5185 3911 5254 plus.
3982 5185 4041 5241 11
4072 5201 4141 5240 en
4173 5190 4254 5241 eet
4297 5185 4409 5253 fait
4442 5184 4690 5241 mmm

2737 5272 2816 5311 au
2851 5256 3086 5323 Causea,
3120 5256 3169 5309 le
3203 5255 3234 5308 ⁷
3272 5254 3479 5308 Juaezlet.
3808 5280 3815 5297 ·

2940 5326 3002 5394 4)
3040 5326 3239 5395 permis
3274 5324 3367 5379 Bt.
3406 5324 3706 5389 (allowed).
