5050 6167
380 385 505 451 ⁷9⁷

383 573 595 642 mutio
650 583 719 640 te
774 596 907 641 non
959 575 1183 655 celem,
1242 577 1489 660 accipe:
1550 575 1864 660 Quisquis
1904 575 2247 644 Christum
2289 597 2332 643 a

383 681 454 726 se
494 660 639 743 ipsc
680 680 825 727 esse
864 662 1127 738 fatetur,
1170 661 1511 728 Christum
1565 663 1776 729 filium
1820 664 1947 728 Dei
2006 685 2140 729 non
2186 683 2330 728 esse

382 746 668 810 fitteatur
719 756 993 829 oportet.
1094 745 1227 828 Qui
1282 748 1487 832 igitur
1536 749 1655 814 fiet
1707 756 1785 814 ut
1838 747 2151 833 Cyl-illus,
2216 747 2330 833 qui

380 830 560 898 istud
602 831 816 914 ipsum
852 834 947 911 (te
983 839 1240 905 autore)
1274 843 1632 915 extorquet,
1677 833 1761 899 ab
1793 833 2138 901 haereseos
2170 843 2331 900 nota

381 916 755 982 moratur?
833 915 1100 982 Videris
1154 939 1315 985 sane
1369 920 1532 983 mihi
1585 921 1656 984 in
1711 920 2079 998 hominem,
2140 921 2331 985 cuius

378 1002 623 1084 passim
665 1004 871 1068 uteris
928 1003 1261 1087 suffragio,
1318 1003 1497 1069 haud
1538 1025 1777 1087 pamm
1820 1005 2122 1084 iniurius,
2168 1005 2328 1071 dum

378 1086 554 1171 quod
596 1089 657 1154 ei
699 1108 1042 1171 nunquam
1096 1090 1278 1155 venit
1330 1090 1403 1154 in
1452 1102 1743 1156 mentem
1791 1091 1958 1156 citra
2006 1092 2327 1156 rationem

378 1172 715 1241 adscribis.
804 1172 999 1254 Quod
1039 1174 1301 1241 tandem
1362 1184 1430 1240 te
1470 1176 1959 1242 intellecturum
2002 1177 2324 1254 existimo,

377 1259 436 1324 si
479 1260 623 1325 eius
674 1280 941 1325 sensum
997 1260 1259 1342 penitus
1311 1281 1568 1327 mecum
1622 1263 1910 1344 coeperis
1964 1262 2328 1345 explorare,

376 1344 664 1430 quidque
706 1345 871 1411 velit
923 1353 1059 1411 toto
1113 1344 1226 1410 illo
1266 1347 1479 1429 capite
1530 1351 1605 1411 18
1648 1346 1800 1412 libri
1843 1349 2057 1431 quarti
2107 1349 2176 1412 in
2219 1347 2326 1413 Io—

375 1450 641 1508 annem,
685 1431 757 1496 in
790 1451 921 1513 quo
960 1429 1131 1495 nihil
1172 1429 1352 1496 aliud
1390 1440 1775 1514 extorquere
1810 1432 2147 1499 contendit
2182 1432 2327 1518 (tuo

372 1515 583 1581 verbo
625 1517 809 1598 utor)
852 1537 1049 1598 quam
1102 1516 1316 1581 filium
1358 1516 1722 1583 secundum
1765 1528 2074 1583 naturam
2116 1519 2327 1584 vitam

372 1621 540 1679 esse,
570 1613 799 1667 eontra
830 1623 939 1668 ecs
966 1602 1080 1683 qui
1114 1603 1367 1667 alienae
1401 1604 1580 1667 vitae
1601 1603 1901 1669 dicebant
1918 1605 2323 1687 participem.

372 1684 587 1752 Cuius
628 1687 726 1752 rei
768 1697 844 1751 ut
884 1688 1003 1752 tibi
1048 1685 1244 1756 fidem
1303 1688 1531 1752 faciam
1583 1688 1849 1755 attende
1905 1688 2106 1755 verba
2159 1710 2327 1774 quae

370 1770 445 1836 id
499 1771 671 1855 quod
721 1773 1182 1855 intempestive
1241 1773 1571 1856 protulisti
1614 1775 2033 1857 ‘praecedunt
2090 1796 2165 1841 ac
2223 1795 2326 1840 se-

370 1865 687 1940 quuntur.
775 1857 1069 1923 Tandem
1113 1860 1289 1923 enim
1331 1867 1482 1943 post
1537 1859 1798 1942 long-am
1855 1862 2016 1926 satis
2058 1878 2324 1927 concer-

370 1943 691 2008 tationem
734 1944 1048 2008 attexuit:
1089 1941 1169 2009 Si
1211 1946 1419 2008 vitam
1462 1943 1817 2010 secundum
1858 1955 2163 2011 naturam
2209 1967 2325 2030 pa-

369 2037 547 2094 trem
577 2047 722 2093 esse
753 2028 1125 2104 conceditis,
1165 2030 1367 2112 probe
1395 2029 1465 2093 id
1493 2030 1775 2112 quidem,
1814 2029 1931 2096 sed
1965 2033 2101 2097 vita
2124 2034 2324 2097 etiam

367 2113 735 2180 secundum
788 2123 1091 2179 naturam
1146 2115 1323 2181 filius
1384 2123 1503 2181 est.
1591 2114 1674 2179 Id
1734 2116 1912 2181 enim
1970 2139 2051 2182 cx
2101 2116 2324 2185 verbis

368 2199 576 2265 etiam
632 2201 871 2266 vostris
925 2200 1238 2282 sequitur.
1326 2199 1511 2281 Quid
1566 2202 1746 2266 enim
1798 2203 1870 2265 in
1911 2202 2064 2282 filio,
2122 2223 2326 2285 quum

364 2285 441 2350 in
487 2285 633 2367 ipso
676 2287 780 2364 sit,
827 2296 1013 2368 pater
1048 2284 1472 2368 operabitur?
1540 2288 1649 2352 An
1685 2307 1872 2351 suam
1908 2289 2131 2364 vitam,
2175 2296 2324 2353 tan·

364 2389 572 2453 quam
621 2370 947 2455 indigenti
1006 2390 1128 2436 nec
1181 2391 1223 2436 a
1276 2392 1347 2437 se
1406 2370 1676 2438 habenti
1732 2380 1802 2437 et
1844 2372 2152 2439 donabit?
2233 2373 2328 2438 Et

411 2455 701 2521 uomodo
755 2477 893 2521 non
945 2456 1074 2521 erit
1122 2457 1364 2540 absque
1406 2457 1548 2522 vita
1589 2456 1805 2523 filius?
1871 2458 1966 2522 Et
2006 2461 2323 2541 sequitur:
2357 2468 2360 2472 ’

484 2539 577 2605 od
619 2542 826 2620 aiunt,
884 2563 924 2606 a
975 2562 1047 2607 se
1099 2543 1243 2624 ipso
1300 2543 1506 2608 vitam
1563 2564 1696 2609 888
1738 2542 1957 2623 habet,
2000 2544 2326 2626 quomodo

364 2627 797 2726 corruptibile
837 2648 996 2727 888.
1013 2627 1184 2692 erit?
1251 2626 1388 2694 Sed
1430 2649 1564 2694 non
1620 2628 1901 2729 largitur
1941 2630 2146 2730 vitam
2188 2629 2326 2697 filio

363 2721 1069 2897 mumma?
1084 2722 1364 2876 :3:33
1398 2712 2172 2866 {ffissaiffiffpiieissffi
2203 2737 2328 2869 :²:ss

361 2887 580 2952 finem
632 2885 869 2966 capitis
921 2883 1259 2967 colligens:
1320 2884 1455 2966 Qui
1496 2906 1673 2970 ergo,
1729 2886 1961 2969 inquit,
2003 2887 2324 2953 immacu·

361 2971 513 3037 lata
568 2969 877 3036 ecclesiae
932 2970 1227 3052 sequitur
1281 2970 1323 3034 d
1479 2980 1606 3049 ata,
1664 2970 1880 3055 fugiat
1934 2972 2015 3038 ab
2068 2973 2213 3038 istis
2255 2980 2326 3038 et

360 3056 452 3123 ad
514 3055 884 3155 simplicem
938 3055 1234 3121 veritatis
1268 3077 1327 3156 ’p
1398 3056 1840 3122 chritudinem
1892 3057 2033 3157 vias
2084 3058 2327 3209 dirigat

361 3149 1451 3326 auuzffiafflffi
1467 3143 2325 3296 :ammam

361 3314 562 3381 bitet.
648 3313 745 3380 Ut
786 3333 964 3378 emm
1007 3311 1227 3377 lumen
1273 3311 1354 3378 de
1397 3312 1644 3378 lumine
1678 3321 1795 3392 est,
1840 3315 1935 3381 sic
1968 3321 2038 3380 et
2069 3316 2211 3382 vita
2243 3315 2326 3382 de

360 3400 539 3465 vita.
626 3399 722 3464 Et
762 3396 1305 3482 quemadmodum
1351 3419 1518 3483 quae
1559 3397 1706 3465 luce
1746 3398 2046 3482 indigent
2088 3421 2205 3484 per
2244 3402 2325 3467 fi-

359 3484 543 3551 lium
585 3493 775 3567 pater
814 3484 1147 3549 illuminat
1189 3492 1259 3549 et
1291 3486 1619 3567 sapientes
1660 3504 1780 3567 per
1820 3505 1969 3550 eum
2013 3487 2186 3564 facit,
2231 3488 2325 3553 sic

360 3573 482 3655 qui
522 3571 676 3670 ‘vita
718 3577 916 3655 egent
956 3590 1076 3653 per
1102 3569 1346 3722 ffliifiumt
1385 3580 1462 3635 ut
1540 3658 1552 3672 .
1602 3591 1638 3634 r
1678 3570 1887 3721 Yiitam
1928 3590 2116 3724 seuam
2159 3592 2326 3673 quae

357 3676 664 3808 &mgni-2
696 3666 1726 3825 &agathmvgmcafflonoeigqss
1760 3676 2326 3840 giemmeriiznteenaeg3

358 3827 513 3895 bris
569 3848 701 3893 non
755 3828 952 3894 babes
1008 3829 1466 3893 circumfusam
1484 3877 1500 3905 ‚
1558 3846 1754 3909 quam
1808 3836 2091 3909 turpiter
2145 3825 2326 3891 colh-

503 3912 593 3978 do
632 3912 977 3990 erraveris,
1022 3923 1218 3996 atque
1259 3933 1455 3995 quam
1498 3912 1678 3995 turpi
1733 3911 2065 3977 calumnia
2106 3910 2327 3996 Gyril-

355 3935 513 4066 ffi
574 4000 1132 4082 conspui-caveris,
1232 3999 1381 4098 Non
1399 4084 1413 4099 .
1446 4019 1558 4098 ero
1624 4007 1843 4098 tamen
1896 3996 2329 4063 condonando

356 4082 1151 4253 rhnzotulraigguqiignnilfflrgsm
1164 4081 2152 4254 θὲίιὲξῗοιέιΐυίεῗοῗιῖθεῖιᾞὲιῗῐῖ,
2167 4092 2330 4236 augg

359 4256 738 4324 attendisse
790 4254 949 4340 quid
1002 4264 1140 4320 toto
1199 4256 1314 4321 illo
1369 4255 1580 4336 capite
1622 4266 1980 4319 venaretur
2018 4252 2329 4339 cyrinus.

357 4343 515 4410 Nec
560 4363 668 4407 me
710 4362 943 4425 parum
1001 4339 1275 4406 offendit
1314 4340 1486 4424 quod
1530 4338 1765 4405 deinde
1817 4349 2008 4405 extra
2059 4339 2333 4406 chorum

361 4425 587 4513 (quod
629 4428 843 4501 aiunt)
886 4427 1138 4494 saltans
1180 4447 1264 4492 ex
1323 4425 1581 4509 dialogo
1639 4424 1721 4491 de
1762 4424 2085 4490 Trinitate
2136 4426 2332 4491 tertio

359 4513 625 4582 attexis
690 4512 1020 4597 inquiens:
1087 4511 1283 4593 Quod
1361 4511 1566 4578 vitam
1632 4518 1700 4577 et
1761 4510 2328 4577 immortalitatem

530 4598 686 4674 idet,
741 4608 808 4664 et
850 4619 892 4663 a
933 4619 1004 4664 se
1045 4598 1187 4682 ipso
1241 4597 1366 4663 hoc
1407 4615 1544 4661 non
1584 4594 1802 4674 habet,
1847 4596 2114 4662 omnino
2155 4617 2331 4661 mor-

355 4687 507 4755 tale
555 4685 701 4751 erit.
788 4684 1047 4766 Quibus
1101 4703 1364 4749 rursum
1419 4681 1625 4748 errori
1670 4690 1782 4746 tuo
1822 4681 2044 4748 nescio
2087 4701 2171 4746 an
2217 4681 2331 4747 de-

356 4774 571 4840 beam
604 4768 818 4837 dicere
852 4769 1403 4854 patrocinaturus:
1449 4766 1794 4833 Christum
1836 4787 1878 4832 a
1911 4787 1983 4832 se
2010 4767 2153 4850 ipso
2188 4787 2333 4833 csse

358 4866 771 4939 extorquere
812 4855 1173 4932 contendis,
1216 4874 1447 4921 verum
1490 4854 1757 4929 frustra,
1806 4851 2330 4936 quandoquidem

358 4945 501 5010 hoc
549 4963 886 5025 nunquam
931 4943 1024 5007 sis
1066 4940 1435 5007 effecturus.
1523 4937 1710 5018 Quis,
1755 4938 2040 5016 obsecro,
2092 4937 2332 5004 falsum

359 5027 573 5119 (quid
617 5028 761 5095 dico
801 5026 1121 5108 falsum?)
1160 5027 1294 5092 imo
1347 5024 1623 5107 impium
1676 5045 1763 5089 ex
1815 5043 1968 5089 vero
2025 5022 2328 5107 colliget?

358 5119 469 5185 At
535 5111 882 5187 Christum
937 5133 979 5178 a
1032 5133 1104 5179 se
1160 5112 1302 5195 ipso
1359 5131 1502 5176 esse
1554 5109 1815 5175 falsum·
1842 5116 1974 5174 est:
2034 5130 2117 5175 ex
2176 5130 2332 5175 vero

365 5204 381 5220 '
441 5204 589 5268 'tur
645 5199 862 5285 colligi
913 5199 1158 5282 nequit.
1259 5197 1513 5262 Verum
1580 5203 1803 5260 autem
1865 5201 1967 5261 est
2018 5193 2193 5278 quod
2247 5214 2332 5260 ex

359 5225 640 5375 atillo
680 5285 1030 5370 protulisti.
1113 5283 1367 5367 Nempe
1408 5282 1583 5367 quod
1624 5283 1830 5350 vitam
1884 5288 1952 5347 et
1991 5281 2332 5347 immorta-

2070 393 2237 455 1544
2280 385 2690 455 Dnomffl.

4254 392 4380 456 ⁷9⁸

2430 574 2689 641 litatem
2721 572 3026 659 possidet,
3072 581 3142 639 et
3176 597 3217 641 a
3249 595 3324 641 se
3354 575 3499 660 ipso
3530 574 3656 643 hcc
3688 595 3822 641 non
3857 575 4075 652 habet,
4110 578 4381 646 omnino

2431 660 2707 726 mortale
2760 661 2907 725 erit.
2992 661 3099 726 De
3154 661 3354 727 verbo
3408 659 3669 745 quidem
3723 660 4015 744 loquitur
4066 661 4377 746 cyrillus,

2432 745 2606 829 quod
2648 747 2859 812 vitam
2904 746 3297 812 naturaliter
3339 746 3555 826 habet,
3599 766 3732 812 non
3777 767 3896 830 per
3936 749 4379 832 participatio-

2434 853 2605 911 nem,
2651 841 2726 896 ut
2758 832 3136 916 garriebant
3183 832 3514 912 haeretici,
3556 832 3906 897 adversum
3941 853 4101 915 quos
4135 837 4380 916 passim

2432 918 2676 984 bellum
2735 917 3027 982 adornat.
3127 917 3268 982 Nec
3321 926 3543 983 tamen
3585 918 3758 999 ⁸hinc
3812 917 4107 1003 colliges:
4163 919 4377 986 Filius

2430 1024 2552 1087 per
2593 1024 2664 1069 se
2706 1003 2934 1086 ipsum.
2968 1004 3105 1067 vita
3139 1012 3256 1082 est,
3299 1001 3369 1068 id
3402 1011 3508 1070 est
3539 1004 3927 1069 naturaliter
3961 1025 4036 1070 ac
4071 1002 4377 1072 substan-

2431 1088 2693 1166 tialiter,
2748 1109 2904 1173 ergo
2960 1087 3269 1154 Christus
3326 1101 3429 1154 est
3481 1109 3521 1153 a
3577 1111 3647 1154 se
3704 1091 3862 1174 ipsc,
3919 1089 4060 1155 vita
4113 1089 4377 1172 quidem

2432 1174 2824 1239 naturaliter
2865 1174 3057 1252 filius,
3116 1174 3232 1240 sed
3282 1174 3421 1238 vita
3475 1174 3556 1240 de
3598 1175 3756 1253 vita,
3813 1174 3912 1239 uti
3952 1176 4197 1259 passim
4239 1175 4375 1261 Cy-

2431 1260 2619 1325 rillus
2657 1258 2963 1326 inculcat.
3050 1258 3200 1335 Hic,
3249 1257 3524 1337 calvione,
3585 1268 3774 1325 tuum
3831 1269 4221 1342 excepturus
4273 1268 4376 1326 te-

2431 1345 2567 1411 lum
2623 1355 3029 1411 commentor
3083 1343 3254 1410 nihil
3310 1344 3485 1429 quod
3543 1346 3731 1411 facile
3787 1344 4256 1430 deprehendes,
4315 1347 4380 1412 si

2432 1451 2526 1509 ea,
2572 1452 2742 1514 quae
2783 1431 3002 1496 verbis
3043 1452 3084 1496 a
3126 1439 3192 1497 te
3234 1431 3518 1497 obtrusis
3557 1431 3630 1496 in
3664 1438 3822 1496 tuae
3863 1432 4226 1498 sententiae
4262 1430 4376 1498 de-

2429 1517 2788 1582 fensionem
2833 1522 3237 1587 attexuntur.
3283 1514 3648 1582 adverteris
3691 1516 4087 1601 diligentius.
4166 1517 4376 1582 Addit

2430 1602 2669 1685 quippe
2703 1613 2849 1685 post
2882 1621 3120 1684 pauca:
3167 1600 3392 1682 Quum
3425 1602 3631 1686 igitur
3662 1602 3732 1666 in
3777 1602 4066 1667 medium
4103 1602 4378 1686 prodeat

2429 1696 2497 1753 et
2550 1689 2789 1753 clamet
2841 1687 2949 1761 (de
2999 1687 3136 1752 filio
3183 1687 3535 1770 loquitur):
3591 1688 3738 1772 Ego
3793 1709 3938 1752 sum
3983 1689 4372 1753 resurrectio

2430 1781 2499 1839 et
2541 1775 2695 1850 vita,
2753 1773 3333 1838 coniectandumne
3388 1774 3592 1837 vitam
3647 1793 3791 1839 esse
3844 1773 3926 1838 ab
3982 1772 4372 1837 immortali·

2430 1867 2566 1925 tate
2611 1858 3010 1934 destitutam,
3057 1858 3163 1923 vel
3207 1858 3569 1941 quomodo?
3637 1856 3742 1924 Ad
3802 1877 3970 1941 quae
4026 1856 4379 1940 respondet

2429 1944 2906 2027 interloquutor
2947 1944 3293 2010 Hermiae:
3341 1945 3489 2009 Non
3547 1944 3946 2021 destitutam,
3992 1943 4177 2022 absit,
4238 1949 4378 2008 ete-

2430 2031 2570 2094 nim
2614 2031 2753 2096 vita
2791 2040 2894 2095 est
2933 2028 3298 2095 seeundum
3340 2028 4159 2094 naturam-immortalitas.
4239 2029 4380 2094 De-

2428 2114 2585 2180 inde
2641 2115 2981 2201 colligens:
3037 2115 3268 2197 Itaque
3325 2136 3524 2199 quum
3584 2135 3757 2179 unus
3802 2112 3983 2179 Deus
4028 2120 4217 2197 pater
4260 2113 4380 2178 ha·

2428 2201 2581 2266 beat
2611 2201 3164 2266 immortalitatem
3200 2201 3324 2282 (sic
3363 2199 3540 2266 enim
3575 2199 3811 2264 alicubi
3845 2198 4142 2265 divinum
4176 2199 4381 2265 habeb

2430 2285 2820 2373 eloquium),
2889 2307 3018 2370 quo
3085 2293 3274 2370 pacto
3330 2287 3528 2351 etiam
3592 2285 3866 2352 haberet
3928 2284 4147 2350 filius?
4236 2282 4378 2350 Sed

2429 2374 2663 2456 opinor
2716 2373 2979 2438 omnino
3032 2368 3203 2456 quod
3259 2372 3644 2437 vocabulum
3713 2370 3986 2436 unitatis
4051 2369 4239 2436 facile
4298 2370 4377 2435 in

2428 2466 2704 2541 utroque
2768 2456 3073 2524 ostendat
3136 2456 3637 2522 substantialem
3704 2457 3910 2521 vitam
3980 2463 4049 2520 et
4108 2455 4377 2521 insitam

2428 2544 3006 2624 immortalitatem,
3064 2564 3197 2609 non
3241 2543 3672 2609 adventitium
3729 2542 3990 2607 bonum.
4077 2538 4376 2606 Tandem

2430 2650 2607 2708 vero,
2651 2650 2781 2713 quo
2832 2642 2898 2695 te
2952 2629 3409 2697 adversantem
3452 2627 3690 2713 cyrilli
3746 2625 4204 2693 autoritatibus
4260 2626 4376 2692 ob·-

2430 2735 2674 2796 rueres,
2718 2737 2803 2780 ex
2845 2715 3095 2781 decimo
3138 2715 3464 2781 Thesauri
3506 2714 3674 2779 libro
3710 2711 4040 2798 protulisti
4081 2711 4378 2777 testimo-

2430 2801 2647 2866 nium:
2694 2802 2968 2884 Accepit
3009 2822 3049 2866 a
3091 2809 3276 2884 patre
3320 2810 3517 2885 atque
3561 2800 3760 2865 etiam
3796 2821 3836 2864 a
3878 2817 3949 2863 se
3990 2798 4134 2881 ipso
4174 2816 4376 2879 quae-

2431 2906 2692 2969 cunque
2734 2885 2933 2953 habet
2973 2886 3363 2952 naturaliter
3403 2896 3482 2952 ut
3514 2885 3718 2951 Deus.
3806 2884 4083 2968 Accepit
4113 2879 4377 2966 quidem

2428 2973 2714 3055 gratuita
2758 2970 3106 3038 donatione
3148 2992 3190 3035 a
3230 2983 3416 3057 patre
3450 2981 3527 3038 ut
3558 2972 3777 3050 home,
3823 2979 4018 3053 atque
4051 2990 4094 3035 a
4127 2989 4197 3034 se
4229 2968 4375 3052 ipso

2426 3064 2506 3121 ut
2539 3055 2743 3137 Deus,
2788 3078 3028 3123 nomen
3062 3057 3233 3142 quod
3270 3066 3373 3123 est
3403 3079 3605 3141 super
3637 3076 3834 3122 omne
3866 3076 4126 3121 nomen.
4194 3053 4377 3120 Sane

2425 3143 2553 3208 hoc
2590 3143 2985 3209 infitiabitur
3023 3163 3233 3208 nemo.
3319 3143 3576 3208 Verum
3630 3142 3793 3208 haec
3850 3140 4007 3224 quid
4062 3139 4147 3204 ad
4188 3147 4378 3205 tuam

2427 3228 2901 3294 assertionem?
2979 3228 3157 3295 Huic
3212 3248 3370 3293 sane
3423 3237 3578 3295 sunt
3630 3226 4171 3310 praeiudicatum,
4227 3234 4376 3291 tan-

2427 3321 2574 3379 tum
2617 3315 2801 3381 abest
2841 3323 2919 3378 ut
2959 3313 3313 3398 quidquam
3368 3312 3644 3380 subsidii
3687 3314 3984 3378 afferant.
4084 3310 4378 3377 Proinde

2429 3408 2615 3465 tuam
2665 3421 2797 3465 non
2851 3401 3037 3483 potui
3093 3420 3229 3465 non
3285 3399 3513 3464 mirari
3567 3399 3977 3464 oscitantiam
4033 3418 4165 3482 qua
4218 3417 4378 3464 mox

2428 3505 2641 3568 paene
2700 3483 3031 3552 diversum
3086 3485 3379 3550 adiecisti
3433 3485 3770 3570 inquiens:
3827 3483 4113 3549 Dixerat
4153 3491 4378 3549 autem

2430 3571 2657 3636 statim
2715 3572 2796 3638 ab
2852 3571 3042 3636 initio
3096 3570 3275 3636 libri:
3331 3570 3506 3636 Nam
3558 3573 3615 3637 si
3673 3570 3839 3636 nihil
3881 3569 4082 3635 habet
4119 3569 4297 3634 filius
4335 3588 4380 3633 a

2427 3658 2729 3808 ἰῗέΡέἕιῐ,
2744 3656 3787 3826 ”3:02233ffish2232311122¹²:52:
3821 3653 4382 3807 titani&

2428 3826 2664 3907 teneor,
2707 3828 2914 3893 miror
2954 3849 3072 3893 cur
3114 3848 3192 3892 ea
3233 3848 3401 3911 quae
3443 3847 3601 3892 mox
3645 3835 4033 3892 attexuntur
4074 3847 4207 3892 non
4262 3823 4379 3889 ad-

2431 3914 2729 3991 verteris,
2774 3934 2901 3997 quo
2944 3912 3350 3995 intelligeres
3392 3932 3523 3995 quo
3567 3931 3764 3977 sensu
3806 3910 3969 3978 haec
4010 3910 4379 3994 protulerit.

2433 3995 2752 4079 Sequitur
2808 3999 2984 4063 enim
3037 3997 3331 4082 Cyrillus
3389 4006 3457 4061 et
3521 3997 3641 4062 ait:
3701 3997 3925 4063 Patris
3985 3997 4164 4061 enim
4224 4004 4386 4061 sunt

2434 4084 2654 4147 omnia
2710 4103 2879 4165 quae
2934 4083 3054 4148 filii
3108 4091 3279 4149 sunt.
3383 4081 3577 4164 Quod
3623 4083 3679 4148 si
3720 4081 3942 4147 omnia
3988 4081 4388 4147 naturaliter

2435 4168 2634 4233 habet
2673 4179 2880 4252 pater,
2925 4189 3005 4233 ea
3042 4169 3187 4251 ipsa
3225 4167 3402 4233 filius
3445 4187 3699 4250 quoque
3733 4166 4120 4232 naturaliter
4163 4166 4384 4232 habet.

2436 4249 2661 4334 Quare
2715 4272 2981 4318 necesse
3034 4254 3159 4317 erit
3216 4260 3691 4336 consequenter
3754 4252 3931 4317 hunc
3984 4253 4205 4334 ipsum
4266 4250 4384 4317 de-

2432 4339 2680 4404 fectum
2722 4358 2915 4422 quem
2969 4337 3103 4403 filio
3143 4339 3475 4421 imponere
3517 4344 3857 4416 conantur,
3912 4337 4162 4403 scilicet
4202 4337 4379 4420 quod

2436 4426 2641 4489 vitam
2696 4423 3088 4489 naturaliter
3138 4443 3270 4488 non
3327 4423 3584 4500 habeat,
3640 4423 3812 4506 patri
3867 4443 4122 4506 quoque
4165 4422 4382 4507 impo-

2435 4529 2612 4589 nere,
2670 4531 2755 4575 ne
2810 4508 2966 4592 quid
3019 4529 3246 4574 eorum
3299 4528 3467 4591 quae
3521 4509 3644 4575 filii
3699 4515 3857 4574 sunt
3911 4528 4048 4573 non
4106 4528 4251 4574 esse
4306 4508 4381 4573 in

2434 4605 2621 4678 patre
2663 4593 2984 4660 videatur.
3072 4593 3153 4658 Id
3197 4595 3252 4660 si
3293 4595 3570 4676 impium
3612 4601 3731 4672 est,
3775 4602 3853 4659 ut
3883 4602 4061 4660 certe
4097 4602 4215 4672 est,
4261 4614 4382 4658 ne-

2433 4700 2614 4746 cesse
2656 4680 2782 4746 erit
2822 4680 3122 4746 confiteri
3164 4680 3384 4744 omnia
3425 4681 3630 4763 patris
3684 4680 3757 4744 in
3814 4678 3949 4746 filio
3991 4680 4386 4745 naturaliter

2433 4785 2595 4843 esse,
2640 4774 2710 4832 et
2749 4766 2975 4832 omnia
3030 4764 3150 4831 filii
3205 4764 3506 4831 similiter
3547 4764 3619 4829 in
3660 4773 3870 4849 patre.
3956 4765 4097 4831 Nec
4153 4773 4381 4830 tamen

2435 4852 2755 4934 sequitur:
2803 4853 2983 4935 Ergo
3015 4849 3320 4917 Christus
3363 4859 3467 4916 est
3506 4871 3548 4915 a
3589 4872 3660 4917 se
3702 4851 3864 4934 ipsc.
3930 4851 4185 4916 Verum
4219 4850 4381 4916 hinc

2436 4937 2761 5020 sequitur:
2805 4938 3011 5004 Pater
3052 4937 3252 5002 habet
3291 4936 3500 5000 vitam
3545 4937 3951 5015 naturaliter,
4009 4935 4213 5003 habet
4253 4936 4383 5020 igi-

2435 5030 2547 5087 tur
2588 5034 2656 5087 et
2694 5023 2873 5088 filius
2915 5022 3319 5098 naturaliter,
3377 5022 3486 5104 qui
3524 5022 3785 5088 tametsi
3827 5021 4218 5088 naturaliter
4260 5023 4379 5087 ha-

2434 5106 2587 5173 beat
2627 5127 2668 5172 a
2700 5117 2885 5191 patre
2918 5115 3136 5172 tamen
3173 5107 3421 5190 accipit.
3488 5106 3690 5172 Pater
3725 5107 3921 5186 enim,
4004 5108 4074 5172 ui
4106 5117 4379 5174 natura-

2434 5193 2587 5259 liter
2627 5193 2767 5261 vita
2805 5201 2925 5271 est,
2971 5193 3182 5258 filium
3225 5193 3428 5257 vitam
3471 5193 3861 5259 naturaliter
3901 5193 3989 5259 ha
4070 5203 4252 5260 ntem
4296 5191 4380 5259 ab

2435 5287 2701 5346 aeterno
2759 5279 3004 5363 genuit.
3104 5277 3292 5344 Haec
3343 5298 3493 5345 mea
3554 5300 3688 5345 non
3741 5288 3898 5346 sunt
3953 5278 4067 5346 md
4119 5279 4390 5368 cyr-ilm-
