5050 6167
421 371 497 437 98
2143 377 2307 438 1540
2350 372 2675 446 ΟΟΤΟΒ.
4318 388 4400 449 94

414 559 662 624 actione
727 558 1165 641 explicabunt.
1273 558 1441 624 Vale
1510 562 1753 642 optime
1815 572 1886 625 et
1940 561 2357 644 integerrime

414 644 629 708 frater.
681 642 915 710 Saluta
933 664 1161 710 omnes
1184 644 1592 722 amicissimo,
1620 644 2004 726 Ceramiae»,
2035 644 2356 725 Thomam,

416 728 755 808 Fatomtm,
815 727 1126 795 Olet-icum
1181 738 1249 795 et
1308 729 1605 812 reliquos.
1696 729 1948 797 Omnes
1993 733 2197 796 nostri
2236 731 2354 796 tibi

413 822 480 879 et
509 814 643 879 illis
685 815 851 880 bene
886 824 1254 898 precantur.
1280 817 1632 898 Argentor.
1672 821 1773 881 21.
1800 815 2064 882 Octobr.
2096 822 2278 881 1540.
2300 816 2355 903 ⁷)

1646 934 1966 1002 Calvinus
2009 943 2180 1002 tuus.

1302 1375 1445 1446 244.

936 1514 1342 1584 VIRETUS
1385 1514 1821 1583 OALVINO.

576 1668 797 1736 Etiam
837 1670 940 1735 hic
986 1668 1243 1736 Calvino
1286 1675 1467 1735 autor
1510 1675 1600 1736 est
1640 1676 1710 1736 ut
1748 1670 1971 1736 redeat.

402 1823 514 1888 (Ex
552 1823 890 1893 autographo
936 1823 1080 1877 Bibl.
1130 1822 1333 1877 Gener.
1381 1823 1513 1877 Ood.
1549 1822 1693 1891 111.,
1742 1823 1833 1879 fol.
1867 1823 1951 1877 53.
2024 1824 2242 1943 AKogrs
2283 1826 2352 1878 ha

402 1896 621 1947 exstant
656 1892 785 1945 ibid.
822 1892 951 1946 eod.
990 1889 1106 1958 109,
1140 1893 1233 1974 fol.
1274 1894 1324 1960 5,
1361 1899 1475 1946 tum
1510 1893 1565 1946 in
1584 1893 1762 1974 ‚Arch.
1801 1892 2063 1946 Bernensi
2107 1910 2168 1945 us
2211 1841 2347 1964 Βῗψ.

609 1961 673 2015 T.
707 1961 825 2014 vu.
861 1977 913 2029 p.
948 1958 1070 2026 394,
1107 1967 1162 2014 et
1198 1962 1326 2014 inde
1361 1960 1504 2030 apud
1540 1962 1829 2015 Sunlerum
1868 1961 1984 2014 Vol.
2018 1958 2131 2026 48.)

575 2148 969 2214 Doctissimo
1036 2169 1111 2214 ac
1170 2169 1326 2213 vere
1380 2149 1486 2232 pio
1542 2148 1635 2215 Ie.
1696 2148 1973 2215 Calvino
2030 2149 2217 2214 fratri
2283 2159 2351 2214 et

397 2236 609 2300 amico
650 2234 983 2318 singulari.

1748 2321 2170 2405 Argentinae.

572 2456 643 2523 S.
733 2455 848 2523 Sic
891 2457 1045 2522 novi
1088 2457 1382 2521 animum
1427 2464 1619 2521 tuum
1671 2467 1749 2521 ut
1801 2477 1934 2522 non
1988 2455 2180 2523 valde
2234 2480 2347 2524 ne-

394 2563 579 2610 cesse
621 2563 764 2608 esse
805 2551 1029 2625 putem
1075 2542 1240 2607 meis
1280 2549 1348 2606 te
1381 2540 1593 2607 literis
1614 2542 1864 2607 hortari
1898 2564 1975 2609 ac
1994 2543 2345 2626 impellere,

393 2627 459 2694 id
502 2636 582 2694 ut
626 2629 826 2694 facias
869 2627 1040 2710 quod
1084 2627 1175 2710 pii
1218 2647 1444 2692 omnes
1489 2649 1617 2692 non
1657 2628 1936 2711 cupiunt
1979 2628 2189 2694 solum
2230 2629 2346 2695 sed

394 2715 567 2780 votis
630 2712 1100 2778 ardentissimis
1166 2713 1557 2796 efflagitant,
1638 2714 1754 2778 tibi
1826 2722 1903 2778 ut
1966 2714 2346 2796 persuaderi

393 2801 595 2877 sinas,
632 2799 691 2864 si
733 2798 926 2863 modo
969 2799 1232 2863 restitui
1275 2808 1456 2882 optes
1499 2798 1776 2882 pristino
1821 2801 2054 2878 statui,
2107 2807 2177 2865 et
2224 2800 2341 2865 ali-

432 2884 659 2951 uando
723 2886 1069 2949 florentem
1146 2904 1221 2949 ac
1284 2884 1674 2950 incolumem
1747 2884 1969 2950 videre
2038 2886 2343 2950 miseram

396 2971 410 2985 ⁶
633 2969 973 3036 ecclesiam
1030 2967 1188 3034 adeo
1244 2968 1626 3052 collapsam,
1681 2968 1962 3035 laceram
2022 2980 2089 3036 et
2154 2971 2342 3037 dissi·

436 3065 639 3132 atam,
684 3062 760 3121 ut
801 3077 993 3121 nemo
1035 3056 1124 3121 sit
1176 3055 1384 3120 bonus
1435 3075 1630 3137 quem
1685 3075 1823 3120 non
1875 3067 2078 3140 angat
2131 3057 2341 3122 incre-

440 3141 701 3222 'biliter,
744 3141 819 3207 in
861 3141 1041 3207 luctu
1086 3148 1278 3223 atque
1313 3161 1607 3206 moerore
1650 3139 1942 3206 detineat
1998 3149 2181 3207 tanta
2235 3161 2341 3207 ca-

392 3227 677 3293 lamitas.
778 3226 965 3292 Adeo
1023 3227 1369 3291 immutata
1420 3225 1605 3291 urbis
1664 3226 1891 3305 facies,
1957 3227 2152 3292 ruina
2204 3236 2342 3292 tam

394 3311 841 3397 desperabilis,
887 3313 1013 3377 nisi
1073 3320 1219 3377 tuos
1276 3312 1691 3395 supposueris
1747 3311 2069 3377 humeros.
2171 3313 2343 3378 Nam

393 3399 659 3464 nullum
698 3399 1031 3481 potuimus
1066 3396 1403 3462 consilium
1427 3397 1912 3480 remediumque
1934 3399 2343 3481 praesentius

395 3485 792 3568 excogitare,
835 3504 1048 3566 neque
1091 3483 1277 3549 nobis
1320 3484 1431 3548 via
1474 3483 1613 3547 ulla
1654 3483 1783 3548 alia
1839 3492 2020 3567 patet
2061 3504 2344 3549 commo-

396 3569 559 3649 dior,
605 3579 675 3635 et
717 3590 884 3652 quae
926 3569 1075 3651 plus
1116 3570 1313 3634 faciat
1354 3570 1490 3651 spei
1529 3570 1688 3634 viris
1722 3569 1959 3651 probis,
1995 3569 2108 3652 qui
2130 3570 2344 3652 aliquo

396 3677 515 3721 suo
562 3654 779 3721 studio
811 3665 1066 3719 veteres
1094 3657 1319 3719 ruinas
1349 3666 1668 3719 conantur
1700 3655 1949 3738 erigere
1970 3663 2037 3719 et
2058 3655 2343 3721 ecclesiis

396 3741 756 3827 consulere.
825 3738 959 3806 Sed
980 3738 1134 3823 quid
1157 3740 1286 3804 mei
1315 3739 1553 3805 oblitus
1587 3741 1866 3804 instituti
1890 3741 2017 3806 huc
2041 3740 2344 3824 delapsus

395 3847 573 3906 sum,
632 3825 700 3891 id
753 3846 957 3909 agens
1012 3823 1183 3908 quod
1238 3845 1344 3889 me
1397 3825 1713 3908 principio
1764 3826 2091 3890 facturum
2147 3847 2342 3911 nega-

395 3933 657 3991 veram,
712 3911 901 3994 quasi
950 3920 1045 3990 te,
1099 3931 1289 3993 quem
1346 3931 1451 3974 res
1497 3920 1697 3989 tanta,
1757 3919 1893 3975 tam
1938 3910 2235 3995 lugubris
2278 3921 2345 3976 et

395 3997 674 4076 funesta,
720 4019 853 4062 non
892 4005 1291 4080 permoveat,
1335 4016 1483 4061 mea
1516 3998 1722 4061 oratio
1758 3996 2111 4061 accendat?
2150 4018 2342 4080 quem

396 4104 529 4149 non
578 4091 893 4166 paternus
947 4081 1171 4147 trahat
1227 4082 1528 4158 affectus,
1584 4103 1731 4146 mea
1801 4080 2158 4165 loquacitas
2226 4083 2344 4147 im·

396 4168 644 4252 pellat?
733 4168 987 4234 Idcirco
1031 4177 1249 4232 tecum
1294 4168 1626 4232 verbosius
1683 4187 1876 4250 agere
1929 4187 2063 4231 non
2122 4168 2340 4246 statui,

399 4262 512 4320 aut
560 4253 643 4319 de
690 4263 868 4320 statu
922 4274 1144 4318 rerum
1201 4261 1572 4317 nostrarum
1637 4254 2055 4335 prolixiorem
2120 4262 2343 4318 texere

396 4339 636 4417 Iliada,
697 4339 859 4404 nihil
916 4337 1307 4403 addubitans
1361 4339 1515 4419 quin
1560 4339 1748 4403 facile
1792 4340 1929 4403 vim
1972 4338 2103 4402 tuis
2146 4339 2344 4404 facias

398 4425 759 4501 affectibus,
808 4433 871 4489 te
914 4424 1092 4490 vinci
1136 4423 1421 4507 patiaris,
1468 4424 1842 4506 obsequaris
1897 4424 2018 4507 piis
2064 4424 2342 4488 fratrum

399 4511 707 4588 consiliis,
752 4520 828 4574 ut
868 4518 1012 4575 tuos
1048 4510 1292 4574 revisas
1336 4509 1501 4573 filios
1545 4529 1704 4591 quos
1749 4507 2014 4574 Christo
2058 4507 2343 4575 Domino

400 4596 690 4680 genuisn'
734 4595 1095 4678 fovistique,
1138 4594 1306 4660 nihil
1350 4603 1641 4659 moratus
1684 4593 2090 4678 quorundam
2125 4595 2342 4678 ingra-

400 4681 786 4758 titudinem,
856 4680 1337 4763 improbitatem
1395 4680 1886 4762 barbariemque
1942 4679 2092 4764 plus
2150 4701 2343 4763 quam

401 4768 779 4851 scythicam.
867 4769 1012 4850 Age
1054 4767 1279 4850 igitur,
1320 4766 1651 4831 carissime
1692 4769 1911 4844 frater,
1958 4766 2040 4829 da
2081 4786 2344 4848 operam

400 4863 474 4918 ut
532 4852 716 4918 brevi
769 4873 987 4917 meum
1046 4851 1310 4935 expleas
1363 4850 1758 4917 desiderium
1811 4872 1936 4934 quo
1986 4852 2192 4935 flagro
2246 4851 2346 4916 tui

401 4938 685 5016 videndi,
721 4946 790 5002 et
821 4947 935 5002 tuo
970 4937 1257 5004 adventu
1278 4937 1346 5000 in
1383 4937 1697 5019 squalore,
1736 4938 1913 5003 luctu
1949 4945 2016 5001 et
2049 4956 2344 5002 moerore

402 5024 719 5090 iacentem
762 5023 1101 5090 ecclesiam
1145 5022 1377 5106 erigas,
1420 5023 1782 5102 exhilares,
1838 5043 2089 5088 recrees
2134 5032 2200 5086 ct
2242 5044 2342 5087 re-

403 5110 598 5177 ficias.
702 5107 963 5186 Saluta,
1028 5108 1321 5184 obsecre,
1388 5109 1623 5174 fratres
1675 5130 1900 5174 omnes
1918 5160 1933 5186 ,
1998 5108 2344 5191 praecipue

610 5235 817 5347 ἧμαι
852 5278 936 5334 27.
976 5280 1089 5334 σοι.
1126 5283 1189 5333 ια
1220 5279 1377 5333 habet
1411 5278 1643 5333 Bonna.

2459 561 2545 627 D.
2598 560 2974 646 Capitonem,
3017 563 3355 646 Buce-rum,
3401 565 3753 632 &amium
3807 577 3874 634 et
3931 568 4215 652 reliquos
4256 580 4402 638 mos

2458 659 2860 735 symmystas
2904 659 2972 714 et
3011 650 3332 715 bonarum
3366 650 3709 718 literarum
3760 655 4175 737 professores.
4276 655 4400 723 Sap

2458 731 2679 797 lutant
2719 745 2784 800 te
2828 736 3031 800 nostri
3076 758 3302 801 omnes
3345 759 3541 821 quam
3584 739 4068 817 officiosissime,
4104 742 4213 824 qui
4257 744 4400 824 pari

2459 839 2719 883 mecum
2773 828 3078 886 tenentur
3131 821 3464 887 desiderio.
3566 822 3978 900 Diaconus¹)
4031 835 4250 892 noster
4303 827 4392 892 la-

2460 903 2650 968 borat
2712 925 2794 969 ex
2855 908 3082 972 morbo
3146 908 3685 990 periculosissimo
3741 911 3925 975 cuius
3987 912 4201 995 gratia
4261 933 4397 977 non

2458 1009 2689 1071 parum
2725 1011 2872 1056 sum
2909 994 3160 1070 anxius,
3206 1002 3507 1059 metuens
3541 1014 3624 1058 ne
3659 1015 3808 1059 eum
3854 997 4040 1061 nobis
4077 997 4399 1064 Dominus

2458 1075 2727 1139 auferat.
2829 1076 3274 1160 Hymbertus2)
3344 1100 3599 1163 quoque
3666 1081 3964 1145 nonnihil
4029 1082 4394 1149 afflictatur.

2458 1159 2722 1243 Reliqui
2745 1182 2970 1228 omnes
3007 1172 3178 1229 recte
3213 1163 3453 1229 valent.
3508 1165 3842 1230 Cunradus
3861 1171 3916 1248 ⁸)
3941 1188 4211 1250 graecus
4248 1189 4397 1250 pro-

2457 1245 2665 1311 fessor
2722 1248 3148 1330 proficiscitur
3199 1251 3268 1313 in
3312 1250 3973 1333 Montempessulum‚
4028 1273 4153 1335 quo
4208 1255 4281 1318 fit
4320 1262 4399 1317 ut

2459 1331 2666 1395 simus
2724 1332 2805 1396 de
2851 1332 2977 1397 alio
3035 1334 3564 1420 substituendo⁴)
3619 1336 3893 1401 solliciti.
3997 1338 4099 1402 'ru
4142 1339 4199 1402 si
4241 1337 4396 1421 quid

2459 1416 2585 1482 hac
2628 1417 2698 1481 in
2742 1438 2813 1482 re
2857 1416 3057 1484 habes
3100 1420 3352 1485 consilii
3396 1431 3464 1485 et
3505 1442 3622 1485 nos
3665 1421 3893 1486 iuvare
3935 1443 4154 1505 queas,
4199 1445 4395 1508 nego-

2457 1501 2905 1654 gumbhabeto
2947 1505 3489 1571 commendatum.
3573 1505 3759 1572 Vale.
3846 1507 4242 1574 Lausannae
4293 1512 4393 1574 22.

2523 1595 2628 1653 cto
2674 1638 2688 1652 .
2747 1593 2925 1654 1540.

3272 1728 3456 1792 'Puus
3496 1749 3578 1793 ex
3624 1749 3768 1795 asse
3811 1729 3886 1794 Ρ.
3935 1730 4223 1796 Viretus.

3353 2001 3462 2007 ι.-
3493 2001 3622 2008 ...ι’-1,

3354 2220 3504 2290 245.

2620 2355 2745 2422 LE
2789 2341 3094 2424 SENAT
3141 2357 3271 2424 nn
3315 2342 3700 2425 GENEVE
3744 2362 3807 2425 A
3848 2358 4219 2426 GALVIN.

2636 2527 2928 2594 Vocation
2977 2528 3268 2611 officielle.

2475 2698 2626 2752 Nous
2661 2714 2827 2751 avons
2862 2714 2936 2767 pu
2970 2699 3325 2752 collationner
3432 2718 3498 2752 ur
3531 2705 3676 2753 cette
3699 2699 3852 2769 pieee
3876 2700 4140 2768 l’original
4159 2703 4393 2771 compris

2517 2784 2582 2820 ns
2617 2768 2668 2820 le
2704 2767 2832 2821 Cod.
2873 2765 2975 2820 109
3027 2767 3122 2821 des
3159 2768 3311 2821 MSS.
3350 2716 3430 2821 Sd)
3453 2769 3507 2822 la
3544 2769 3677 2822 bibl.
3714 2769 3783 2822 de
3818 2767 4035 2823 Gen'eve
4076 2769 4165 2822 sol.
4201 2768 4249 2834 4,
4299 2772 4392 2838 qni

2445 2844 2604 2905 porte
2640 2851 2834 2889 encore
2869 2836 2921 2889 le
2955 2852 3115 2889 sceau
3150 2837 3219 2889 de
3255 2838 3308 2889 la
3341 2836 3713 2906 Republiqu05
3761 2854 3866 2891 une
3911 2837 4066 2906 copie
4101 2854 4160 2890 se
4196 2843 4392 2891 trouve

2446 2905 2582 2958 dans
2616 2905 2667 2957 le
2702 2906 2876 2957 meme
2910 2906 3124 2958 volume
3159 2905 3249 2958 fol.
3284 2903 3319 2958 3
3331 2923 3345 2967 ;
3380 2923 3486 2958 une
3524 2914 3679 2958 autre
3715 2923 3820 2959 aux
3857 2905 4123 2959 Archives
4161 2905 4219 2958 P.
4245 2906 4389 2958 Eiet.

2446 2973 2513 3027 N.
2562 2971 2714 3038 1241,
2763 2988 2867 3026 une
2914 2990 3018 3026 aux
3067 2973 3335 3026 Archives
3382 2973 3451 3026 de
3498 2974 3694 3040 Bernc,
3740 2974 3825 3044 Ep
3869 3012 3880 3023 .
3921 2974 4051 3027 VII.
4088 2972 4206 3040 392,
4244 2974 4389 3027 enfin

2445 3059 2551 3096 une
2569 3042 2698 3095 chcz
2716 3041 2914 3095 Simler
2934 3039 3161 3096 v01.48.
3229 3042 3351 3095 Elle
3386 3047 3472 3095 est
3505 3042 3786 3112 imprimee
3822 2991 3955 3096 gens
3980 3043 4063 3096 Ro
4100 3050 4157 3095 et
4191 3059 4243 3112 p.
4262 3041 4382 3109 292,

2445 3111 2582 3165 dans
2616 3111 2806 3180 Hem-y
2842 3111 2901 3164 T.
2939 3111 2984 3165 Ι.
3019 3128 3072 3181 p.
3093 3109 3159 3163 77
3184 3110 3280 3164 des
3300 3110 3496 3180 pisces,
3533 3119 3590 3165 et
3624 3112 3759 3164 dans
3781 3127 3884 3165 une
3903 3118 4032 3166 note
4051 3059 4147 3165 <fes
4165 3110 4386 3166 Lettres

2443 3180 2736 3248 francaises
2771 3179 2840 3233 de
2876 3181 3092 3234 Bonnet
3126 3179 3173 3232 1.
3208 3178 3328 3300 32¹
3358 3180 3507 3233 Nous
3486 3179 3879 3316 1135?me
3895 3181 3966 3234 ici
3984 3180 4385 3250 l'orthographe

3246 3265 3276 3300 e
3329 3247 3482 3318 'origi
3576 3288 3589 3301 .

2616 3437 2725 3500 Au
2740 3432 3033 3501 Docteur
3047 3434 3326 3500 Caulvin
3341 3436 3642 3500 ministre
3655 3435 4156 3520 Evvangelique
4166 3445 4387 3502 nostre

2447 3520 2574 3586 bon
2616 3523 2788 3586 frere
2831 3531 2900 3585 et
2940 3520 3258 3605 singulier
3299 3522 3494 3606 Am5.

2617 3656 2955 3722 Monsieur
3016 3667 3238 3721 nostre
3300 3657 3427 3721 bon
3489 3657 3658 3722 frere
3724 3667 3792 3721 et
3856 3658 4172 3741 singulier
4234 3677 4386 3744 amy

2445 3743 3111 3807 tresaffectuosement
3146 3764 3185 3807 a
3217 3762 3382 3806 vous
3404 3763 3570 3807 nous
3592 3743 4126 3808 recommandons
4149 3763 4387 3826 pource

2446 3849 2572 3910 que
2617 3848 2836 3893 sumes
2880 3829 3312 3893 entierement
3365 3828 3677 3893 informes
3733 3849 3856 3910 que
3914 3835 4131 3893 vostre
4190 3827 4388 3913 desyr

2446 3921 2596 3979 nest
2630 3912 2844 3978 aultre
2879 3934 3087 3998 synon
3124 3933 3164 3976 a
3196 3913 3708 3997 lacroyssement
3741 3920 3808 3977 et
3840 3922 4271 3978 avancement
4304 3914 4387 3979 de

2444 3998 2511 4063 la
2554 3999 2782 4083 gloyre
2826 4007 2892 4062 et
2937 3999 3237 4063 honneur
3279 3996 3359 4064 de
3403 3996 3576 4063 Dieu
3633 4006 3699 4062 et
3741 3996 3821 4063 de
3864 4019 3937 4063 sa
3979 3998 4229 4064 saincte
4270 4021 4385 4082 pa-

2444 4085 2627 4163 rolle,
2674 4083 2752 4148 de
2795 4084 2862 4148 la
2903 4094 3052 4166 part
3106 4081 3186 4148 de
3240 4092 3462 4149 nostre
3518 4085 3683 4167 petit
3737 4081 3947 4168 grand
4000 4091 4067 4149 et
4120 4084 4387 4167 general

2444 4168 2709 4254 conseyl
2754 4168 2880 4252 (les
2914 4168 3160 4250 queulx
3197 4168 3277 4234 de
3320 4189 3474 4254 cecy
3516 4171 3652 4234 fere
3696 4190 3859 4234 nous
3907 4169 4071 4233 hont
4097 4169 4141 4251 ¹)
4187 4190 4385 4252 gran-

2445 4254 2711 4320 dement
2744 4254 3184 4334 admonestes)
3231 4275 3393 4319 vous
3428 4276 3676 4339 pryons
3711 4253 4112 4320 tresaffectes
4125 4255 4183 4338 ⁶²)
4225 4275 4388 4321 vous

2445 4340 2737 4424 volloyer
2779 4347 3186 4421 transportet
3228 4360 3347 4422 par
3399 4339 3631 4405 devers
3686 4360 3854 4405 nous
3907 4348 3974 4404 et
4031 4360 4113 4404 en
4169 4348 4387 4405 vostre

2445 4428 2738 4510 prestine
2774 4424 3005 4509 plache
3042 4433 3110 4489 et
3146 4425 3480 4490 ministere
3515 4435 3874 4490 retourner.
3955 4424 4048 4489 Et
4081 4446 4387 4508 esperone

2448 4533 2531 4576 en
2574 4511 2770 4596 layde
2828 4509 2909 4574 de
2952 4510 3127 4575 Dieu
3170 4530 3296 4594 que
3338 4532 3411 4576 ce
3455 4532 3644 4594 seray
3689 4533 3826 4595 ung
3869 4509 4081 4593 grand
4122 4510 4273 4576 bien
4316 4518 4387 4574 et

2447 4597 2665 4682 fruyct
2701 4619 2740 4661 a
2773 4596 3286 4680 laugmentation
3325 4594 3404 4660 de
3437 4596 3503 4660 la
3539 4605 3636 4660 ste
3673 4596 4013 4680 Evangile.
4081 4595 4385 4682 Voyeant

2477 4800 2614 4860 244.
2651 4798 2704 4864 1)
2747 4798 2860 4854 lac.
2915 4800 3093 4855 Valier
3131 4800 3205 4866 (Y)

2653 4865 2713 4932 2)
2752 4867 2909 4934 Prof.
2942 4870 3086 4925 hebr.
3122 4868 3556 4922 Lausannevm‘s.

2651 4934 2706 4997 3)
2747 4935 3132 4991 Celeberrimus
3171 4936 3444 4990 omerus
3489 4937 3586 5005 qui
3620 4936 3870 5003 deinceps
3917 4951 3973 4989 se
4005 4951 4188 4991 rerum
4221 4941 4381 4990 nm

2445 5006 2648 5060 ralium
2685 5005 2866 5058 studio
2898 5008 3130 5060 maxime
3163 5006 3368 5059 dicavit
3402 5004 3699 5069 (Hanhart,
3739 5004 3944 5058 Gesner
3975 5021 4030 5073 p.
4068 5002 4178 5066 72).

2650 5070 2713 5135 4)
2757 5071 2869 5141 Qui
2906 5076 3018 5139 fuit
3062 5074 3144 5129 10.
3184 5074 3453 5141 Risum,
3501 5089 3655 5143 qm
3688 5074 3799 5126 iam
3825 5074 4257 5140 {aquatissimo
4295 5076 4382 5128 ob·

2446 5144 2593 5197 viam
2627 5142 2952 5197 habebimus.

2479 5211 2614 5272 245,
2653 5210 2710 5274 1)
2747 5217 2872 5263 sont
2907 5211 2984 5266 H.
3019 5212 3139 5266 font
3171 5211 3265 5266 Bt.

2651 5277 2713 5344 2)
2750 5279 3222 5334 affectueusement
3254 5279 3345 5333 Bt.
