5050 6167
418 450 493 511 89
2139 455 2302 516 1540
2346 450 2670 519 ΟΟΤΟΒ.
4323 467 4406 529 90

414 654 709 721 gressum
750 644 947 703 61666
985 638 1375 715 necessaris,
1434 648 1668 723 pergat
1709 638 2039 705 1116661616
2087 647 2155 705 66
2195 640 2357 706 inci-

411 730 568 785 tare.
660 719 1037 805 Capitonem,
1082 722 1420 806 Bracarum,
1471 724 1816 790 Sturaenium
1858 747 2015 791 6666
2049 724 2358 791 ecelesiae

411 804 562 871 Dm.
618 807 798 872 velot
850 829 995 874 6666
1045 809 1421 890 incolumes,
1440 809 1498 894 2)
1552 831 1825 893 meoque
1879 811 2141 876 nominc
2184 810 2358 876 6616-

410 892 579 959 tabis
614 890 980 978 diligenter.
1072 895 1382 962 Neocomi
1426 896 1563 961 Cal.
1611 894 1873 962 Octobr.
1891 898 1950 980 ὅ)

1187 1030 1565 1098 zebedaeus
1604 1039 1765 1098 tuus
1805 1044 1875 1099 et
1913 1035 2207 1099 omnium
2246 1034 2358 1116 qui

1267 1118 1417 1183 istic
1460 1126 1619 1183 sunt
1659 1121 1990 1194 11661664)

1194 1378 1477 1388 --—-—--

1302 1557 1446 1628 241.

856 1693 991 1763 DU
1034 1695 1411 1764 'PAILLIS
1456 1699 1520 1763 A
1560 1698 1896 1764 PAREL.

579 1867 657 1935 11
692 1889 737 1934 a
779 1867 932 1933 ecrit
971 1867 1016 1933 ὰ
1061 1865 1286 1934 Coloin
1315 1888 1487 1951 pour
1527 1869 1584 1935 le
1615 1888 1873 1952 presser
1911 1870 1989 1935 de
2027 1871 2271 1937 revenir
2313 1872 2356 1935 ὰ

410 1954 672 2034 Geriive,
715 1959 772 2019 et
799 1954 953 2035 pris
994 1952 1192 2020 Farel
1231 1955 1337 2038 d'y
1379 1955 1634 2020 insister-
1673 1955 1750 2020 de
1789 1975 1902 2021 son
1942 1955 2080 2021 cote.

405 2126 675 2195 (Antogrs
716 2123 787 2179 116
822 2124 892 2178 (16
926 2125 981 2178 16
1014 2124 1388 2206 11111116666666
1422 2125 1492 2178 (16
1526 2127 1582 2180 16
1614 2125 1943 2195 0616663616
1978 2126 2076 2180 (166
2104 2132 2354 2249 {setena

402 2192 472 2247 dn
517 2193 642 2248 Neu
767 2194 834 2248 61.
918 2192 1175 2262 1111611616
1220 2192 1351 2247 ebes
1398 2195 1614 2248 Bonnet
1662 2194 1812 2248 Tom.
1848 2196 1893 2249 1.
1941 2212 2080 2265 page
2149 2195 2186 2250 4
2222 2213 2356 2251 avec

913 2261 1270 2331 changement
1303 2262 1372 2316 de
1406 2261 1853 2333 l'orthogrsphe.)

574 2451 853 2517 11616616
882 2450 1261 2517 (4611166616
1293 2450 1496 2517 116161
1528 2452 1830 2518 1111616616
1864 2451 1946 2518 (16
1984 2452 2052 2518 16
2084 2451 2349 2536 piu-olle.

1601 2572 1711 2636 Au
1754 2571 2177 2637 neufchastel.

578 2705 795 2772 Grsce
832 2714 903 2772 et
941 2708 1101 2789 psix
1143 2705 1226 2770 (16
1267 2726 1390 2789 661·
1430 2703 1606 2772 Ῑ)166
1649 2715 1718 2773 66
1760 2715 1979 2773 666616
2022 2706 2355 2793 Seigneur

399 2791 595 2857 Iesus
650 2790 894 2858 Christ.
995 2791 1319 2858 Trcscher
1380 2791 1569 2858 frere.
1669 2792 1730 2857 A
1782 2793 1849 2858 16
1912 2795 2172 2859 6666166
2237 2794 2354 2860 (166

398 2877 819 2961 principsulx
874 2877 1035 2943 bons
1088 2878 1293 2943 freres
1347 2877 1428 2944 (16
1481 2899 1605 2961 par
1661 2877 1819 2962 (1666
1869 2880 1999 2965 i’ay
2042 2880 2273 2946 rescrit
2315 2900 2356 2946 6

399 2971 630 3028 666616
674 2963 802 3028 bon
841 2963 1011 3027 srere
1058 2962 1282 3030 Calvia
1324 2964 1479 3047 qu’il
1524 2970 1672 3029 eust
1713 2984 1796 3028 66
1831 2962 2058 3030 1166616
2113 2972 2156 3030 s.
2198 2966 2352 3031 sub-

398 3048 595 3114 venir
638 3070 679 3113 6
721 3069 826 3114 666
870 3047 1074 3113 freres
1117 3047 1198 3113 (16
1242 3049 1517 3115 Geneve
1569 3070 1725 3114 6666
1781 3050 1966 3115 avoir
2022 3048 2257 3135 esgard
2311 3058 2354 3116 6

397 3132 663 3199 1’16161·6
720 3133 834 3217 qui
887 3133 1066 3199 svoit
1118 3140 1257 3199 este
1312 3134 1506 3202 faicte
1563 3156 1604 3200 6
1646 3133 1834 3201 Ῐ6666
1877 3134 2108 3201 Christ
2163 3156 2247 3200 en
2290 3136 2353 3202 le

398 3218 796 3285 (16611666666
837 3220 1003 3285 61616
1046 3219 1203 3303 qn'il
1239 3241 1364 3306 aye
1408 3242 1448 3285 6
1480 3220 1849 3286 consideret
1890 3220 1960 3286 16
1992 3220 2354 3288 (1666166166

398 3326 483 3370 66
537 3325 716 3389 quoy
758 3304 845 3370 116
889 3311 1038 3371 6666
1091 3312 1159 3371 66
1214 3305 1278 3370 16
1328 3305 1598 3372 debvoir
1639 3327 1679 3372 6
1721 3327 1897 3392 quoy
1940 3306 1987 3371 il
2031 3315 2134 3373 666
2174 3317 2352 3388 tenu,

398 3411 699 3477 pai-quoy
754 3389 874 3476 luy
941 3412 1027 3476 sy
1092 3390 1328 3458 rescrit
1404 3392 1559 3474 qu’il
1623 3389 1798 3457 m’en
1864 3389 2168 3459 mundast
2234 3413 2352 3458 666

401 3476 592 3543 sdvis
648 3496 824 3541 avan
879 3497 1004 3559 qne
1054 3496 1143 3542 on
1197 3498 1363 3543 envo
1410 3486 1515 3543 666
1555 3476 1903 3544 embasade
1957 3498 2078 3562 661·
2118 3477 2352 3545 (lovers

399 3561 539 3648 luy.
641 3561 973 3627 Pourtant
1022 3584 1185 3629 vous
1244 3584 1365 3646 sup
1391 3564 1537 3649 irsy
1588 3583 1715 3646 que
1779 3563 1860 3630 de
1926 3575 2141 3630 vostre
2204 3573 2354 3646 part

402 3667 566 3733 eyes
617 3669 658 3713 6
710 3648 829 3734 luy
870 3648 1148 3713 mandor
1189 3656 1257 3714 66
1296 3645 1654 3732 persuadet
1706 3669 1780 3714 se
1836 3650 1992 3734 qu’il
2035 3671 2075 3715 6
2117 3650 2350 3715 afnire:

398 3732 462 3799 16
519 3753 606 3799 66
666 3754 833 3800 vous
887 3755 970 3799 en
1024 3732 1113 3819 dy
1164 3734 1333 3817 plus.
1436 3734 1680 3800 Vostre
1727 3735 1920 3802 lettre
1964 3757 2005 3801 a
2046 3744 2182 3802 6616
2224 3736 2354 3801 fort

399 3817 561 3886 bien
612 3820 837 3904 611666
891 3818 973 3884 (16
1026 3841 1190 3886 ceux
1250 3818 1331 3885 de
1386 3842 1509 3904 par
1565 3820 1729 3906 (1666
1781 3829 1849 3886 66
1899 3841 2060 3907 croy
2118 3821 2353 3905 qu’ello

400 3903 548 3971 leur
584 3906 918 3989 proffitera
949 3905 1382 3990 grandement
1414 3915 1482 3971 et
1503 3927 1574 3972 66
1599 3907 1898 3974 61666666
1920 3907 2354 3993 grandement

401 3998 598 4056 tenus
640 4012 681 4056 6
721 4009 889 4056 vous
931 3996 1193 4075 qu'avez
1228 4013 1638 4058 souvonanee
1680 3992 1872 4057 d‘oux
1917 4014 2002 4059 cn
2048 3992 2194 4059 leur
2237 4015 2352 4059 ne-

403 4075 641 4142 cessite
671 4087 740 4141 66
759 4097 799 4140 6
822 4076 961 4142 6616
996 4077 1462 4161 congnoissent
1492 4081 1774 4162 qu’ostes
1795 4078 1858 4144 16
1879 4100 2043 4166 vray
2064 4086 2349 4164 6666661,

402 4182 681 4244 6616666
724 4183 889 4228 ceux
933 4162 1044 4246 qui
1105 4162 1199 4228 166
1253 4163 1492 4229 1616666
1549 4183 1631 4229 66
1677 4164 1942 4248 danger.
2032 4166 2140 4230 Au
2179 4175 2353 4230 reste

403 4246 468 4311 le
524 4245 854 4332 Seigneur
897 4268 938 4312 6
979 4248 1135 4312 16166
1188 4269 1306 4312 666
1363 4248 1590 4332 plaisir
1632 4249 1720 4315 du
1765 4248 1858 4316 Sr.
1903 4249 2151 4316 Michel
2194 4249 2355 4315 Bal-

403 4338 618 4399 taear:
671 4336 829 4399 e'est
870 4354 960 4397 66
1004 4341 1204 4418 grant
1255 4332 1579 4419 doumagc
1632 4356 1799 4418 pour
1852 4336 1916 4400 16
1970 4335 2128 4401 ville
2187 4356 2226 4399 6
2280 4355 2353 4401 66

405 4438 535 4500 que
574 4429 731 4502 peut
773 4417 1146 4485 considerer
1188 4418 1528 4485 l’hommo:
1572 4422 1909 4487 toutesfois
1969 4443 2043 4487 66
2085 4420 2353 4487 volunte

404 4504 537 4569 soit
578 4505 768 4570 faicte
811 4515 879 4569 66
919 4524 1053 4569 non
1100 4513 1301 4571 66616.
1369 4504 1517 4587 Quo
1558 4505 1730 4572 Dieu
1774 4527 1935 4572 vous
1979 4506 2163 4572 doint
2204 4526 2353 4590 per-

406 4589 602 4655 sister
638 4611 888 4656 6616616
932 4612 1088 4657 avez
1128 4610 1515 4657 6616166666.
1601 4593 1705 4657 1)6
1750 4592 2024 4659 Geneve
2057 4593 2121 4657 16
2162 4596 2228 4655 3·
2272 4590 2354 4657 (16

405 4672 693 4742 Octobre
741 4681 920 4741 1540.

1202 4813 1303 4878 Le
1346 4824 1492 4878 tout
1533 4822 1750 4879 vostre
1792 4814 1964 4880 frere
2006 4825 2075 4879 et
2117 4836 2268 4900 616)1

1525 4899 1636 4963 Ι)6
1680 4899 1928 4965 Τ611116.

617 5067 679 5128 2)
715 5066 817 5122 hoe
847 5083 1053 5122 comma
1088 5069 1287 5125 dubiae
1318 5070 1577 5126 lectionis.

617 5134 678 5194 8)
715 5133 805 5191 De
850 5152 1000 5191 anno
1042 5154 1155 5192 uon
1199 5144 1277 5193 est
1322 5140 1467 5209 quod
1500 5140 1749 5196 dicamus
1782 5145 1911 5208 post
1936 5140 2356 5208 praecedentem.

617 5203 683 5272 4)
719 5205 834 5259 sie!
863 5205 997 5275 16961
1034 5206 1279 5262 fratrum.

3357 644 3506 716 242.

2932 781 3430 850 BEDRO'I'US
3473 782 3807 850 MYCON
3809 783 3924 850 10.

2637 949 2916 1017 Nomina
2956 953 3433 1036 colloquuiorum
3466 957 3576 1037 qui
3609 957 3970 1039 propediem
4019 955 4405 1022 wormaciae

2460 1036 2818 1101 convenient
2857 1039 3182 1122 siynificat.

2459 1205 2573 1267 (Ex
2607 1207 2944 1276 autographo
2978 1210 3203 1262 Archiv.
3241 1211 3416 1264 Turio.
3453 1211 3596 1265 Plut.
3621 1212 3775 1266 Vm.
3811 1209 4005 1265 vol.40
4037 1211 4190 1277 (olim
4210 1210 4399 1280 (222),

2460 1274 2554 1328 fol.
2590 1272 2710 1329 367.
2781 1276 3004 1330 Initium
3040 1279 3668 1417 661166ἳο361ξὲἓῖἕό
3691 1281 3904 1336 omissis
3940 1297 4078 1349 quse
4113 1281 4182 1334 sd
4217 1289 4403 1334 666616

2633 1498 2703 1564 S.
2751 1499 2910 1564 'l'uis
2932 1499 3219 1566 16616666
3254 1502 3518 1568 obsecro
3554 1502 3840 1568 Bernam
3875 1522 4070 1585 quam
4115 1503 4401 1584 primum

2458 1584 2702 1665 poteris
2744 1585 3079 1650 commode
3121 1588 3297 1650 mitti
3339 1607 3544 1653 cures.
3634 1587 3740 1652 Ad
3796 1592 3894 1651 28.
3941 1586 4272 1667 Octobris,
4326 1596 4402 1653 ut

2459 1669 2651 1747 nosti,
2696 1670 3115 1737 wormaciae
3149 1673 3542 1739 convenient
3582 1674 3918 1756 utriusque
3954 1673 4160 1755 661616
4202 1673 4401 1739 66116-

2459 1765 2787 1836 quutorcs.
2876 1756 3099 1821 Nostri
3144 1759 3409 1823 mittent
3454 1757 3828 1840 Capitonem,
3877 1757 4212 1838 Bueerum,
4260 1757 4402 1825 caz-

2456 1840 2677 1904 vinum
2718 1847 2788 1905 et
2832 1840 3200 1920 Sturmium,
3243 1864 3392 1909 oum
3435 1844 3673 1928 legatis
3714 1844 4126 1910 senatoribus
4166 1843 4401 1912 Iacobo

2461 1923 2679 1991 Sturm
2732 1934 2799 1991 et
2851 1927 3189 1993 Matthaeo
3214 1931 3264 2012 ¹)
3327 1929 3597 2011 Psarrer
3648 1928 3930 1995 6666616.
4018 1930 4292 1996 Mittunt
4332 1937 4401 1996 et

2458 2010 2572 2076 6111
2628 2011 3068 2077 confoederati
3126 2034 3279 2080 6666
3335 2012 3571 2081 doctos.
3674 2017 3737 2080 A
3789 2015 4069 2082 Bavaris
4131 2016 4400 2081 venient

2458 2093 2757 2161 doctores
2820 2106 3102 2181 quatuor
3165 2099 3539 2182 sophistici,
3601 2099 3862 2181 Eceius,
3930 2100 4396 2181 Morstallerus,

2459 2179 2773 2247 Krateius
2814 2190 2884 2248 66
2925 2184 3194 2267 Apelles.
3283 2185 3706 2252 06666161661
3761 2189 4031 2252 nomina
4073 2188 4320 2272 ignoro.
4340 2184 4398 2271 ²)

2638 2357 2733 2418 16.
2780 2351 3044 2421 Octobr.
3761 2357 3941 2423 Tuus
3982 2356 4327 2422 Beth-otus.

3247 2613 3616 2621 ——-—-——-——

3350 2793 3501 2865 248.

2937 2930 3406 3002 OALVINUS
3448 2933 3909 3001 FARELLO.

2629 3102 2912 3185 Exponit
2963 3121 3191 3169 causas
3243 3103 3468 3185 quibus
3517 3111 3718 3171 motus
3775 3127 3819 3170 a
3857 3126 3925 3172 se
3971 3110 4041 3170 ut
4086 3104 4401 3170 Genevom

2454 3187 2664 3252 redeat
2725 3189 3063 3268 impetrare
3121 3210 3244 3254 uon
3296 3195 3512 3272 potest.
3630 3192 3926 3257 Attamen
4001 3195 4057 3256 et
4126 3190 4402 3257 aliorum

2452 3272 2711 3340 consilio
2751 3293 2944 3339 aures
2983 3293 3105 3339 non
3145 3274 3461 3341 obturabit.
3548 3276 3715 3342 Ante
3771 3275 4225 3342 Wormaciense
4280 3276 4401 3341 col-

2453 3357 2732 3440 loquium
2771 3357 3116 3426 absolutum
3156 3359 3320 3425 nihil
3359 3361 3435 3425 de
3475 3382 3550 3427 ea
3590 3383 3659 3428 re
3698 3363 3942 3427 decerni
3971 3362 4216 3445 poterit.

2455 3531 2570 3593 (Ex
2627 3528 2986 3600 Antogrspho
3045 3528 3185 3584 Bibl.
3239 3529 3441 3585 Genov.
3490 3529 3617 3585 Cod.
3663 3530 3781 3598 106,
3829 3532 3919 3586 fol.
3963 3530 4050 3585 48.
4099 3562 4166 3571 -
4215 3531 4404 3585 Edidit

2454 3601 2602 3654 Besa
2644 3598 2747 3652 Ed.
2800 3597 3002 3653 Gener.
3050 3615 3104 3668 6.
3141 3596 3227 3666 24,
3275 3600 3433 3654 Laus.
3479 3616 3533 3669 p.
3566 3598 3650 3665 50,
3699 3601 3910 3654 Honor.
3958 3618 4012 3671 p.
4059 3599 4143 3667 55,
4193 3601 4404 3656 Chouet

2454 3686 2507 3739 p.
2542 3667 2628 3733 28,
2665 3669 2840 3721 Amst.
2875 3683 2931 3736 p·
2969 3665 3050 3721 13.
3087 3695 3154 3707 -
3188 3668 3393 3722 Gallice
3437 3673 3619 3721 exstat
3653 3669 3735 3722 ed.
3772 3669 3884 3724 Col.
3918 3685 3972 3738 6.
4015 3667 4093 3723 16.
4171 3669 4400 3738 Anglice

2510 3738 2568 3791 in
2603 3737 2734 3792 edit.
2768 3736 2966 3790 Edinb.
3001 3735 3043 3790 1.
3078 3752 3132 3805 6.
3175 3734 3286 3790 186.
3354 3736 3418 3790 In
3454 3736 3615 3790 editis
3651 3738 3807 3805 61616
3841 3743 4129 3792 666611666
4162 3738 4342 3800 vitis.)

2623 3891 2775 3956 Non
2831 3889 3058 3956 dubito
3112 3892 3272 3975 quin
3325 3891 3666 3970 fratribus,
3726 3892 4098 3975 quicunqne
4153 3912 4259 3956 166
4316 3890 4399 3955 6(1

2454 3975 2743 4043 16ᾶί6616
2786 3996 2905 4059 per
2946 3976 3170 4041 literas
3215 3975 3461 4041 hortati
3501 3986 3673 4053 sunt,
3703 3976 3752 4062 ¹)
3811 3975 4158 4061 diligenter
4206 3997 4402 4042 excu-

2455 4061 2651 4140 saris,
2710 4061 2882 4145 quod
2930 4062 3098 4127 nihil
3157 4060 3252 4126 616
3307 4061 3772 4144 responderim.
3871 4061 4062 4128 Nosti
4105 4062 4281 4126 enim
4323 4082 4401 4126 eo

2454 4148 2653 4215 biduo
2697 4154 2882 4211 66666
2923 4148 3126 4212 animi
3168 4147 3597 4231 perplexitate
3629 4168 3738 4213 me
3773 4156 4124 4226 aestuasse,
4167 4154 4244 4211 66
4284 4147 4402 4212 vix

2456 4231 2730 4298 dimidia
2773 4253 2858 4298 ex
2899 4241 3085 4316 parte
3127 4234 3302 4317 apud
3345 4254 3451 4297 me
3494 4254 3724 4298 essem.
3795 4233 4039 4298 Postea
4070 4241 4293 4296 661666
4326 4237 4404 4296 66

2456 4320 2575 4385 tibi
2629 4339 2881 4384 morem
2934 4337 3262 4401 gererem,
3324 4319 3408 4383 611
3456 4317 3568 4383 uid
3625 4317 3709 4383 6(1
3764 4339 3874 4384 666
3927 4320 4000 4383 16
4054 4336 4400 4382 6611116666

2457 4404 2742 4471 scribere
2785 4414 3057 4469 6666666
3111 4424 3291 4469 6616.-
3343 4425 3414 4471 66
3513 4411 3737 4487 666666
3796 4424 3998 4486 quum
4046 4404 4401 4486 cogitarem

2460 4544 2638 4552 ——--
2651 4545 2702 4549 --
2711 4544 2768 4550 -φ

2492 4607 2626 4671 242.
2664 4607 2724 4675 1)
2760 4609 2855 4673 sie,
2889 4623 2994 4676 pro
3030 4607 3288 4662 Matthia.

2661 4677 2724 4741 2)
2764 4675 2994 4732 Dabunt
3031 4675 3315 4744 Spoletini
3344 4677 3592 4731 Annales
3620 4692 3680 4745 p.
3713 4674 3833 4730 441.
3875 4704 3938 4714 —
3978 4675 4277 4743 Psarrerm
4315 4675 4401 4729 cir

2452 4746 2977 4816 praestantissimus,
3011 4748 3206 4813 septies
3238 4744 3454 4812 Geumi,
3490 4746 3804 4813 saepissime
3837 4745 4047 4814 1696166
4077 4745 4140 4799 in
4172 4743 4402 4799 comitiis

2458 4814 2706 4884 Imperii,
2740 4814 3145 4880 reformationis
3188 4814 3250 4868 in
3294 4813 3426 4868 urbe
3467 4816 3658 4882 patria
3701 4815 4078 4867 meritissimus
4108 4816 4399 4881 promotor.

2463 4882 2636 4940 Cuius
2669 4898 2862 4936 nomen
2890 4883 3082 4937 misere
3116 4882 3468 4951 depravatum
3507 4881 3575 5003 §P
4160 4950 4169 4961 ι

2463 4951 2589 5017 Ref.
2617 4950 2736 5007 111.
2757 4949 2919 5017 1142‚·
2952 4950 3152 5006 ibidem
3183 4966 3311 5005 vero
3334 4966 3388 5019 p.
3410 4949 3508 5003 121
3549 4991 3562 5016 ‚
3594 4952 3675 5006 sie
3708 4953 3966 5019 seriptum
3999 4957 4062 5005 ut
4092 4954 4399 5002 ministrum

2456 5021 2612 5077 verbi
2660 5020 2946 5088 designare
2996 5019 3293 5075 credideris
3311 5041 3326 5070 .-
3384 5019 3668 5084 Mstthins,
3727 5019 4025 5072 Pssrrhsrr.
4121 5014 4278 5084 Quod
4324 5014 4401 5070 ad

2455 5089 2769 5159 pontificios
2812 5090 3029 5156 attinet,
3081 5087 3308 5143 Eceium
3340 5090 3564 5143 miserat
3613 5088 3731 5141 dux
3765 5088 4046 5142 Bavariae
4083 5083 4394 5152 Guilelmus,

2462 5157 2763 5213 Matthiam
2814 5154 3100 5211 Kreesium
3163 5158 3288 5224 (sie)
3351 5157 3467 5211 dux
3541 5156 3874 5222 Ludovae'cus,
3941 5152 4293 5222 Archiepisco
4333 5169 4398 5208 us

2463 5227 2735 5282 Iuvaviae
2793 5241 2918 5280 vero
2973 5224 3179 5279 Leonlt
3237 5225 3648 5280 Marstallerum
3702 5223 4214 5292 Inqolstadoemsem,
4333 5224 4397 5278 ie.

2463 5296 2658 5365 Appel,
2676 5292 3121 5363 Mospurqensem
3141 5299 3193 5348 et
3210 5293 3291 5350 Io.
3325 5293 3677 5359 Wenslerum,
3695 5290 4081 5361 provincialem
4099 5289 4397 5346 Minorum.

2497 5363 2628 5425 248·
2664 5363 2725 5428 1)
2765 5362 2960 5417 Plures
2994 5364 3278 5433 scripsisse
3311 5364 3565 5424 videmur
3597 5377 3758 5433 quam
3790 5375 3926 5429 quos
3960 5359 4119 5415 modo
4151 5361 4338 5428 leyisti.

3576 4882 3876 4947 fsffcrinns)
3911 4882 4106 4950 leyitur
4137 4882 4198 4934 in
4220 4878 4396 4961 ‘Cora
