5050 6167
392 432 511 498 ⁶93

265 660 271 665 ·
393 617 648 687 Christo
699 615 891 683 novit
942 615 1037 682 ita
1092 625 1193 682 est
1245 634 1446 681 carne
1499 634 1800 698 pressum
1856 622 1934 681 ut
1976 616 2333 683 suffocetur

388 724 668 790 prorsus.
755 700 834 768 Si
874 708 1102 786 posset
1134 700 1486 784 aliquando
1529 700 1739 767 literis
1781 703 1953 769 serio
1993 701 2173 768 hunc
2216 701 2332 768 ad-

388 809 648 856 monere
663 839 680 868 ,
748 788 916 853 bene
968 789 1229 854 faceret.
1332 787 1626 870 Uterque
1691 788 1972 853 flatrum
2034 807 2333 853 meorum

387 875 516 942 iam
556 875 627 939 in
668 872 892 939 Gallia
925 881 1055 951 est,
1110 880 1179 939 et
1233 893 1368 937 non
1422 874 1581 938 satis
1632 874 1706 937 in
1760 881 1917 939 tuto.
2003 873 2332 956 Ouperem

390 982 496 1029 eos
535 979 874 1039 revocare,
929 959 1047 1024 sed
1101 959 1322 1024 nescio
1375 978 1508 1040 qua
1561 959 1671 1024 via
1724 958 1807 1024 ad
1861 981 1971 1025 eos
2029 959 2329 1025 scribam.

386 1045 683 1130 Baptista
723 1044 951 1111 scribit
964 1097 980 1123 ‚
1041 1043 1412 1110 Germanos
1465 1044 1598 1108 iam
1654 1044 1860 1110 factos
1903 1044 2123 1112 hostes
2168 1043 2332 1112 Gal-

386 1132 487 1212 lis,
500 1134 557 1209 ⁵)
599 1139 675 1195 ut
715 1140 1035 1215 cogantur
1076 1150 1302 1195 omnes
1346 1151 1382 1194 e
1406 1128 1769 1196 Germania
1791 1129 1974 1196 Galli
2014 1131 2330 1215 migrare:

386 1237 709 1302 quumque
752 1215 1181 1300 Argentorati
1223 1214 1311 1281 sit
1364 1214 1590 1280 doctor
1632 1214 1947 1281 Olaudius
2006 1216 2087 1282 de
2149 1214 2334 1284 Gam-

374 1304 576 1388 μειβ)
641 1303 755 1384 qui
808 1301 1130 1385 superiori
1172 1308 1420 1366 aestate
1461 1301 1630 1366 istuc
1670 1321 1874 1383 quum
1917 1301 2178 1368 abesses
2220 1322 2333 1367 ve-

386 1389 592 1454 nisset
632 1397 708 1452 ut
751 1396 816 1453 te
859 1387 1243 1454 conveniret
1283 1398 1525 1469 tuoque
1567 1394 1865 1451 uteretur
1905 1387 2190 1467 consilio,
2233 1388 2336 1452 in-

386 1473 542 1542 cidit
597 1473 668 1538 in
735 1472 896 1539 alios
964 1473 1078 1555 qui
1131 1470 1416 1537 reditum
1479 1471 1551 1536 in
1610 1469 1902 1536 Galliam
1966 1481 2335 1552 suaserunt,

430 1558 557 1625 uod
608 1579 768 1624 sane
809 1558 910 1623 illi
962 1558 1155 1623 dolet.
1241 1557 1463 1641 Rogat
1510 1563 1587 1621 ut
1628 1555 2013 1641 dispiciatur
2055 1580 2186 1642 qua
2228 1580 2337 1624 ra-

385 1651 563 1711 tione
618 1644 718 1709 illi
772 1643 1021 1709 consuli
1124 1643 1284 1708 ossit
1339 1649 1416 1707 ut
1473 1641 1742 1707 Christo
1798 1643 2045 1709 servire
2105 1643 2333 1727 possit.

389 1730 714 1797 Sturmius
755 1731 826 1794 iu
870 1729 1045 1794 calce
1078 1664 1430 1793 literarum
1473 1727 1808 1810 Baptistae
1850 1729 2132 1794 eundem
2178 1751 2337 1813 quo-

386 1837 509 1901 que
551 1814 997 1891 commendat,
1058 1824 1124 1878 et
1168 1824 1240 1878 ut
1282 1811 1366 1878 ad
1415 1812 1745 1878 Saleerwm
1787 1815 2069 1880 scribam
2115 1815 2337 1880 horta-

385 1910 510 1967 tur.
600 1900 740 1967 Sed
795 1901 1240 1965 existimarem
1261 1950 1277 1978 ,
1334 1899 1483 1965 istic
1541 1898 1716 1982 apud
1771 1908 1837 1965 te
1895 1900 2340 1966 conditionem

382 2007 573 2072 posse
636 1985 1138 2054 commodiorem
1195 1984 1507 2062 inveniri,
1573 2006 1703 2067 qua
1757 1985 1993 2051 melius
2050 1986 2341 2052 Domino

384 2072 634 2141 servire
852 2072 921 2136 it.
1012 2069 1266 2135 Verum
1320 2069 1476 2152 quid
1533 2089 1802 2152 possum
1860 2071 1981 2136 tibi
2038 2071 2338 2157 ignotum

383 2178 685 2225 commen
806 2178 872 2237 e,
928 2176 1130 2240 quum
1186 2156 1256 2219 in
1299 2177 1371 2220 re
1413 2163 1604 2220 tanta
1642 2154 1887 2220 vellem
1930 2157 2093 2222 mihi
2139 2159 2337 2223 etiam

382 2244 801 2309 notissimum
843 2263 962 2326 per
1014 2249 1082 2319 te
1125 2236 1406 2326 probari'
1428 2249 1498 2305 et
1540 2239 1921 2325 diligentius
1962 2243 2208 2325 inquiri
2252 2265 2338 2308 an

382 2328 658 2396 idoneus
715 2336 901 2393 tanto
958 2334 1132 2393 esset
1185 2326 1460 2393 muneri.
1561 2325 1735 2391 Nam
1788 2328 1959 2393 nihil
2010 2327 2340 2413 agendum

382 2422 483 2481 est
522 2411 700 2498 quod
741 2434 876 2479 non
920 2413 1339 2479 exactissima
1378 2431 1538 2478 cura
1578 2413 1715 2477 fiat.
1803 2411 1980 2480 Sunt
2031 2414 2179 2481 istic
2222 2414 2340 2480 ali-

267 2552 280 2566 .
387 2501 500 2583 qui
544 2500 785 2583 quibus
829 2498 942 2564 ille
985 2512 1183 2564 notus
1229 2506 1330 2563 est
1374 2518 1492 2582 per
1535 2519 1698 2581 quos
1743 2506 1928 2581 potes
1969 2500 2229 2579 rescire,
2285 2500 2342 2565 si

381 2585 562 2653 locus
633 2584 810 2670 apud
873 2593 938 2650 te
1001 2585 1115 2664 sit,
1189 2605 1277 2648 an
1341 2583 1577 2649 merito
1647 2583 1861 2667 excipi
1938 2585 2165 2667 possit.
2265 2583 2342 2650 Si

385 2756 413 2823 l
531 2673 546 2687 “
695 2691 815 2754 per
816 2671 1267 2821 frxlrlocnaitionem
1300 2668 1481 2819 inlim
1521 2667 2159 2820 αἰίφιίᾶέοοθροιῐςοιτ,
2203 2669 2342 2769 vel-

387 2777 586 2924 dem
584 2778 748 2908 Ἕΐ
802 2763 1372 2920 ..dssfflm572550
1393 2764 1805 2938 ὲέιωωέᾚὲι
1832 2775 1966 2907 ⁰:3¹
1993 2775 2346 2906 mmmmm

385 2929 655 2996 scribes.
744 2924 939 3009 Quod
983 2924 1062 2991 de
1117 2924 1463 2993 eoncordia
1504 2924 1588 2991 ad
1646 2924 1924 2991 metum
1965 2928 2343 3010 scripseras,

385 3035 600 3098 nuper
660 3013 824 3077 mihi
880 3011 1224 3091 indicavit,
1285 3030 1653 3095 magnoque
1712 3012 1930 3078 affecit
1971 3012 2233 3097 gaudie,
2278 3020 2346 3078 et

386 3105 462 3166 tu
504 3119 744 3165 rursus
783 3099 1153 3165 confirmas.
1239 3096 1550 3162 Christus
1585 3096 1776 3163 Iesus
1818 3098 1987 3163 faxit
2030 3104 2106 3164 ut
2147 3119 2347 3181 quam

385 3184 772 3252 firmissima
812 3204 942 3268 pax
986 3190 1054 3249 et
1095 3180 1442 3248 concordia
1498 3188 1565 3247 et
1619 3201 1779 3248 vera
1830 3183 2142 3267 perduret
2184 3185 2345 3248 ami-

389 3270 562 3337 citia.
656 3268 844 3335 Vale.
931 3268 996 3334 N
999 3288 1108 3334 am
1160 3266 1325 3332 mihi
1383 3267 1553 3333 fesso
1596 3274 1664 3334 et
1704 3268 1786 3334 ob
1845 3268 2201 3335 abitionem
2243 3277 2346 3334 ta·

390 3355 655 3424 bellarii
713 3362 971 3438 praeter
1026 3352 1296 3420 solitum
1350 3360 1549 3419 noctu
1601 3353 1908 3419 scribenti
1964 3354 2157 3437 plura
2212 3374 2348 3420 non

389 3440 562 3508 licet.
657 3439 894 3507 Saluta
934 3459 1163 3505 omnes
1219 3446 1367 3505 tuos
1411 3445 1481 3504 et
1521 3439 1621 3503 tui
1667 3438 1939 3519 Nicolai,
1996 3461 2116 3506 nec
2159 3460 2346 3524 prae-

389 3532 607 3594 tereas
652 3525 972 3592 Davidem
1024 3546 1177 3592 cum
1223 3523 1390 3604 suis,
1445 3523 1858 3590 Bernardum
1898 3545 1975 3591 ac
2018 3545 2348 3610 symmys-

388 3620 512 3679 tas.
582 3612 760 3680 Oum
810 3610 1154 3677 Geraestono
1197 3618 1434 3695 agetur
1476 3609 1773 3695 apologia
1815 3610 1930 3677 ubi
1969 3613 2175 3675 otium
2210 3611 2348 3676 fue-

389 3699 510 3778 rit,
571 3697 692 3765 sed
750 3697 1005 3763 interea
1057 3696 1277 3762 valeat
1331 3716 1618 3763 securus.
1720 3695 1947 3763 Nostri
1998 3704 2066 3761 te
2121 3716 2348 3762 omnes

391 3785 707 3863 salutant.
795 3782 1105 3850 Neocomi
1147 3780 1358 3866 pridie
1400 3779 1726 3847 Calendas
1769 3781 2019 3867 Aprilis
2067 3786 2248 3847 1544.

1441 3900 1745 3984 Farellus
1788 3925 1941 3983 tuus
1984 3925 2178 3984 totus.

1174 4211 1583 4221 —————

1308 4444 1455 4517 541.

937 4599 1411 4668 GALVINUS
1453 4597 1824 4666 VIRETO.

587 4772 982 4843 Goemoendat
1038 4774 1096 4838 ei
1153 4772 1438 4841 iuvenem
1480 4771 1789 4853 quendam
1830 4768 2091 4839 nobilem
2130 4769 2245 4852 qm·
2285 4770 2360 4838 de

398 4855 2178 4931 mmmmmdiannfflusanmmomuuum
2210 4860 2358 4923 erat.

2013 5131 2024 5143 ⁶
2160 5129 2363 5186 u'bc'n’oe

2034 5272 2362 5333 ‚eamn

402 5200 546 5265 »ψ
575 5131 1796 5283 ,wawaffiffiaew
1896 5201 1939 5265 2

617 5271 678 5356 β)
716 5270 836 5329 D⁶⁸
874 5268 1110 5342 cmm
1154 5271 1230 5338 (ἲ)
1277 5284 1499 5340 wem
1542 5285 1656 5333 m

1939 432 2103 495 1544
2145 428 2828 497 mnu—Aput..

4265 436 4395 503 694

2437 615 2856 739 (Autogzsphon
2892 632 3000 671 non
3039 620 3235 671 exstat.
3290 615 3621 671 Recentiora
3656 617 3991 699 exemplaria
4023 617 4298 675 habentur
4330 621 4394 681 in

2436 684 2551 739 Cod
2686 701 2803 739 nev.
2843 684 2961 754 108,
2995 685 3088 740 fol.
3124 683 3228 738 183
3262 689 3321 737 et
3355 682 3472 752 196,
3496 685 3611 766 fol.
3648 684 3921 807 Slvporro
3954 704 4012 740 m
4048 688 4188 758 Epp.
4225 687 4391 744 Bern.

2828 754 2951 808 VII.
2984 772 3041 824 p.
3076 752 3148 808 42
3182 762 3240 808 et
3274 754 3419 822 apud
3453 754 3663 808 Sunler.
3760 755 3827 808 ol.
3862 753 3977 822 54.)

2434 940 2655 1006 Fideli
2694 940 2947 1008 Christi
2990 961 3183 1007 servo
3224 942 3427 1007 Petro
3471 941 3704 1007 Vireto
3745 940 4242 1010 Lausannensis
4285 966 4392 1013 ec-

2653 1026 2887 1093 clesiae
2928 1027 3175 1111 pastori
3215 1027 3407 1093 fratri
3448 1034 3515 1094 et
3558 1028 3765 1094 amico
3808 1029 4161 1095 carissimo.

2608 1164 2741 1230 Hic
2782 1164 2991 1229 bonus
3035 1164 3139 1229 vir
3182 1164 3432 1230 amicus
3466 1172 3692 1230 noster
3724 1164 4168 1231 sublevandae
4211 1166 4391 1233 vale·

2436 1247 2691 1315 tudinis
2747 1270 2948 1331 causa
3016 1251 3184 1316 istuc
3240 1250 3690 1333 proficiscitur.
3793 1251 3971 1315 Eum
4027 1251 4147 1317 tibi
4203 1255 4395 1336 cupio

2438 1357 2585 1402 esse
2639 1334 3174 1401 commendatum
3188 1386 3204 1414 ,
3276 1345 3353 1399 ut
3408 1335 3507 1400 illi
3562 1336 3777 1402 officia
3836 1335 4266 1404 humanitatis
4324 1344 4395 1404 et

2438 1420 2934 1489 benevolentiae
2979 1420 3307 1500 exhibeas,
3367 1421 3606 1504 quibus
3649 1420 3833 1506 digni
3875 1429 4033 1488 sunt
4073 1443 4233 1505 quos
4276 1443 4393 1507 op-

2440 1507 2636 1572 timos
2676 1506 3059 1573 iudicamus.
3133 1505 3309 1572 Sunt
3352 1506 3483 1571 duo
3526 1507 3760 1573 fratres
3803 1529 3886 1572 ex
3929 1508 4134 1574 nobili
4167 1515 4235 1573 et
4275 1528 4395 1574 an-

2441 1592 2628 1674 tiqua
2668 1592 2918 1658 familia
2952 1593 3111 1672 nati,
3157 1592 3348 1658 ambo
3382 1614 3538 1658 vere
3572 1594 3683 1675 pii,
3729 1593 3901 1659 docti
3943 1601 4012 1658 et
4053 1596 4218 1659 mire
4250 1604 4394 1659 stu-

2442 1676 2639 1743 diosi:
2704 1698 2827 1744 nec
2882 1677 3113 1744 dubito
3183 1678 3345 1761 quin
3399 1676 3523 1744 hoc
3590 1678 3842 1744 malum
3909 1700 3994 1743 ex
4048 1676 4394 1746 immodico

2441 1761 2660 1829 studio
2704 1765 3108 1829 contraxerit
3149 1763 3379 1829 maiori
3436 1784 3520 1828 ex
3577 1773 3780 1846 parte.
3873 1762 4133 1829 Comitis
4174 1785 4394 1848 opera,

2440 1849 2573 1914 nisi
2604 1848 2811 1929 fallor,
2855 1849 2955 1914 uti
2990 1849 3296 1915 decrevit.
3362 1848 3596 1915 Facies
3629 1856 3706 1913 ut
3739 1849 3979 1913 sentiat
4011 1870 4133 1914 nos
4166 1869 4395 1917 omnes

2442 1955 2586 2000 esse
2607 1935 2849 2000 amicos
2885 1934 3088 2001 bonis.
3148 1934 3336 2013 Vale,
3370 1935 3574 1999 frater
3609 1941 3675 1998 et
3713 1935 3918 2000 amice
3951 1934 4394 2019 integerrime.

2441 2019 2774 2085 Dominus
2836 2027 2904 2085 te
2981 2025 3339 2087 conservet.
3450 2018 3685 2086 Saluta
3749 2019 4099 2103 diligenter
4165 2040 4394 2086 omnes

2443 2107 2699 2185 fratres,
2749 2103 3058 2187 Comitem,
3109 2104 3399 2186 Coelium,
3448 2105 3755 2171 Ribittum
3788 2112 3857 2170 et
3898 2104 4073 2171 alios.
4158 2104 4395 2171 Domi-

2442 2212 2760 2342 Rusrilios¹
2815 2212 3041 2259 omnes
3097 2211 3355 2274 semper
3418 2199 3625 2275 regat.
3729 2190 3982 2255 Valete.
4084 2190 4394 2259 Calendis

2507 2297 2550 2360 p
2641 2276 2712 2341 ‘s.
2766 2286 2795 2353 )

3364 2361 3649 2427 Ioannes
3690 2359 4011 2427 Calvinus
4050 2368 4221 2431 tuus.

3343 2871 3494 2943 542.

2979 3025 3386 3094 VIRETUS
3432 3024 3870 3093 OALVINO.

2623 3197 2932 3263 Libertini
2975 3195 3459 3263 Lausannenses
3489 3217 3612 3279 pro
3650 3198 3868 3263 merito
3909 3197 4167 3263 Ber-nae
4205 3196 4397 3262 mulc-

2448 3284 2582 3350 tati.
2672 3282 2919 3348 Far-elli
2957 3286 3016 3346 et
3056 3280 3406 3348 Man-curtii
3457 3282 3673 3349 literas
3710 3303 3852 3349 cum
3893 3284 4095 3349 amico
4135 3302 4401 3351 eommu-

2448 3371 2626 3437 m'cat
2665 3368 2793 3437 sibi
2831 3368 3249 3436 remittendas.

2732 3539 2843 3606 (Ex
2879 3540 3215 3609 autofflapho
3251 3538 3383 3593 Ood.
3423 3537 3629 3594 Genev.
3666 3538 3809 3592 111⁸.
3852 3538 3942 3594 fol.
3982 3536 4125 3606 138.)

2624 3709 3020 3776 Eruditione
3090 3729 3166 3776 ac
3229 3708 3473 3794 pietate
3542 3707 3955 3774 ornatissimo
4018 3706 4104 3773 D.
4167 3706 4407 3777 Ioanni

2454 3795 2736 3863 Calvino
2778 3795 3189 3864 Genevensis
3246 3795 3555 3862 ecclesiae
3610 3795 3854 3876 pastori
3899 3793 4406 3878 vigilantissimo

3813 3878 4142 3945 Genevae.

2631 4015 2704 4082 S.
2771 4014 3004 4082 Nostri
3026 4017 3075 4097 ¹)
3144 4017 3256 4099 qui
3313 4016 3601 4080 Bernam
3671 4014 3884 4080 vocati
3939 4021 4096 4079 sunt
4152 4014 4415 4097 excepti

2458 4109 2617 4168 sunt
2658 4121 2779 4184 pro
2825 4099 3159 4185 dignitate.
3247 4100 3571 4184 Oastigati
3626 4108 3783 4165 sunt
3840 4097 4206 4165 durissimis
4261 4121 4412 4166 ver-

2458 4188 2591 4265 bis,
2647 4205 2910 4252 oarcere
2953 4194 3021 4250 et
3073 4185 3323 4252 mulcta
3374 4187 3769 4269 pecuniaria.
3869 4185 4108 4250 Tribus
4163 4184 4415 4250 mulcta

2460 4278 2564 4337 est
2596 4272 2901 4355 imposita
2923 4274 3006 4335 30
3027 4265 3138 4350 Δ,
3173 4272 3475 4338 omnibus
3507 4272 3580 4336 in
3611 4292 3851 4355 genere
3880 4276 3999 4335 100
4034 4268 4214 4350 Δβ)
4273 4270 4414 4336 Ab·

2460 4357 2640 4424 batia
2704 4356 2969 4422 deiecta.
3072 4355 3441 4422 Redierunt
3496 4355 3875 4423 deiectiores
3930 4376 4127 4439 quam
4180 4358 4416 4437 ierant,

2461 4442 2579 4509 sed
2644 4463 2779 4508 non
2843 4443 2987 4508 sine
3052 4461 3297 4527 magna
3358 4443 3487 4509 mei
3550 4441 3819 4508 invidia.
3931 4443 4025 4507 At
4084 4441 4417 4507 Dominus

2463 4786 2579 4841 tola
2623 4786 2768 4840 nihil
2807 4785 3031 4856 praebet
3072 4787 3221 4841 eoru·-

2465 4869 2596 4910 cuos
2625 4855 2752 4922 fixit
3092 4854 3304 4908 Beatus
3341 4852 3528 4907 Gonu
3560 4853 3661 4922 qui
3704 4852 3794 4906 hic
3826 4852 4126 4919 salutatur,
4172 4851 4420 4906 nondun

2464 4939 2502 4977 a
2535 4922 2719 5005 Vis-etp
2820 4924 2830 4936 ‘
3054 4922 3233 5004 fitius
3263 4920 3495 4988 videtur,
3534 4922 3622 5002 ati
3652 4920 3765 4985 fuit
3796 4926 4085 4990 antequam
4119 4919 4424 4975 minnista-io

2458 4991 2785 5132 sztdncaroe
2742 4997 2946 5114 lbetssm
2965 4989 3239 5125 &w
3261 4995 3628 5139 γαντᾶἔῗόηιοο
3648 4994 3929 5059 exerceret,
3965 4989 4113 5060 quod
4140 4988 4273 5138 feeit
4303 5002 4421 5043 ver-

2515 5128 2649 5191 542.
2685 5127 2741 5194 1)
2780 5128 3000 5184 Ινοπϊοο
3033 5127 3252 5183 didam.
3320 5126 3457 5195 Aqet
3504 5124 3573 5181 de
3604 5125 3874 5183 lota-tim
3916 5140 4052 5196 quos
4095 5125 4423 5194 damnaverat

2463 5213 2631 5337 ἔκδικ’
2586 5195 2963 5325 KQ&
3002 5196 3846 5335 'ffm'flmamNJ-m‘f
3870 5196 3990 5317 isa.
4065 5193 4131 5255 α’
4175 5194 4232 5251 Δ
4316 5199 4367 5303 ¹¹·-

2674 5332 2736 5402 2)
2768 5334 2810 5388 ι’.
2844 5351 2888 5390 e.
2921 5339 3163 5391 scutatos
3198 5330 3397 5402 (ἔσκε).
3781 5281 3819 5334 p
3907 5415 4009 5472 44*
