5050 6167
2426 1728 2941 1812 MDXLIV.

1570 2012 1719 2085 527.

851 2151 1328 2222 TOSSANUS
1375 2148 1857 2218 MINISTRIS
1903 2151 2445 2217 HELVETIAE

1345 2253 1921 2321 ROMANIGAE.

846 2427 1253 2511 Queritnr'de
1274 2425 1533 2492 motibus
1576 2425 2171 2491 hameranizamium
2211 2425 2284 2491 in
2328 2425 2620 2490 comitatu

669 2513 1264 2598 Monsbelyardensi.

669 2687 782 2754 (Ex
817 2684 1129 2757 apographo
1166 2682 1312 2752 quod
1346 2682 1590 2735 additum
1625 2685 1710 2734 est
1745 2697 1774 2734 e
1815 2682 2007 2734 istolae
2029 2680 2238 2734 Calvini
2275 2680 2346 2733 ad
2365 2681 2619 2734 Viretum

703 2756 834 2809 data
868 2755 920 2808 d.
955 2752 1039 2807 11.
1079 2751 1359 2806 Februarii
1397 2749 1559 2815 (530),
1596 2750 1725 2804 Cod.
1816 2756 1971 2805 enev.
2008 2748 2126 2817 106,
2161 2748 2252 2802 fol.
2289 2747 2358 2802 99
2395 2753 2596 2815 verso.)

664 2943 950 3021 Farello,
994 2939 1310 3017 Calvino,
1369 2938 1598 3005 Vireto
1657 2960 1731 3004 ac
1784 2937 2058 3004 caeteris
2102 2936 2409 3003 fratribus
2454 2938 2618 3002 mihi

1196 3026 1268 3090 in
1311 3023 1597 3089 Domino
1639 3023 2083 3090 observandis.

838 3164 910 3231 S.
978 3163 1373 3244 Quanquam
1406 3161 1696 3226 incertus
1729 3162 1820 3226 sit
1852 3160 1960 3226 hic
1995 3161 2292 3238 nuncius,
2339 3166 2408 3223 et
2440 3181 2619 3224 nunc

665 3252 811 3330 sim,
855 3251 948 3315 ita
989 3247 1255 3313 volente
1299 3248 1470 3326 Deo,
1525 3254 1592 3311 et
1630 3246 2162 3329 occupatissimus
2218 3255 2287 3311 et
2329 3246 2617 3311 afflictis-

666 3338 902 3412 simus‚
948 3335 1182 3398 fratres
1224 3333 1296 3396 in
1318 3329 1606 3398 Domino
1651 3330 2246 3409 observandissimi‚
2290 3331 2472 3396 volui
2516 3342 2617 3395 ta-

664 3442 821 3488 men
868 3441 985 3484 vos
1029 3416 1254 3501 paucis
1299 3417 1380 3480 de
1435 3417 1631 3484 rebus
1674 3418 1915 3483 nostris
1969 3417 2279 3482 certiores
2324 3416 2615 3494 reddere,

666 3527 794 3591 quo
840 3527 957 3570 nos
1000 3503 1125 3586 piis
1171 3524 1246 3568 ac
1286 3504 1525 3568 sanctis
1559 3504 1801 3569 vestris
1844 3502 2147 3586 precibus
2191 3501 2364 3585 apud
2398 3503 2617 3567 Deum

665 3591 1006 3657 adiuvetis.
1096 3588 1232 3654 Nos
1288 3589 1594 3653 articulos
1649 3588 1816 3666 illos,
1847 3591 1898 3671 ¹)
1955 3609 2154 3670 super
2209 3588 2442 3669 quibus
2502 3608 2618 3652 vos

665 3675 1222 3751 consummamus,
1268 3674 1483 3757 parati
1519 3673 1779 3738 tandem
1818 3695 2080 3739 eramus
2115 3674 2421 3757 recipere,
2458 3694 2617 3755 pau-

663 3763 761 3830 cis
805 3760 1194 3844 quibusdam
1239 3759 1558 3842 exceptis:
1606 3758 1720 3826 sed
1765 3760 1869 3825 his
1914 3780 2043 3824 non
2088 3759 2377 3823 contenti
2417 3779 2619 3845 nova-

665 3856 841 3913 tores
882 3846 1114 3923 nostri,
1135 3847 1192 3921 2)
1238 3845 1349 3927 qui
1384 3866 1645 3910 omnem
1679 3855 2006 3928 quaerunt
2040 3844 2439 3909 occasionem
2479 3864 2617 3907 om-

665 3952 948 4016 nemque
990 3939 1259 3995 movent
1301 3929 1588 4013 lapidem
1631 3952 1758 4014 quo
1801 3943 1868 3996 et
1909 3929 2097 3994 nobis
2140 3930 2474 4012 negotium
2520 3929 2617 3993 fa·

665 4026 924 4085 cessant
967 4026 1033 4081 et
1074 4016 1251 4081 hunc
1284 4017 1594 4099 populum
1640 4015 1723 4080 ad
1766 4015 2300 4099 superstitionem
2346 4012 2613 4077 idolola-

663 4104 989 4184 triamque
1032 4101 1384 4180 reducant,
1442 4103 1512 4167 in
1557 4102 1694 4166 dies
1749 4101 1994 4182 aliquid
2038 4100 2191 4164 novi
2235 4099 2616 4182 excogitant

662 4188 835 4274 quod
880 4188 1066 4253 nobis
1110 4185 1477 4252 obtrudant.
1569 4185 1701 4252 Sed
1762 4187 2000 4269 quibus
2056 4183 2216 4249 adeo
2269 4185 2498 4249 cedere
2543 4185 2611 4247 in

659 4294 741 4341 ea
782 4296 854 4340 re
897 4295 1030 4338 non
1075 4273 1459 4350 statuimus,
1521 4284 1593 4338 ut
1636 4272 1923 4338 cervices
1982 4278 2241 4335 nostras
2293 4270 2451 4352 ipsis
2495 4290 2612 4352 po-

659 4361 793 4426 tius
837 4358 1055 4424 daturi
1113 4356 1405 4445 [simu-§L
1464 4379 1659 4441 quam
1721 4366 1794 4421 ut
1853 4357 1957 4422 hic
2015 4355 2369 4438 quidquam
2426 4356 2612 4419 nobis

659 4444 1215 4512 consentientibus
1273 4443 1687 4519 instituatur,
1748 4441 1922 4507 unde
1974 4442 2177 4524 possit
2230 4440 2439 4524 gloria
2482 4439 2607 4505 Dei

656 4530 851 4596 facile
895 4528 1246 4594 obscurari.
1335 4527 1562 4611 Nuper
1619 4528 1949 4610 petierunt
2005 4525 2402 4593 sententiam
2459 4546 2609 4590 nos-

658 4621 836 4682 tram
882 4613 962 4678 de
1005 4633 1207 4678 coena
1228 4614 1515 4690 Domini,
1557 4633 1732 4677 nunc
1769 4622 1984 4678 autem
2019 4612 2090 4677 in
2134 4611 2258 4676 hoc
2302 4618 2457 4676 sunt
2492 4612 2611 4675 toti

656 4708 739 4767 ut
800 4698 1130 4782 Virginis,
1196 4697 1657 4779 Apostolorum
1723 4718 1798 4763 ac
1859 4699 2136 4763 aliorum
2200 4694 2608 4779 quorundam

657 4785 959 4853 divorum
1016 4784 1183 4849 festa
1237 4804 1368 4848 non
1412 4782 1621 4848 solum
1675 4782 1931 4849 dierum
1983 4782 2438 4849 observatione
2492 4781 2610 4846 sed

691 5058 822 5121 527.
859 5059 919 5111 1}
957 5056 1048 5111 De
1080 5055 1281 5110 ritibus
1325 5055 1703 5111 ecelesiasticis
1738 5070 1876 5124 quos
1911 5070 1980 5109 ex
2018 5054 2410 5109 constitutione
2443 5055 2603 5108 cccle-

659 5127 781 5184 tiae
832 5124 1308 5194 Wiae-temberyicae
1353 5124 1540 5179 desum
1581 5131 1663 5180 tos
1709 5130 1823 5179 tam
1865 5124 2098 5192 theologi
2142 5123 2607 5180 inthronizantes

659 5211 828 5265 quam
860 5196 983 5263 ipse
1001 5193 1464 5274 Comeafcclesiae
1559 5192 2003 5275 onsbelqafdensi
2036 5191 2323 5247 obtrudere
2355 5194 2607 5248 volebant

2727 2014 2926 2079 otiam
2980 2019 3287 2080 consueto
3353 2011 3527 2095 apud
3595 2012 3883 2096 papistas
3955 2033 4420 2096 campanarum
4485 2010 4683 2094 pulsu

2727 2100 3096 2165 restituant.
3204 2098 3298 2162 Et
3362 2099 3739 2163 ministrum
3818 2120 4205 2183 germanum
4272 2096 4520 2163 habent
4596 2117 4683 2163 ex

2726 2186 2929 2249 animi
2973 2184 3316 2260 sententia,
3370 2183 3511 2267 qui,
3573 2204 3699 2266 quo
3742 2185 4054 2268 principis
4097 2204 4173 2251 ao
4216 2204 4491 2249 suorum
4535 2183 4680 2248 ani-

2727 2291 2868 2334 mos
2912 2269 2995 2335 ad
3037 2268 3415 2352 reponenda
3469 2268 3643 2334 idola
3696 2279 4076 2354 praeparet,
4133 2269 4351 2353 palam
4408 2270 4477 2333 in
4521 2289 4678 2334 con-

2727 2354 3018 2421 cionibus
3063 2356 3199 2420 suis
3243 2354 3597 2420 eorundem
3643 2354 4093 2422 deturbatores
4152 2354 4509 2439 improbat,
4566 2354 4681 2419 do-

2727 2449 2955 2523 cetque
2999 2447 3077 2505 ut
3119 2461 3225 2507 res
3269 2441 3515 2506 medias
3563 2462 3706 2507 esse
3747 2440 4069 2520 ferendas,
4126 2463 4200 2507 ac
4257 2447 4684 2526 praeceptum

2727 2525 2808 2591 de
2851 2525 3248 2611 imaginibus
3290 2525 3598 2592 tollendis
3656 2528 4127 2593 caeremoniale
4170 2548 4328 2593 esse.
4419 2524 4556 2592 Sed
4601 2524 4684 2591 de

2725 2612 2960 2694 quibus
3005 2633 3081 2677 ao
3124 2612 3400 2678 caeteris
3457 2612 3603 2678 aliis
3656 2615 3899 2678 nostris
3958 2613 4155 2678 rebus
4211 2634 4401 2696 spero
4444 2633 4551 2677 me
4596 2610 4683 2677 ad

2726 2719 2840 2762 vos
2883 2697 3070 2765 brevi
3111 2698 3435 2781 copiosius
3489 2701 3612 2764 scri
3664 2707 3901 2764 turum.
3992 2699 4227 2764 Valete
4281 2699 4349 2763 in
4394 2699 4683 2764 Domino

2724 2782 2910 2859 Iesu,
2962 2792 3030 2848 et
3071 2785 3279 2849 nostri
3321 2783 3390 2848 in
3433 2785 3608 2867 preci
3656 2805 3735 2850 us
3779 2786 4018 2851 vestris
4073 2806 4393 2850 memores
4450 2791 4678 2851 estote.

2723 2867 3209 2953 Montbelgardi
3253 2869 3732 2935 tumultuanter
3784 2877 3876 2936 15.
3923 2871 4217 2936 Ianuarii
4270 2876 4450 2936 1544.

3952 3006 4194 3074 Vester
4238 3009 4591 3076 Tessanus.

3619 3484 3771 3554 528.

3209 3619 3697 3688 MYOONIUS
3742 3621 3859 3688 CA
3867 3620 4097 3686 LVIN
4100 3620 4177 3685 O.

2899 3789 3295 3855 Commendat
3334 3791 3595 3856 Gallum
3637 3792 3961 3873 quendam.
4055 3793 4419 3859 Novissima
4461 3795 4538 3859 de
4578 3815 4669 3861 co-

2720 3877 2922 3941 mitiis
2949 3876 3356 3957 Spirensibus
3390 3883 3446 3941 et
3488 3878 3623 3941 alia
3658 3879 3744 3943 ad
3776 3899 3911 3943 rem
3944 3878 4268 3960 publicam
4308 3884 4669 3963 spedantia.

3028 4063 3138 4125 (Ex
3174 4064 3510 4133 autographo
3547 4064 3678 4118 Ood.
3718 4065 3920 4119 Genev.
3959 4065 4076 4130 110,
4113 4068 4205 4121 fol.
4246 4068 4353 4133 10.)

2722 4269 2801 4332 D.
2839 4268 3074 4332 Ioanni
3120 4267 3396 4334 Calvino
3440 4270 3811 4336 doctissimo
3856 4271 4156 4336 ministro
4196 4274 4461 4338 Domini
4506 4274 4666 4340 fide-

2716 4353 2965 4420 lissimo
3022 4356 3266 4437 pastori
3325 4355 3744 4421 Genevatum
3800 4357 3987 4421 fratri
4044 4358 4115 4421 in
4174 4356 4460 4425 Domino
4516 4380 4665 4443 per-

3272 4461 3470 4523 quam
3511 4441 3914 4508 observando
3957 4464 4091 4508 suo.

2888 4574 2955 4642 S.
3025 4577 3244 4641 Breve
3317 4586 3418 4642 est
3488 4578 3678 4662 quod,
3743 4577 3998 4646 Calvine
4054 4583 4421 4662 carissime,
4495 4585 4664 4665 volo,

2715 4682 2948 4744 nempe
2984 4670 3059 4725 ut
3091 4661 3267 4728 hunc
3304 4665 3412 4746 qui
3458 4663 3578 4729 has
3613 4663 3828 4729 reddit
3858 4666 3905 4752 ¹)
3953 4667 4194 4733 habeas
4230 4670 4444 4735 adhuc
4488 4692 4667 4737 com-

2713 4745 3184 4812 mendatiorem
3239 4769 3433 4831 quam
3476 4749 3791 4828 habuisti,
3843 4772 4043 4834 quum
4090 4753 4395 4820 habueris
4441 4765 4667 4823 tamen

2713 4831 3430 4899 commendatissimum
3496 4856 3771 4919 semper.
3869 4836 4223 4922 Negotium
4289 4842 4431 4906 eius
4500 4843 4667 4908 mihi

2743 5122 2875 5204 528.
2918 5126 2973 5188 1)
3013 5124 3185 5205 Fuit,
3232 5129 3296 5177 ut
3329 5124 3565 5191 videtur,
3617 5124 3813 5180 Gallus
3848 5127 4052 5196 aliquis
4085 5131 4364 5197 evanqelio
4399 5131 4664 5188 addim

2710 5209 2807 5263 qm
2834 5193 3187 5274 peculiarem·
3219 5193 3284 5247 ob
3332 5208 3560 5274 cansam
3604 5195 3669 5249 v‘n
3716 5195 4074 5277 Germaniam
4118 5200 4283 5253 venit.
4372 5200 4667 5281 Quaenam

2704 5277 2837 5401 2523
2870 5263 3533 5401 &amat-swa&
3570 5264 3744 5333 ’Μ’
3779 5266 4186 5322 ⁰²²⁸⁶“’⁸⁰'⁸⁷’“⁸
4218 5274 4437 5324 ΜΝ
4469 5271 4596 5325 '¹⁸⁰⁸'
4600 5287 4667 5329 ''
