5050 6167
687 417 773 484 83
2230 404 2757 474 ΕΡΙΒΤΟΙιΑΕ
2801 408 3138 471 237-239
4425 472 4431 479 ,
4601 406 4685 468 84

865 599 1109 667 Furem
1144 619 1340 665 manu
1379 598 1527 664 haec
1567 597 1790 664 addita
1849 593 2241 744 mantum?
2297 592 2491 676 Quod
2533 596 2635 659 in·

686 687 908 771 iungit
961 686 1160 749 frater
1211 684 1469 767 piorum
1523 682 1820 760 nomine,
1885 702 2083 763 quam
2139 678 2201 744 di
2234 679 2637 763 igentissime

689 772 881 838 nobis
925 779 1026 836 est
1069 767 1512 853 peragendum
1556 775 1632 832 ut
1672 768 2064 850 perficiatur.
2138 763 2355 846 Quam
2403 764 2635 830 vellem

694 857 999 926 Romam
1042 855 1326 921 rediisse.
1415 851 1741 935 Dispicies
1798 850 1972 935 apud
2032 862 2094 916 te
2137 849 2293 933 quid
2338 852 2505 915 facto
2551 851 2637 915 sit

686 963 866 1043 opus.
940 940 1214 1006 Videbis
1257 960 1438 1004 meas
1484 936 1567 1003 ad
1609 939 1844 1003 fratres
1876 938 2101 1003 literas
2144 947 2209 999 et
2242 936 2633 1019 obsignabis‚

687 1050 746 1095 si
788 1028 972 1111 prius
1015 1025 1341 1092 addideris
1385 1045 1550 1106 quae
1594 1023 1905 1089 videntur
1946 1022 2055 1087 vel
2100 1021 2179 1086 de
2214 1020 2404 1086 modo
2442 1021 2634 1087 eitius

684 1112 1007 1180 mittendo
1064 1111 1167 1176 vel
1227 1109 1619 1189 differendo,
1679 1108 1883 1174 donee
1934 1108 2154 1173 veniet
2211 1107 2487 1172 Thema-s·
2529 1108 2633 1173 cui

686 1198 861 1264 dent.
949 1197 1122 1262 Nam
1166 1195 1432 1261 omnino
1476 1202 1576 1260 est
1619 1196 1876 1260 animus
1910 1215 2027 1276 pro
2075 1192 2341 1258 Christo
2387 1192 2457 1256 in
2510 1193 2632 1259 hac

684 1305 886 1352 eausa
926 1304 1033 1347 me
1070 1291 1280 1346 totum
1323 1280 1718 1364 impendere.
1804 1279 1990 1344 Vale.

1587 1720 1736 1790 238.

1179 1858 1643 1927 OALVINUS
1680 1855 2142 1924 FARELLO.

862 2033 1069 2100 Gravi
1109 2032 1314 2097 morbo
1357 2031 1541 2096 initio
1600 2030 1832 2095 mensis
1882 2027 2260 2109 Septembris
2314 2033 2631 2109 correptus

684 2126 777 2185 est
836 2141 880 2184 a
941 2140 1060 2201 quo
1125 2118 1399 2183 nondum
1451 2115 1644 2200 plane
1696 2114 1982 2180 revaluit.
2072 2112 2291 2178 Etiam
2344 2134 2505 2178 uxor
2559 2115 2630 2177 in

680 2204 888 2271 simili
927 2204 1290 2269 discrimine
1322 2203 1550 2284 posita.
1639 2200 1741 2266 De
1782 2201 2003 2264 itinere
2040 2199 2429 2281 suscipiendo
2471 2199 2628 2282 copi-

682 2292 812 2356 tari
845 2291 1070 2371 nequit.
1157 2286 1529 2353 Conventum
1578 2285 2097 2353 Wormaeiensem
2127 2285 2631 2366 appropinquare

680 2376 852 2442 videt
891 2376 1050 2441 satis
1092 2375 1304 2451 anxie,
1351 2377 1614 2455 propter
1653 2372 1898 2436 dolosas
1950 2369 2457 2435 adversariorum
2497 2390 2628 2434 ma-

680 2460 1073 2527 chinationes.

680 2631 795 2700 (Ex
840 2630 1175 2712 autographo
1210 2628 1350 2710 Bibl3
1397 2629 1599 2683 Genev.
1650 2626 1781 2679 Cod.
1832 2624 1947 2688 106,
1995 2625 2085 2679 fol.
2136 2623 2221 2679 45.
2292 2625 2627 2746 ApograEpha

680 2708 986 2753 recentiora
1021 2703 1239 2751 exstant
1273 2697 1404 2750 1b1d.
1441 2695 1567 2750 Ced.
1588 2692 1707 2762 111,
1743 2692 1834 2747 fol.
1872 2691 1956 2746 38.
2026 2693 2248 2746 Archiv.
2286 2695 2446 2747 Bet-n.
2533 2711 2623 2763 pp.

681 2769 746 2824 Τ.
778 2768 897 2822 VII.
934 2784 985 2836 p.
1022 2765 1141 2832 383,
1188 2767 1331 2819 unde
1376 2763 1665 2832 descripsit
1712 2762 1972 2816 Simlerus
2017 2762 2140 2816 Vol.
2178 2760 2262 2815 48.
2331 2763 2395 2816 In
2443 2779 2624 2816 exem·

720 2837 821 2891 lari
857 2837 1169 2890 authentico
1203 2834 1485 2903 inscriptio
1522 2833 1670 2887 nulla
1703 2832 1871 2884 adest.
1933 2829 2062 2884 Cod.
2101 2829 2201 2883 111
2237 2831 2458 2885 exhibet
2492 2832 2623 2884 titu-

703 2923 792 2958 um
808 2925 828 2987 :-
858 2905 1169 2987 C3Fare110.
1224 2904 1303 2955 De
1323 2919 1431 2971 quo
1467 2901 1685 2981 quidem
1721 2900 1874 3021 quasi
1909 2899 1978 2951 de
2003 2899 2167 2952 tertio
2185 2899 2366 2981 aliqu‘o
2392 2900 2624 2969 epistola

678 2973 829 3042 loqui
866 2974 1108 3039 videtur,
1154 2971 1249 3024 sed
1294 2987 1424 3023 cave
1458 2986 1638 3038 specie
1686 2969 1739 3021 fa
1762 2970 1904 3020 laris.
1978 2967 2129 3032 Quod
2175 2967 2243 3020 de
2277 2976 2471 3022 itinere
2506 2985 2622 3022 sus·

680 3049 843 3112 cepto
883 3043 967 3096 vel
1001 3042 1184 3111 potius
1270 3040 1495 3093 remisso
1542 3037 1702 3105 dicit,
1754 3036 1999 3106 apprime
2034 3037 2363 3090 conveniunt
2397 3053 2516 3090 cum
2552 3038 2622 3090 iis

679 3127 821 3180 quae
855 3127 1030 3179 nuper
1062 3108 1221 3163 Fare}
1246 3124 1307 3160 ue
1344 3108 1411 3161 N.
1446 3105 1565 3172 236,
1619 3121 1928 3174 quanquam
1975 3105 2052 3158 ibi
2087 3104 2156 3158 de
2192 3106 2404 3160 Bneero
2439 3105 2620 3172 nihil.)

847 3295 1078 3363 Serius
1112 3295 1232 3361 tibi
1269 3294 1629 3379 respondeo
1672 3295 1823 3377 quia
1866 3301 1934 3357 et
1975 3314 2174 3376 quum
2220 3293 2453 3359 allatae
2492 3295 2620 3377 pri-

673 3404 857 3448 mum
901 3392 1058 3447 sunt
1115 3389 1268 3446 tuae
1312 3382 1539 3446 literae
1598 3380 1712 3446 vix
1771 3399 1927 3461 prae
1981 3378 2424 3445 imbecillitate
2477 3400 2619 3444 cor·

672 3468 852 3553 poris
907 3467 1134 3532 tollere
1190 3465 1472 3551 digitum
1528 3475 1852 3549 poteram,
1909 3470 1978 3528 et
2033 3485 2117 3529 ex
2174 3484 2252 3529 eo
2309 3473 2616 3548 tempore,

716 3575 872 3618 uum
929 3551 1012 3618 ad
1073 3552 1249 3618 hune
1301 3572 1503 3634 usque
1563 3552 1735 3615 diem
1799 3569 2056 3633 semper
2116 3550 2319 3614 animi
2384 3550 2619 3614 fuerim

670 3575 931 3712 dubius,
988 3638 1153 3702 nihil
1210 3645 1385 3703 certo
1441 3637 1723 3703 scribere
1779 3635 1899 3700 tibi
2038 3636 2155 3699 tui.
2258 3633 2616 3717 Siquidem,

670 3745 757 3790 ne
792 3724 1166 3808 coniugium
1204 3723 1401 3787 nimis
1436 3722 1682 3786 laetum
1718 3728 1909 3798 esset,
2024 3721 2282 3785 ominus
2316 3728 2617 3786 antever-

669 3812 752 3874 tit
794 3809 1103 3893 gaudium
1148 3818 1446 3873 nostrum
1490 3806 1931 3890 temperandO,
1985 3826 2070 3870 ne
2113 3804 2374 3871 modum
2429 3827 2616 3872 exce-

672 3893 873 3959 deret.
994 3895 1122 3960 Die
1198 3895 1392 3959 tertia
1456 3891 1862 3976 Septembris
1940 3891 2154 3955 tenuit
2218 3911 2324 3956 me
2388 3892 2617 3974 capitis

673 3979 978 4064 gravedo,
1022 3980 1270 4045 malum
1313 3978 1473 4043 adeo
1517 3977 1678 4042 mihi
1714 3976 2035 4041 familiare
2068 3986 2144 4039 ut
2180 3998 2311 4041 non
2345 3997 2617 4060 magno-

672 4085 828 4149 pere
862 4085 1325 4132 eommoverer.
1384 4065 1512 4129 Die
1548 4063 1869 4128 dominico
1890 4063 2000 4144 qui
2026 4062 2362 4144 proximus
2383 4072 2541 4138 erat,
2570 4061 2616 4149 ¹)

676 4172 879 4234 quum
924 4151 995 4215 in
1040 4151 1344 4215 concione
1399 4148 1851 4231 pomeridiana
1904 4148 2305 4231 aliquantum
2365 4147 2615 4213 incalu-

671 4237 888 4315 issem,
934 4237 1112 4300 sensi
1154 4235 1471 4318 liquefieri
1508 4233 1814 4299 humores
1856 4233 2004 4298 illos
2046 4233 2158 4316 qui
2197 4243 2394 4317 caput
2426 4254 2615 4300 oecu-

671 4331 1008 4406 paverant.
1064 4322 1433 4404 Antequam
1470 4320 1651 4385 illine
1688 4318 2102 4390 discederem,
2139 4317 2476 4383 catarrhus
2506 4341 2615 4385 me

672 4409 1006 4490 corripuit,
1053 4410 1164 4489 qui
1207 4407 1513 4473 continuo
1556 4406 1745 4470 fluxu
1789 4424 1994 4486 usque
2037 4403 2120 4469 ad
2163 4402 2334 4469 diem
2378 4406 2616 4471 Martis

672 4491 1024 4557 admodum
1066 4513 1174 4556 me
1214 4494 1500 4558 vexavit.
1589 4492 1689 4555 Eo
1733 4490 1836 4554 die
1878 4511 2081 4571 quum
2138 4488 2217 4554 de
2272 4511 2451 4555 more
2496 4491 2615 4556 ha-

671 4577 893 4643 berem
940 4578 1314 4644 concionem
1357 4587 1423 4642 et
1457 4597 1698 4660 magna
1749 4576 1820 4638 in
1877 4574 2195 4658 loquendo
2235 4574 2615 4641 difficultate

673 4663 1068 4739 laborarem,
1128 4664 1297 4745 quod
1352 4671 1421 4727 et
1462 4683 1654 4727 nares
1708 4661 1994 4726 fluxione
2035 4668 2225 4725 erant
2264 4661 2614 4745 impeditae

674 4755 743 4814 et
783 4749 1003 4813 fauces
1046 4746 1390 4812 raucedine
1434 4747 1619 4830 quasi
1656 4748 2078 4830 praefocatae,
2122 4747 2295 4811 sensi
2330 4746 2614 4812 subitam

671 4834 1171 4899 commotionem
1213 4835 1375 4898 fieri.
1463 4831 1649 4898 stitit
1691 4834 1866 4897 enim
1910 4831 2282 4911 catarrhus,
2341 4831 2454 4897 sed
2509 4833 2613 4896 in-

673 4919 1079 5001 tempestive,
1126 4939 1327 5000 quum
1382 4918 1592 4983 adhuc
1649 4927 1848 5001 eaput
1911 4928 2082 4983 esset
2136 4917 2327 4982 malis
2382 4917 2613 4982 humo-

672 5006 856 5070 ribus
903 5004 1230 5069 refertum.
1322 5004 1665 5070 Acciderat
1721 5013 1935 5069 autem
1994 5003 2100 5068 die
2152 5003 2387 5068 Lunae
2441 5001 2615 5086 quod

877 5239 937 5306 6)
976 5240 1241 5296 Fortasse
1273 5243 1350 5298 ad
1397 5243 1632 5299 Viretum
1665 5245 1886 5313 scripta.

704 5306 845 5370 288.
886 5310 942 5367 1)
973 5310 1024 5364 5.
1067 5309 1206 5380 Sept.

2740 590 2903 656 mihi
2944 591 3138 656 bilem
3184 600 3577 675 provocaret.
3668 589 3842 654 Nam
3885 611 4086 672 quum
4131 587 4491 666 domicella,
4507 589 4566 671 ²)
4610 597 4687 655 ut

2741 698 2934 759 saepe
2967 677 3234 743 liberius
3258 698 3461 759 aequo
3495 675 3801 758 loquitur,
3837 674 4374 740 contumeliosum
4411 675 4684 741 verbum

2738 762 2929 828 fratri
2983 784 3129 828 meo
3185 762 3488 840 dixisset,
3541 761 3682 845 ipse
3739 762 3909 826 ferre
3953 779 4088 824 non
4132 759 4364 842 potuit.
4456 760 4684 843 Neque

2740 857 2958 913 tamen
3003 848 3436 913 tumultuatus
3480 858 3596 925 est,
3640 846 3755 912 sed
3811 846 4081 911 silenter
4134 844 4323 909 domo
4382 845 4682 924 excessit,

2736 934 3105 1016 iuravitque
3170 955 3239 999 se
3306 955 3440 997 non
3503 931 3897 1010 rediturum,
3965 930 4168 996 donee
4231 930 4347 995 illa
4425 952 4683 997 mecum

2739 1031 3047 1084 maneret.
3155 1018 3312 1103 Ipsa
3371 1039 3653 1100 quoque,
3717 1038 3918 1100 quum
3978 1015 4228 1083 videret
4289 1038 4395 1081 me
4463 1017 4684 1084 fratris

2737 1102 3023 1170 discessu
3066 1104 3227 1169 adeo
3271 1112 3612 1180 moestum,
3661 1103 3787 1168 alio
3830 1123 3900 1168 se
3943 1101 4237 1167 contulit.
4325 1102 4538 1168 Filius
4582 1102 4683 1166 in-

2736 1190 2927 1253 terim
2966 1190 3141 1273 apud
3186 1211 3292 1255 me
3336 1188 3674 1254 habitavit.
3748 1186 3942 1253 Soleo
3979 1195 4219 1265 autem,
4258 1187 4370 1253 ubi
4404 1187 4508 1253 vel
4553 1187 4683 1254 bile

2735 1275 2846 1339 vel
2890 1274 3104 1358 aliqua
3146 1275 3378 1340 maiori
3433 1275 3762 1340 anxietate
3817 1284 4074 1349 aestu0‚
4129 1273 4301 1338 inter
4352 1270 4681 1340 edendum

2734 1359 2896 1424 mihi
2945 1359 3294 1439 -excidere,
3370 1367 3437 1425 et
3504 1358 3759 1425 avidius
3824 1380 4020 1442 quam
4086 1379 4203 1441 par
4266 1359 4351 1423 sit
4422 1379 4680 1425 vorare.

2734 1443 2928 1527 Quod
2970 1447 3132 1510 mihi
3178 1457 3336 1511 tune
3377 1446 3664 1528 contigit.
3754 1443 3975 1525 Quum
4021 1445 4195 1508 enim
4241 1444 4681 1510 ventriculum

2732 1531 2803 1594 in
2840 1553 3040 1597 coena
3083 1532 3566 1615 oppressissem,
3613 1538 3680 1594 et
3722 1529 4064 1595 immodico
4108 1539 4174 1594 et
4208 1551 4441 1613 parum
4477 1551 4679 1614 appo-

2733 1617 2858 1681 sito
2917 1616 3088 1695 cibo,
3149 1638 3342 1681 mane
3398 1615 3706 1700 postridie
3763 1616 4172 1681 excruciatus
4225 1637 4373 1680 sum
4427 1616 4679 1700 ingenti

2732 1702 3070 1768 cruditate.
3158 1703 3327 1768 Eam
3374 1704 3697 1786 corrigere
3741 1701 3960 1766 inedia
3993 1709 4369 1786 promptum
4406 1710 4565 1780 erat,
4610 1708 4681 1767 et

2733 1786 2800 1851 id
2856 1788 3084 1853 solitus
3140 1810 3319 1853 eram
3375 1789 3602 1854 facere.
3705 1784 3841 1852 Sed
3908 1808 3993 1852 ne
4058 1787 4237 1852 filius
4299 1785 4679 1854 domicellae

2731 1873 3269 1955 interpretaretur
3307 1873 3479 1939 hane
3520 1894 3664 1939 esse
3708 1873 4034 1954 obliquam
4088 1881 4293 1938 artem
4388 1892 4470 1936 ua
4523 1894 4679 1939 eum

2733 1956 3038 2041 ablegare
3081 1958 3350 2038 vellem,
3410 1957 3613 2023 malui
3669 1980 3820 2024 cum
3885 1957 4282 2023 valetudinis
4339 1893 4677 2041 dispendio

2733 2044 3156 2110 offensionem
3210 2044 3392 2109 illam
3449 2046 3678 2109 vitare.
3778 2043 4018 2108 Martis
4074 2063 4261 2126 ergo,
4321 2065 4524 2125 quum
4570 2065 4675 2109 ca-

2733 2129 2998 2195 tarrhus
3053 2140 3128 2193 ut
3178 2131 3313 2194 iam
3372 2129 3510 2194 dixi
3537 2125 3867 2206 desiisset,
3911 2130 4031 2194 sub
4077 2130 4305 2194 horam
4348 2149 4592 2194 nonam
4637 2151 4677 2196 a

2731 2234 2928 2280 coena
2984 2227 3321 2299 correptus
3371 2236 3515 2280 sum
3571 2215 3775 2279 animi
3828 2213 4124 2296 deliquio.
4226 2213 4537 2280 Concessi
4591 2213 4677 2280 ad

2729 2299 2990 2365 lectum.
3059 2299 3396 2383 Sequutus
3420 2301 3593 2365 enim
3618 2299 3840 2385 gravis
3874 2321 4323 2399 paroxysmus.
4385 2301 4674 2384 Magnus

2728 2384 2940 2462 ardor,
2986 2387 3153 2451 mira
3194 2386 3424 2468 eapitis
3461 2387 3727 2470 vertige.
3787 2386 4121 2464 Mercurii,
4161 2408 4361 2470 quum
4396 2387 4674 2466 surrexi,

2729 2471 2822 2535 ita
2877 2469 3248 2538 debilitatus
3304 2492 3484 2536 eram
3520 2472 3820 2537 omnibus
3878 2472 4219 2550 membris,
4281 2479 4357 2536 ut
4415 2492 4687 2554 cogerer

2730 2557 2918 2621 fateri
2973 2578 3080 2622 me
3124 2566 3460 2641 aegrotum
3501 2578 3658 2622 esse.
3747 2557 4046 2622 Pransus
4102 2578 4249 2623 sum
4305 2557 4677 2642 frugaliter:

2727 2663 2767 2706 a
2805 2641 3081 2724 prandio
3127 2642 3289 2707 duas
3334 2663 3655 2726 syncopas
3706 2663 3852 2708 sum
3907 2663 4158 2725 passus.
4263 2642 4675 2727 Frequentes

2727 2726 2959 2792 deinde
3002 2729 3398 2814 paroxysmi,
3443 2727 3556 2792 sed
3600 2728 3868 2794 incertis
3914 2728 4112 2808 horis,
4166 2729 4261 2793 ita
4303 2735 4379 2793 ut
4420 2736 4671 2794 certam

2722 2812 2998 2878 formam
3040 2814 3240 2878 febris
3284 2812 3802 2878 animadvertere
3855 2834 3986 2879 non
4040 2834 4281 2896 posses.
4382 2815 4670 2879 Tantum

2724 2898 2978 2964 sudoris
3021 2909 3096 2963 ut
3139 2898 3477 2964 culcitram
3512 2899 3648 2963 fere
3683 2905 3888 2964 totam
3923 2899 4372 2966 madefaceret.
4439 2897 4668 2981 Quum

2724 2985 2899 3051 hunc
2956 2987 3026 3049 in
3083 2984 3348 3049 modum
3409 2992 3755 3064 tractaret,
3823 2993 4151 3051 venerunt
4203 2993 4356 3050 tuae
4414 2985 4663 3052 literae.

2723 3071 3008 3135 Tantum
3052 3070 3277 3135 aberat
3310 3069 3468 3153 quin
3503 3090 3754 3152 possem
3793 3072 4062 3154 exsequi
4097 3070 4265 3154 quod
4289 3070 4665 3151 mandabas,

2722 3166 2797 3221 ut
2819 3164 2950 3220 tres
2974 3177 3210 3239 passus
3233 3155 3594 3239 aegerrime
3616 3157 4015 3222 conficerem.
4083 3154 4399 3232 Tandem,
4441 3155 4665 3239 quale-

2722 3261 2976 3325 cunque
3017 3240 3179 3304 illud
3225 3261 3432 3323 genus
3474 3241 3686 3306 morbi
3728 3242 3954 3321 fuerit,
4011 3262 4400 3307 conversum
4449 3249 4550 3307 est
4591 3241 4663 3306 in

2721 3327 2954 3391 febrim
3009 3328 3388 3405 tertianam,
3448 3347 3615 3409 quae
3673 3326 3961 3410 primum
4013 3348 4194 3393 acres
4247 3327 4476 3392 habuit
4537 3327 4661 3392 im-

2722 3421 2931 3495 petus,
2968 3411 3083 3477 sed
3118 3412 3307 3477 tertio
3343 3432 3737 3497 paroxysmo
3772 3413 4040 3477 remisit.
4105 3412 4362 3477 Habuit
4397 3412 4662 3496 quidem

2720 3508 2945 3581 postea
2987 3518 3184 3562 unam
3230 3497 3338 3562 vel
3373 3497 3647 3563 alteram
3683 3499 4133 3576 accessionem,
4179 3498 4294 3562 sed
4328 3518 4493 3580 quae
4527 3519 4662 3564 non

2719 3583 3146 3650 inclementer
3200 3604 3306 3648 me
3363 3591 3649 3648 vexaret.
3749 3581 3974 3664 Quum
4029 3582 4427 3649 revalescere
4497 3585 4662 3650 inei-

2719 3690 2971 3752 perem,
3029 3670 3155 3733 iam
3212 3676 3469 3751 tempus
3533 3669 3972 3752 praeterierat.
4076 3668 4372 3733 Necdum
4439 3677 4665 3736 tamen

2721 3755 2893 3820 vires
2949 3753 3412 3838 recollegeram
3469 3775 3635 3837 quae
3689 3755 3906 3819 itineri
3951 3754 4345 3818 sufficerent.
4434 3754 4662 3836 Quan-

2720 3861 2913 3924 quam
2959 3839 3081 3905 hoc
3123 3840 3395 3904 minime
3428 3839 3771 3922 impedivit
3808 3838 4153 3922 quominus
4190 3840 4372 3904 velut
4407 3841 4663 3924 integer

2720 3934 2786 3990 et
2828 3924 3041 3989 adhuc
3083 3935 3447 4007 opportuno
3491 3934 3780 4008 tempore
3816 3946 3963 3989 eum
4005 3923 4300 4005 Capitone
4319 3933 4385 3990 et
4408 3925 4661 3992 Bucero

2720 4010 3172 4088 deliberarem,
3228 4009 3383 4092 quid
3434 4012 3606 4075 factu
3660 4030 3826 4092 opus
3883 4018 4069 4075 esset.
4171 4010 4262 4075 Et
4318 4012 4389 4074 in
4444 4011 4659 4076 medio

2717 4097 2943 4161 morbo
2987 4117 3119 4160 non
3157 4093 3475 4160 desieram
3508 4095 3824 4161 Bueerum
3859 4096 4186 4173 obtestari,
4233 4103 4309 4160 ut
4342 4096 4448 4160 vel
4482 4096 4662 4162 solus

2717 4181 2933 4265 potius
2964 4182 3497 4263 proficisceretur,
3535 4202 3619 4245 ne
3647 4202 3831 4265 spem
3857 4181 3976 4247 tibi
4012 4179 4230 4245 datam
4267 4181 4657 4248 falleremus.

2717 4267 2887 4350 Ipse,
2935 4267 3190 4330 tametsi
3235 4268 3781 4350 propensissimus
3838 4277 3979 4331 erat
4031 4267 4112 4331 ad
4170 4267 4658 4350 exsequendum

2717 4352 2885 4437 quod
2943 4359 3299 4435 receperat,
3366 4352 3649 4418 malebat
3707 4361 3929 4416 tamen
3994 4373 4099 4416 me
4165 4353 4288 4417 sibi
4357 4354 4657 4420 comitem

2717 4439 3091 4504 adiunctum
3118 4459 3277 4503 esse.
3343 4437 3571 4522 Neque
3612 4439 3828 4520 ipsum
3873 4447 4329 4519 permoverant
4378 4439 4660 4522 Grynaei

2718 4524 2964 4602 literae,
3009 4523 3244 4605 quibus
3284 4523 3496 4605 ipsum
3557 4522 4051 4600 dehortabatur,
4111 4533 4442 4606 utcunque
4496 4544 4658 4589 ven-

2715 4618 2939 4676 turum
2984 4630 3053 4673 se
3097 4609 3446 4678 nobiscum,
3474 4617 3807 4684 assereret,
3855 4608 3914 4673 si
3955 4628 4377 4692 pergeremus
4434 4609 4503 4673 in
4559 4609 4658 4674 di-

2714 4716 2905 4761 verso
2948 4693 3229 4760 consilio.
3319 4693 3536 4771 Quum
3598 4693 3810 4759 adhuc
3862 4715 3956 4772 ea,
4013 4714 4207 4776 quam
4251 4694 4416 4771 dixi,
4476 4692 4657 4761 debi-

2715 4782 2900 4846 litate
2945 4780 3279 4846 confectus
3323 4800 3550 4854 essem,
3598 4801 3763 4844 uxor
3815 4799 3959 4843 mea
4000 4781 4070 4844 in
4114 4780 4363 4845 febrem
4404 4780 4654 4860 incidit,

2715 4889 2755 4932 a
2814 4886 2941 4949 qua
3010 4885 3183 4929 nunc
3247 4863 3510 4928 demum
3572 4865 3803 4947 incipit
3864 4866 4113 4944 sanari,
4180 4865 4374 4948 idque
4447 4865 4656 4932 altero

2715 4952 2902 5017 malo.
2991 4949 3135 5013 Iam
3193 4950 3367 5014 enim
3421 4959 3565 5013 octo
3609 4949 3746 5014 dies
3789 4949 3883 5014 ita
3936 4951 4145 5016 crebis
4189 4952 4654 5017 vomitionibus

2715 5049 2780 5103 et
2821 5037 2954 5100 alvi
2997 5035 3313 5117 profluvio
3356 5033 3674 5099 exhausta
3717 5045 3842 5112 est,
3902 5044 3976 5100 ut
4028 5035 4377 5103 difficulter
4417 5057 4652 5121 eorpus

2715 5145 2751 5188 e
2792 5122 2960 5188 lecto
3004 5120 3275 5185 attollat.

2719 5246 2836 5254 .—--—-

2919 5308 2977 5372 2)
3017 5306 3180 5361 Hane
3213 5313 3262 5361 et
3291 5307 3465 5372 filium
3500 5306 3616 5358 eius
3650 5307 3891 5361 habuisti
3922 5324 4096 5376 supra
4135 5308 4207 5361 N.
4243 5306 4347 5361 236
4380 5309 4441 5362 in
4471 5309 4595 5376 fine.
