5050 6167
697 467 817 529 139

691 650 981 716 tionibus
1015 650 1245 730 coacti,
1279 661 1636 733 coeperunt
1674 649 1878 716 ordiri
1916 671 2160 717 novam
2194 649 2426 715 telam:
2471 649 2641 714 For-

689 736 937 802 mulam
979 736 1327 802 iuramenti
1356 736 1786 820 protulerunt,
1830 758 1960 820 qua
1984 736 2215 802 volunt
2234 735 2643 820 obstringere

687 823 992 889 notarios.
1082 823 1248 887 Erat
1291 829 1510 887 autem
1552 820 1712 888 adeo
1754 823 1997 906 iniqua,
2042 833 2117 887 ut
2160 843 2199 886 a
2242 822 2483 887 nostris
2524 820 2641 885 ad-

689 907 865 973 mitti
906 929 1044 974 non
1082 907 1394 973 debuerit.
1482 908 1711 992 Neque
1753 916 1979 974 tamen
2030 907 2371 990 impetrari
2426 906 2643 990 potuit

690 1003 765 1060 ut
820 995 1270 1060 remitteretur
1323 993 1618 1078 apiculus
1668 1015 1856 1059 unus.
1954 993 2047 1058 Et
2101 1000 2201 1058 est
2243 1013 2399 1058 sane
2444 1013 2640 1058 causa

688 1103 806 1149 cur
852 1081 951 1146 illi
1008 1080 1161 1146 boni
1215 1080 1342 1146 viri
1396 1101 1541 1145 eam
1596 1080 1690 1145 sic
1742 1077 2073 1145 mordicus
2127 1086 2412 1144 teneant.
2512 1078 2641 1143 Est

688 1167 864 1233 enim
909 1166 1042 1232 illic
1084 1174 1377 1244 cautum,
1437 1173 1516 1230 ut
1559 1175 1705 1231 acta
1746 1165 2237 1248 supprimantur
2281 1173 2349 1229 et
2380 1164 2640 1229 nemini

684 1252 1064 1318 mortalium
1107 1251 1685 1331 communicentur,
1730 1251 1860 1315 nisi
1908 1248 2185 1316 Caesari.
2275 1249 2377 1315 Ne
2412 1257 2639 1314 tamen

686 1359 949 1404 omnem
1005 1357 1190 1421 spem
1238 1335 1643 1420 praecidant,
1711 1336 2162 1419 exceptionem
2217 1334 2496 1412 addunt,
2564 1343 2640 1400 ut

685 1424 965 1491 edantur
1006 1444 1085 1488 ea
1129 1422 1423 1506 partibus
1465 1443 1630 1507 quae
1672 1422 1799 1506 ipsi
1834 1422 2226 1487 censuerint.
2315 1418 2637 1486 Videmus

684 1509 845 1594 quid
897 1517 1332 1592 aucupentur,
1388 1529 1623 1592 nempe
1666 1519 1758 1586 ut,
1818 1528 2019 1592 quum
2062 1507 2215 1572 irati
2258 1507 2414 1573 hinc
2461 1507 2636 1572 abie-

684 1596 912 1673 rimus,
956 1593 1277 1660 invidiam
1332 1615 1452 1660 suo
1505 1615 1686 1659 more
1743 1595 1812 1657 in
1856 1613 1976 1659 nos
2032 1592 2248 1676 aliquo
2293 1600 2637 1676 praetextu

685 1679 1007 1747 derivant.
1097 1678 1484 1747 Cedendum
1526 1701 1682 1765 ergo
1725 1681 1851 1745 erit
1864 1730 1878 1756 ,
1938 1679 2069 1744 uisi
2110 1678 2412 1744 volumus
2454 1698 2637 1744 occa-

683 1767 935 1833 sionem
956 1765 1270 1850 praebere
1295 1766 1378 1832 iis
1413 1766 1525 1850 qui
1561 1772 1845 1849 captant.
1922 1764 2147 1848 Atqui,
2189 1784 2339 1829 meo
2372 1763 2635 1848 quidem

682 1851 921 1918 iudicio
938 1904 953 1930 ,
1007 1852 1105 1917 ita
1157 1852 1371 1937 magis
1423 1873 1494 1917 se
1549 1850 1724 1934 apud
1779 1871 2008 1916 omnes
2067 1849 2268 1917 bonos
2308 1849 2631 1934 iugulant.

682 1938 911 2021 Neque
978 1938 1155 2003 enim
1223 1936 1628 2003 dubitabitur
1689 1936 1878 2003 cuius
1941 1936 2373 2001 conscientiae
2438 1935 2637 2000 fuerit

680 2045 800 2108 pro
846 2025 1008 2089 actis
1024 2027 1116 2102 ⁸⁰)
1158 2022 1638 2109 supprimendis
1661 2032 2001 2106 tantopere
2021 2021 2369 2088 laborasse.
2436 2020 2635 2087 Certe

681 2110 810 2176 nisi
868 2129 1103 2176 causae
1153 2118 1415 2175 nostrae
1474 2108 1751 2176 bonitati
1793 2105 2289 2185 confideremus,
2344 2127 2477 2172 non
2520 2128 2634 2172 cu-

681 2217 987 2281 peremus
1029 2196 1250 2261 omnia
1291 2194 1640 2280 publicari;
1701 2201 1768 2259 et
1821 2193 1950 2260 nisi
2003 2192 2100 2257 illi
2153 2192 2367 2259 lucem
2420 2192 2635 2274 ¹refor-

680 2281 1040 2358 midarent,
1098 2302 1230 2346 non
1286 2282 1408 2347 hoc
1462 2280 1859 2365 refugerent.
1955 2277 2208 2344 Vereor
2262 2290 2485 2342 tamen
2530 2298 2634 2356 ne,

680 2369 797 2434 ubi
831 2367 975 2433 istis
1008 2366 1365 2450 praeludiis
1399 2366 1794 2440 vellicati⁸¹)
1828 2365 2165 2440 fuerimus,
2205 2362 2471 2428 tandem
2494 2363 2636 2429 sine

683 2454 1040 2519 certamine
1083 2452 1508 2517 dimittamur.
1597 2449 1906 2532 Quantus
1948 2450 2244 2515 omnium
2289 2449 2396 2514 hic
2439 2450 2632 2526 risus,

681 2548 909 2624 putas,
974 2537 1394 2616 excitabitur,
1454 2537 1511 2601 si
1566 2545 1793 2602 tantus
1847 2544 2199 2619 apparatus
2253 2536 2325 2600 in
2374 2536 2632 2600 fumum

681 2626 1038 2691 evanuerit.
1129 2624 1379 2689 Verum
1423 2621 1578 2705 quid
1622 2622 1680 2687 si
1724 2621 2068 2700 Dominus,
2112 2620 2295 2686 elusa
2341 2620 2636 2686 humana

725 2708 1114 2788 rovidentia,
1160 2730 1323 2792 opus
1366 2729 1561 2774 suum
1624 2706 1780 2772 velit
1834 2727 2177 2790 peragere,
2241 2712 2308 2771 et
2349 2717 2490 2772 arte
2531 2707 2634 2770 in-

676 2733 1055 2880 dustriaque
1110 2807 1335 2861 nostra
1390 2816 1523 2859 non
1586 2791 1882 2858 adhibita
1896 2844 1911 2870 ,
1974 2801 2385 2876 prosternere
2447 2791 2637 2857 verbi

677 2884 782 2948 sui
818 2879 1273 2947 adversarios?
1340 2880 1533 2945 Bona
1566 2879 1771 2962 igitur
1812 2878 2214 2943 conscientia
2256 2879 2461 2943 simus
2482 2899 2635 2944 con-

675 2969 864 3048 tenti,
909 2987 1126 3050 neque
1166 2967 1317 3050 plus
1360 2977 1764 3049 appetamus,
1809 2984 2007 3047 quam
2049 2974 2126 3028 ut
2167 2962 2249 3028 ab
2282 2964 2425 3030 eius
2458 2971 2634 3028 nutu

677 3054 982 3138 suspensi
1061 3060 1323 3118 tantum
1398 3071 1670 3136 agamus
1747 3056 2067 3133 quantum
2146 3048 2258 3115 ille
2334 3048 2635 3115 voluerit.

676 3137 858 3207 Sane
875 3190 892 3218 ,
960 3145 1282 3222 quantum
1339 3136 1424 3202 ad
1477 3156 1600 3202 nos
1657 3134 1925 3214 attinet,
1990 3156 2125 3200 non
2178 3156 2409 3201 sumus
2473 3135 2635 3201 adeo

676 3222 1141 3303 formidabiles,
1185 3223 1318 3289 nisi
1360 3222 1692 3288 Dominus
1742 3222 1884 3305 ipse
1942 3227 2261 3287 terrorem
2305 3241 2381 3288 ac
2431 3221 2635 3305 trepi-

678 3309 1013 3376 dationem
1056 3309 1359 3375 hostibus
1402 3307 1645 3373 nostris
1687 3307 2027 3373 incuteret.
2093 3305 2169 3372 Si
2192 3306 2635 3374 conserendae

675 3404 875 3462 erunt
927 3415 1194 3474 manus,
1257 3393 1439 3459 Phili
1672 3393 1886 3476 primo
1947 3391 2090 3459 loco
2153 3394 2357 3460 verba
2418 3394 2632 3472 faciet,

673 3501 804 3565 quo
847 3479 1016 3545 nihil
1058 3501 1348 3564 unquam
1391 3479 1462 3544 vi
1513 3479 1527 3492 ‘
1575 3477 1925 3544 cordatius.
2002 3477 2197 3544 Alius
2229 3487 2332 3545 est
2370 3481 2634 3564 penitus

674 3587 874 3652 quam
916 3566 1136 3631 fuerat
1178 3573 1329 3631 ante
1373 3584 1582 3630 annos
1623 3571 1935 3647 quatuor:
1979 3585 2194 3649 neque
2228 3573 2450 3631 tamen
2483 3587 2631 3632 mu-

672 3652 843 3719 tavit
881 3651 1300 3733 sententiam,
1343 3649 1459 3717 sed
1493 3649 1715 3726 animo
1748 3650 1959 3717 factus
1994 3657 2095 3715 est
2129 3653 2629 3731 confirmatiore,

671 3737 1229 3822 quemadmodum
1279 3738 1419 3820 ipse
1474 3735 1660 3816 dicit,
1718 3735 1890 3820 quod
1941 3735 2113 3802 vidit
2167 3758 2290 3803 sua
2333 3737 2632 3805 modera-

672 3824 853 3889 tione
894 3823 1065 3888 nihil
1107 3844 1178 3888 se
1220 3824 1535 3907 proficere
1558 3821 1736 3906 apud
1757 3842 1866 3889 eos
1888 3823 2126 3906 quibus
2148 3823 2631 3890 lucrifaciendis

670 3909 967 3975 intentus
1009 3917 1168 3974 erat.
1261 3907 1338 3974 Si
1381 3907 1641 3974 audires
1685 3906 2023 3974 dimidiam
2067 3909 2319 3987 horam,
2379 3917 2444 3975 te
2482 3910 2630 3994 plu·

670 3994 916 4061 rimum
991 3994 1409 4060 exhilararet.
1514 3993 1799 4078 Reliqua
1850 3994 2131 4061 scribam
2186 4016 2390 4078 quum
2433 3995 2632 4062 fuerit

876 4217 971 4282 30)
1007 4218 1129 4272 aliis
1164 4223 1231 4272 Δ.

872 4286 967 4354 31)
1006 4303 1113 4342 νοω
1147 4287 1333 4343 dubia.

2242 459 2767 529 EPISTOLAE
2813 463 3149 528 268—271

4578 472 4701 535 140

2745 656 3207 821 ἓῖἑὲἓῗιέῧιω.
3276 653 3444 719 Vale
3466 654 3729 738 optime,
3766 656 4190 740 integerrime
4212 668 4282 723 et
4302 657 4696 724 amicissime

3648 1064 3795 1133 26⁹.

2984 1200 3108 1265 LE
3153 1184 3456 1268 SENAT
3499 1203 3627 1268 DE
3670 1203 3985 1270 BERNE
4030 1205 4094 1270 A
4136 1203 4442 1270 vtum.

2917 1369 3306 1438 Formis-sion
3380 1374 3667 1440 accordee
3745 1396 3835 1442 au
3890 1380 4155 1455 pasteur
4212 1375 4286 1441 de
4351 1374 4696 1441 Lausanne

2740 1454 3073 1538 d’acoepter
3115 1456 3178 1522 la
3217 1460 3495 1525 vocation
3535 1460 3646 1526 des
3696 1459 4015 1527 Genevois.

2846 1627 3135 1695 (Archives
3170 1629 3239 1682 de
3275 1630 3472 1684 Berne.
3545 1630 3760 1685 Welscb
3796 1631 4182 1686 Missiv-Buch.
4218 1632 4284 1686 B.
4318 1632 4407 1685 fol.
4447 1630 4589 1699 228).

2794 1816 2859 1882 A
2899 1815 3257 1883 honor-able
3303 1817 3452 1883 doct
3494 1828 3716 1885 nostre
3762 1820 4067 1887 tresaime
4109 1818 4381 1887 maistre
4423 1820 4639 1904 pierre

3186 1904 3359 1970 viret
3401 1905 3742 1988 predicant
3782 1905 3862 1972 de
3906 1906 4243 1972 lausanae.

2910 2036 2974 2102 N
2975 2047 3149 2103 ostre
3204 2040 3482 2105 amiable
3533 2041 3880 2107 salutation
3938 2041 4182 2107 devant
4233 2042 4413 2107 mise.
4482 2043 4691 2109 hono-

2741 2122 2921 2188 rable
2986 2122 3135 2189 doct
3198 2125 3527 2191 tresaime.
3636 2127 3732 2192 Ilz
3809 2148 3976 2193 nous
4057 2135 4176 2192 ont
4248 2148 4413 2195 nous
4493 2127 4691 2195 Gom-

2739 2207 3107 2293 bourgeoys
3152 2207 3232 2274 de
3276 2210 3551 2277 Gencve
3595 2221 3898 2296 requeste
3943 2222 4010 2278 et
4051 2214 4195 2296 prie
4230 2235 4356 2298 que
4393 2215 4569 2280 feust
4612 2214 4693 2281 de

2739 2303 2963 2360 nostre
3005 2294 3233 2379 plaisir
3276 2295 3356 2361 de
3399 2296 3545 2362 leur
3586 2299 3797 2364 oultro
3846 2320 3920 2364 er
3955 2298 4034 2364 de
4057 2320 4220 2365 vous
4241 2307 4694 2384 transpourter

2741 2401 2857 2446 ver
2891 2380 3045 2446 eulx
3087 2401 3252 2463 pour
3296 2403 3435 2467 ung
3486 2403 3716 2467 espace
3817 2406 3853 2450 e
3909 2392 4088 2467 temp
4145 2384 4290 2450 leur
4330 2405 4585 2452 anunce
4628 2387 4695 2451 la

2739 2465 2986 2551 parolle
3042 2465 3122 2531 de
3166 2465 3374 2547 dieuz,
3420 2478 3727 2552 esperant
3767 2491 3895 2553 que
3937 2492 4058 2554 par
4100 2491 4173 2536 ce
4215 2491 4456 2558 moyen
4498 2472 4692 2537 lhon-

2738 2573 2906 2617 neur
2948 2551 3028 2616 de
3072 2550 3259 2618 dieuz
3303 2554 3503 2620 seroit
3556 2576 3805 2621 avance
3862 2563 3929 2621 et
3969 2556 4297 2640 plusieurs
4347 2555 4691 2625 desordres

2740 2646 2928 2702 entre
2996 2637 3150 2703 eulx
3225 2639 3531 2705 rabillies.
3659 2641 3795 2706 Sur
3873 2662 3947 2707 ce
4011 2641 4342 2708 desierans
4408 2664 4693 2710 avancer

2738 2722 3069 2789 lhonneur
3135 2722 3214 2789 de
3279 2722 3456 2791 Dieu
3531 2735 3599 2790 et
3661 2728 4029 2793 chrestiene
4093 2727 4419 2793 honestite
4485 2751 4692 2796 avons

2738 2807 2996 2875 advises
3053 2809 3134 2875 de
3188 2810 3333 2876 leur
3385 2812 3736 2895 complaire
3788 2835 3870 2878 en
3926 2833 4000 2878 ce
4053 2813 4331 2878 endroit.
4420 2815 4514 2880 Et
4569 2835 4693 2899 par

2738 2897 2930 2980 ainsy
2974 2915 3014 2959 a
3055 2916 3220 2962 vous
3262 2895 3475 2963 donne
3518 2897 3579 2962 le
3622 2899 3852 2984 choisy
3895 2898 3983 2983 dy
4027 2919 4190 2965 vous
4233 2907 4692 2983 transpourter

2738 3002 2817 3065 sy
2884 3001 3045 3047 vous
3117 2989 3217 3047 est
3271 2983 3334 3047 lo
3381 2983 3546 3049 sible
3602 2994 3669 3049 et
3719 2984 4023 3069 agreable
4091 2992 4158 3049 et
4210 3007 4256 3069 y
4315 2984 4695 3053 desmourer

2736 3087 2856 3150 par
2897 3066 3152 3150 lespace
3195 3067 3277 3134 de
3368 3069 3381 3084 '
3460 3069 3517 3135 'e
3569 3089 3655 3135 an
3711 3091 3798 3135 ou
3853 3069 3933 3137 de
3975 3069 4039 3136 le
4079 3069 4378 3152 reffuser,
4429 3071 4693 3158 dequoy

2736 3173 3222 3305 {outzmaffiz‘sm
3236 3173 3370 3307 pal}
3420 3176 3527 3222 ces
3552 3165 3938 3308 bpresentes
3989 3156 4300 3309 tgouxllsiez
4377 3156 4689 3226 advertit.

2806 3259 2846 3304 a
3223 3259 3265 3304 a
3373 3261 3550 3309 ecem
3595 3263 3686 3309 ris
3731 3263 3906 3308 anno
3951 3262 3987 3307 e
4058 3291 4073 3308 .
4192 3291 4208 3308 .

3703 3360 3871 3428 Lad.
3916 3370 3987 3428 et
4027 3361 4103 3430 C.
4149 3360 4232 3428 de
4273 3362 4512 3431 Berne.

2735 3669 3214 3739 subm-iptiom:
3257 3667 3512 3723 Oalvlnus
3548 3670 3694 3736 (οὐκ
3719 3671 4154 3794 praestemus&
4192 3670 4319 3727 Im
4353 3671 4422 3726 de
4459 3670 4690 3730 Oak-'m

2734 3737 3523 3889 mmmm&
3546 3753 3785 3889 m..
3819 3822 3998 3863 Μ,
4041 3753 4236 3864 ...⁸¹3
4273 3741 4531 3892 affl
4566 3740 4689 3866 π

2733 3876 2801 3930 ⁶⁶
2833 3890 2960 3930 Μ
2991 3874 3806 4025 Μωτιεᾝςπῖε
3836 3877 4219 4028 mm
4240 3878 4420 4013 ‘m‘
4451 3877 4692 4003 ‘ms

2745 4014 2941 4067 Verum
2963 4012 3093 4093 hunc
3121 4017 3284 4093 eham
3301 4012 3370 4067 de
3397 4013 3559 4095 rebus
3581 4012 3982 4097 Gmevenst'bus
4016 4021 4336 4139 senza-sset.
4388 4016 4585 4071 Poma
4605 4016 4688 4141 gr‘

2729 4080 3343 4231 {mam
3359 4087 3609 4217 m?
3625 4083 4083 4272 egam
4116 4100 4265 4209 ...⁶¹¹2
4292 4086 4684 4223 m

2729 4218 2909 4300 ίΙιοοιρε
2941 4218 3020 4274 ad
3054 4218 3442 4300 Neocomemss
3473 4218 3560 4275 26.
3595 4218 3716 4276 Dec
3800 4220 3921 4276 540.
3996 4220 4156 4291 corp.
4308 4258 4326 4276 .
4362 4221 4488 4277 111.
4528 4221 4685 4278 1249.

2734 4284 3008 4357 Sor-optan-
3041 4287 3312 4343 eredmus
3346 4305 3413 4342 m.
3453 4287 3589 4344 Dec.
3624 4296 3886 4359 veo-pente.
