5050 6167
687 433 807 500 591

686 624 762 689 in
817 619 1124 688 ecclesiae
1164 617 1680 685 aedificationem
1722 616 1948 683 sedulo
2011 615 2324 682 laborate.
2412 615 2628 681 Adhi-

685 709 915 776 beatur
966 705 1166 771 etiam
1224 704 1307 770 ad
1360 705 1637 770 istarum
1692 701 2038 770 lectionem
2095 701 2422 767 Dominus
2461 702 2630 768 Ber-

685 793 1025 870 nardintae,
1082 791 1186 857 cui
1251 790 1604 875 plurimam
1673 789 1953 855 salutem
2005 809 2153 854 meo
2209 796 2276 853 et
2322 786 2553 853 Pirrhi
2578 792 2628 866 ¹)

681 878 948 945 nomine
992 876 1238 944 dicetis.
1313 875 1609 943 Salutate
1652 895 1879 940 omnes
1920 875 2080 957 pios.
2140 874 2469 939 Dominus
2516 895 2632 940 vos

683 964 919 1049 spiritu
962 984 1080 1029 suo
1122 983 1380 1045 semper
1420 962 1760 1045 gubernet,
1804 968 1881 1025 ut
1924 981 2075 1026 cum
2108 961 2325 1026 fructu
2357 960 2459 1025 illi
2494 980 2631 1026 ser·

682 1048 1414 1133 viatis.A1-gentorati
1456 1046 1768 1114 Calendis
1809 1045 1984 1111 Iulii.

1610 1182 1930 1249 Oalvinus
1971 1182 2175 1248 frater
2215 1188 2454 1248 vester.

1575 1642 1733 1716 486.

865 1784 989 1850 LE
1034 1767 1337 1850 sENAT
1379 1780 1508 1850 DE
1544 1767 1930 1851 GENEVE
1976 1782 2031 1845 A
2075 1780 2446 1849 oALvm.

856 1952 1099 2021 Amase
1150 1954 1227 2020 de
1276 1953 1578 2038 reception
1628 1955 1706 2021 de
1765 1976 1842 2022 sa
1897 1955 2069 2021 lettre
2120 1955 2199 2021 de
2258 1952 2635 2039 Strasbomy

685 2061 833 2109 aveo
861 2040 1080 2122 priere
1119 2040 1194 2106 de
1235 2041 1480 2105 revenir
1509 2041 1623 2106 des
1655 2041 1807 2123 qu'il
1840 2042 2078 2107 verrait
2109 2060 2229 2124 que
2262 2060 2340 2106 sa
2371 2040 2635 2106 mission

685 2126 1042 2192 echouerait
1079 2125 1569 2207 definitivement.
1649 2125 1760 2191 En
1802 2126 2120 2193 attendant
2175 2126 2269 2193 les
2311 2126 2512 2191 lettres
2557 2127 2635 2192 de

686 2210 882 2279 Farel
923 2216 1125 2278 contre
1171 2208 1388 2279 Caroli
1428 2216 1568 2278 sont
1605 2211 1827 2278 livrees
1870 2212 1913 2277 ὰ
1945 2211 2379 2296 l’impression.

691 2381 1075 2453 (Autographe
1107 2382 1178 2436 de
1211 2383 1266 2436 la
1299 2381 1673 2452 bibliotheque
1708 2382 1777 2436 de
1812 2380 2048 2437 Geu‘eve.
2106 2381 2240 2437 Ood.
2267 2379 2384 2447 145,
2411 2381 2500 2436 fol.
2518 2380 2633 2448 39.)

681 2571 1027 2638 Mousieur
1067 2568 1305 2637 Oalvin
1344 2577 1564 2722 nogge
1573 2569 1909 2721 brgiinistre
1943 2576 2163 2637 estant
2204 2590 2244 2635 a
2282 2578 2552 2654 present
2594 2593 2635 2637 a

1534 2677 1574 2721 a
1656 2675 1798 2739 urg.

854 2791 1215 2871 Monsieur,
1269 2803 1432 2857 nous
1488 2791 1822 2877 amyables
1864 2792 2253 2860 salutatione
2294 2794 2631 2879 premises,

679 2899 849 2947 nous
890 2878 1149 2943 havons
1202 2896 1393 2943 receu
1445 2897 1569 2962 par
1621 2886 1842 2943 nostre
1875 2877 2155 2944 herauld
2200 2888 2424 2946 vostre
2465 2880 2633 2946 letre

681 2962 1015 3031 ensemble
1055 2963 1124 3028 la
1163 2961 1438 3030 seconde
1489 2963 1733 3046 epistre
1788 2964 1870 3030 de
1918 2975 2207 3051 maystre
2252 2965 2632 3034 Guillaume

680 3049 883 3117 Farel
922 3056 991 3114 et
1031 3068 1341 3132 responce
1376 3047 1458 3114 de
1496 3047 1712 3115 Caroli
1737 3051 1788 3124 ¹)
1833 3049 2089 3137 dequoy
2132 3073 2252 3118 voz
2284 3053 2628 3120 mercions.

682 3136 779 3204 Et
841 3154 1063 3201 sumes
1122 3141 1294 3201 estes
1350 3133 1502 3200 bien
1565 3134 1814 3201 ioieulx
1877 3134 1960 3202 de
2015 3157 2328 3222 scavoyre
2384 3138 2466 3204 de
2507 3160 2630 3205 voz

677 3220 991 3298 novellos,
1049 3240 1215 3287 vous
1269 3221 1489 3302 priant
1538 3241 1666 3304 que
1723 3222 1781 3287 si
1834 3243 1918 3289 ne
1974 3220 2137 3288 allez
2193 3244 2234 3288 a
2276 3223 2457 3289 Metz
2500 3246 2630 3309 que

677 3307 746 3376 le
785 3305 936 3389 plus
981 3302 1152 3370 brief
1175 3305 1313 3389 quil
1347 3325 1513 3371 vous
1552 3326 1701 3372 sera
1733 3308 2019 3391 possible
2051 3328 2176 3374 voz
2215 3330 2302 3374 en
2335 3331 2628 3390 revenes,

677 3410 1091 3560 Ξὲῗέἕιεὲἓθ
1131 3390 1557 3562 ῗὲζῗέεεῖξέ
1574 3393 2631 3567 335355353325113301032

678 3562 858 3630 Dieu
900 3562 1012 3646 qui
1054 3561 1292 3628 fussies
1336 3583 1499 3647 aoye
1555 3572 1782 3632 contre
1837 3564 2035 3633 ledict
2072 3565 2286 3633 Caroli
2323 3588 2409 3633 ne
2443 3568 2629 3635 voul-

679 3648 929 3733 dryons
983 3647 1130 3713 rien
1185 3647 1582 3733 espaignyer
1635 3648 1717 3716 de
1768 3659 1993 3718 nostre
2048 3660 2225 3721 coste
2266 3652 2350 3718 de
2392 3655 2631 3720 rendre

677 3741 905 3802 nostre
949 3733 1279 3818 debvoyre
1322 3754 1408 3798 en
1453 3733 1544 3799 tel
1568 3735 1768 3803 affere
1789 3738 1980 3823 ainsy
2014 3738 2150 3822 quil
2185 3759 2335 3805 sera
2368 3760 2628 3807 necees-

676 3821 868 3888 saire.
913 3820 1007 3885 Et
1039 3839 1209 3902 pour
1240 3818 1497 3884 aultant
1529 3841 1654 3903 que
1697 3822 1951 3889 havons
1994 3825 2282 3891 entendu
2322 3824 2419 3927 les
2463 3826 2628 3893 bons

673 3904 1950 4077 3⁰„31{¹;³132⁰J⁰5n¹‡z¹22535023{3ss{
1988 3922 2209 4063 Ἑῗιιέ
2247 3910 2629 4063 Ῑὲθᾝίιῗὲ

672 4083 825 4161 part
879 4095 1118 4143 envers
1174 4075 1329 4141 eulx
1371 4077 1507 4143 fere
1551 4100 1715 4146 nous
1758 4080 2092 4166 amyables
2134 4084 2626 4149 recommanda-

672 4163 847 4229 tione
890 4181 1177 4244 avecque
1228 4161 1324 4227 les
1367 4166 1863 4232 remerciacions
1898 4178 1965 4233 et
2007 4170 2274 4235 reoffres
2308 4171 2623 4254 oppgegss)

671 4246 859 4316 Nous
900 4246 1154 4313 havons
1195 4246 1574 4332 deslyvrees
1617 4251 1881 4334 lespitre
1916 4256 2303 4322 susrelatees
2340 4279 2380 4323 a
2411 4259 2626 4324 Iehan

677 4333 931 4401 OErard
981 4352 1154 4416 pour
1204 4333 1390 4399 icelle
1442 4337 1809 4419 imprimer,
1833 4342 1891 4411 8)
1947 4353 2276 4407 comment
2330 4351 2625 4428 maystre

676 4418 1042 4487 Guillawme
1075 4426 1278 4503 avoyt
1309 4421 1579 4504 escript;
1614 4423 1901 4508 aulquell
1922 4424 2004 4490 de
2041 4435 2264 4495 nostre
2285 4437 2435 4514 part
2453 4430 2625 4496 feres

706 4706 840 4768 485.
883 4708 934 4769 1)
970 4705 1097 4762 Hoc
1127 4711 1348 4765 nostine
1379 4710 1570 4779 ipsum
1606 4711 1893 4766 Farellmn
1925 4714 2094 4769 ioman·
2125 4716 2617 4780 mpicatmsson-

670 4781 850 4831 naus.
920 4776 1034 4831 Sed
1065 4794 1172 4847 quo
1209 4786 1381 4848 pacto
1423 4780 1527 4834 tali
1571 4784 2111 4850 commentatae*-
2151 4785 2460 4852 familiares
2498 4787 2616 4853 for-

669 4845 842 4900 tassis
873 4850 1083 4904 mutato
1116 4848 1208 4902 hie
1239 4850 1327 4904 uti
1358 4850 1634 4918 potm‘sset
1678 4850 1756 4904 ad
1799 4852 2028 4920 collegas
2072 4855 2333 4923 ecnhens,
2380 4857 2619 4911 maxime

669 4929 842 4984 quam
877 4915 1043 4994 ‘modo
1093 4918 1250 4973 aliud
1294 4924 1345 4973 et
1378 4919 1678 4988 proprium
1721 4922 2043 4989 astu-parit,
2089 4939 2194 4977 nos
2238 4924 2457 4993 quidem
2500 4942 2618 4981 non

889 5000 1028 5038 mm.

706 5052 839 5112 480.
878 5053 932 5120 1)
969 5054 1046 5108 N.
1083 5054 1430 5109 481et470.
1484 5056 2617 5132 Dumoinenousneeonnaieeonspae

664 5119 886 5178 Caum
917 5121 1146 5191 repense
1180 5124 1248 5177 de
1287 5123 1488 5178 Caroli.

871 5190 932 5255 2)
971 5192 1135 5247 Nous
1181 5207 1414 5262 croyons
1469 5193 1660 5250 devoir
1711 5196 1814 5251 lire
1865 5196 2018 5252 ainsi
2073 5215 2183 5253 ane
2233 5200 2615 5257 abbreviation

664 5264 971 5315 metuent
1002 5261 1410 5327 indeohiffrable
1446 5266 1847 5333 (opportunos).

872 5328 934 5393 3)
973 5327 1118 5385 O'eet
1148 5331 1208 5385 la
1240 5331 1505 5386 broehure
1539 5332 1739 5389 demite
1771 5352 1851 5389 aa
1891 5335 1952 5390 T.
1987 5335 2100 5391 IX.
2175 5336 2389 5407 Prdeq.
2419 5355 2485 5407 p.
2521 5339 2611 5394 65.

2232 426 2761 497 EPISTOLAE
2804 432 3145 496 485-488

4561 436 4685 501 592

2734 638 2898 684 nous
2940 616 3598 685 recommandacions.
3653 618 3745 684 Et
3785 640 3899 684 sur
3940 638 4015 685 ce
4056 640 4307 706 pryons
4326 618 4506 687 Dieu
4549 622 4687 708 quil

2733 723 2853 771 voz
2897 724 3228 771 conserve.
3318 704 3562 770 Actum
3605 706 3674 788 xj
3721 703 3874 769 Iull.
3928 709 4109 771 1543.

3464 841 3600 908 Les
3645 839 3875 907 Scindi
3956 862 4071 907 ues
4115 850 4185 908 et
4227 842 4513 930 Oonseyl

3769 925 3850 992 de
4000 948 4184 996 neve.

2905 1062 3092 1128 Nous
3136 1083 3252 1128 voz
3296 1081 3634 1148 envoyons
3677 1084 3800 1147 par
3843 1071 4066 1130 nostre
4109 1062 4209 1129 dit
4249 1064 4531 1132 heraulx
4566 1066 4683 1134 dix

2735 1167 2922 1229 escus
2978 1148 3161 1232 soley
3216 1168 3384 1231 pour
3440 1149 3787 1233 satisfayre
3829 1170 3870 1214 a
3911 1170 4029 1215 voz
4074 1148 4372 1233 despens.
4457 1152 4687 1233 Quant

2736 1252 2777 1296 a
2821 1252 2894 1299 ce
2950 1255 3075 1317 que
3141 1233 3396 1318 havyes
3468 1233 3805 1319 deslyvres
3871 1233 4055 1300 audit
4122 1243 4343 1302 nostre
4406 1239 4686 1305 heraulx

2735 1318 2902 1384 cella
2942 1318 3059 1404 luy
3100 1325 3203 1385 est
3244 1326 3380 1385 este
3422 1319 3638 1405 laysse
3682 1326 3749 1385 et
3783 1319 4043 1387 tiendra
4076 1328 4331 1405 compte
4367 1344 4688 1409 avecques

2735 1423 2916 1470 vous.

3641 1795 3796 1871 487.

2923 1930 3353 1999 MINIS'PRI
3396 1932 4012 2003 GENEVENSES
4058 1936 4496 2006 OALVINO.

2914 2101 3306 2170 Praemissis
3345 2106 3823 2186 praemittendis
3863 2126 3931 2174 se
3970 2107 4043 2172 in
4096 2107 4325 2191 officiis
4380 2110 4525 2176 sais
4580 2130 4691 2177 ea>-

2737 2190 3066 2271 sequendis
3107 2189 3320 2255 sedulo
3348 2210 3750 2271 perseverare
3801 2191 4157 2277 affirmant.-
4210 2199 4344 2259 tum
4387 2196 4693 2278 plumbus

2737 2279 3011 2341 narrant
3072 2275 3229 2357 quid
3290 2281 3495 2340 actum
3556 2276 3642 2342 sit
3701 2297 3842 2344 oum
3907 2276 4141 2346 Senatu
4203 2279 4277 2345 de
4339 2283 4694 2348 summario

2738 2361 3006 2511 ΨΜ
3047 2360 3362 2513 imag.
3408 2362 3576 2443 quod
3608 2362 3955 2448 Boyssetus
3994 2365 4109 2430 sub
4147 2363 4399 2432 Calvini
4439 2367 4692 2436 nomine

2880 2467 2913 2511 e
2954 2447 3107 2512 inst‘
3308 2497 3323 2510 .

2928 2617 3039 2684 (Ex
3075 2616 3389 2687 apographo
3422 2617 3566 2673 Bibl.
3602 2619 3777 2675 Paris.
3812 2619 4013 2691 Dupuy
4049 2619 4166 2690 102,
4200 2621 4292 2677 fol.
4330 2621 4477 2691 106.)

2737 2804 2974 2872 Gratia
3004 2812 3072 2872 et
3101 2826 3234 2890 pax
3269 2827 3311 2871 a
3344 2805 3487 2873 Deo
3522 2813 3707 2891 patre
3708 2814 3813 2960 neg,
3843 2808 3928 2876 D.
3949 2808 4107 2876 Iesu
4131 2809 4401 2878 Ohristo
4423 2811 4692 2881 domino

3587 2914 3707 2960 nos
3814 2943 3829 2959 .

2907 3027 3302 3112 Recepimus
3336 3036 3484 3095 tuas
3515 3027 3740 3096 literas
3770 3030 3820 3116 ¹)
3864 3031 4099 3115 quibus
4133 3031 4300 3098 nihil
4334 3033 4692 3103 iucundius

2735 3113 2925 3180 nobis
2961 3114 3251 3180 accidere
3281 3116 3509 3197 potuit,
3554 3134 3631 3180 eo
3674 3116 3963 3183 maxime
4005 3118 4178 3200 quod
4221 3118 4303 3184 de
4345 3126 4462 3184 tua
4503 3121 4689 3188 vale-

2735 3199 2966 3265 tudine
3007 3221 3131 3266 nos
3169 3197 3526 3267 reddideris
3570 3202 3894 3268 certiores.
3992 3202 4087 3268 Et
4128 3204 4403 3283 utinam,
4448 3212 4526 3270 ut
4571 3227 4690 3292 op-

2734 3294 2969 3364 tamus,
3014 3306 3272 3369 semper
3314 3285 3478 3352 bene
3522 3286 3759 3353 valeas.
3846 3288 3912 3353 N
3913 3305 4001 3352 on
4058 3309 4402 3372 possumus
4456 3297 4686 3359 tamen

2735 3392 2866 3436 non
2899 3371 3277 3439 contristari
3311 3391 3390 3436 ea
3429 3392 3514 3436 ex
3549 3380 3735 3456 parte
3769 3373 3943 3458 quod
3977 3373 4060 3439 ad
4094 3374 4373 3460 gloriam
4406 3376 4687 3444 Domini

2736 3458 2990 3535 attinet,
3047 3476 3254 3541 quum
3310 3457 3754 3524 intelleximus
3815 3480 3923 3525 res
3985 3479 4119 3525 non
4184 3459 4530 3529 succedere
4600 3483 4687 3529 ex

2734 3543 2940 3608 animi
2974 3542 3316 3608 sententia.
3402 3543 3468 3608 N
3470 3563 3543 3610 ec
3577 3552 3923 3627 propterea
3955 3547 4198 3630 coeptis
4232 3545 4686 3615 desistendum

2732 3636 3061 3712 putamus.
3151 3625 3338 3694 Solet
3380 3629 3557 3693 enim
3599 3628 3805 3708 Deus,
3855 3651 4060 3714 quum
4097 3652 4262 3716 opus
4305 3654 4501 3699 suum
4540 3636 4685 3720 agi-

2732 3721 2861 3794 tur,
2899 3721 3061 3781 tunc
3095 3713 3308 3798 magis
3344 3711 3569 3780 adesse
3601 3714 3714 3780 ubi
3749 3718 3970 3782 omnia
3993 3715 4301 3784 videntur
4342 3718 4685 3803 deplorata

2732 3807 2801 3865 et
2842 3800 3040 3865 simul
3084 3799 3442 3882 desperata,
3496 3820 3573 3865 eo
3615 3801 3695 3866 fit
3736 3808 3812 3866 ut
3854 3803 4284 3870 confiteamur
4324 3826 4461 3870 non
4524 3827 4683 3874 nos-

2731 3893 2836 3950 tra
2878 3884 2993 3951 sed
3039 3883 3310 3950 Domini
3353 3906 3557 3950 manu
3600 3907 3959 3971 superasse.

2903 3969 3136 4050 Quoad
3198 3968 3266 4034 id
3330 3969 3505 4054 quod
3556 3970 3841 4039 hortaris
3898 3993 4017 4039 nos
4070 3973 4151 4039 ad
4208 3974 4431 4043 sedulo
4485 3997 4683 4044 exse-

2732 4055 3056 4140 quendam
3133 4057 3533 4122 functionem
3607 4065 3900 4124 nostram
3915 4110 3930 4137 ,
4012 4058 4327 4126 hactenus
4402 4062 4683 4146 quilibet

2729 4151 3029 4208 nostrum
3071 4161 3191 4225 pro
3235 4141 3484 4207 viribus
3537 4144 3760 4209 enisus
3817 4152 3919 4208 est
3971 4152 4048 4209 ut
4097 4147 4481 4232 fungeretur
4535 4151 4680 4215 suis

2777 4226 3055 4293 artibus:
3114 4247 3308 4292 nemo
3357 4235 3459 4293 est
3500 4229 3615 4311 qui
3656 4228 4093 4314 subterfugiat
4136 4253 4176 4297 a
4217 4253 4336 4299 suo
4379 4254 4675 4301 munere.

2768 4320 2836 4378 ta
2876 4320 3162 4396 praestet
3193 4312 3380 4379 nobis
3413 4314 3739 4380 Dominus
3772 4314 3845 4378 in
3880 4315 4176 4381 futurum
4210 4317 4372 4384 bene
4407 4341 4678 4404 pascere

2728 4419 2886 4464 oves
2939 4399 3129 4464 nobis
3176 4397 3473 4465 creditas.
3562 4399 3746 4464 Nihil
3803 4402 4224 4467 immutatum
4290 4413 4391 4470 est
4453 4424 4494 4470 a
4559 4413 4678 4472 tua

2728 4484 3054 4551 absentia:
3119 4486 3575 4569 prosequimur
3629 4487 3937 4552 continuo
3992 4498 4257 4555 nostras
4314 4511 4675 4578 congrega-

2727 4572 2942 4636 tiones
2994 4578 3423 4653 nostrumque
3476 4571 3707 4636 forum.
3727 4571 3784 4656 2)
3868 4572 3953 4637 In
4011 4595 4270 4640 summa
4324 4576 4508 4642 nulla
4564 4599 4675 4644 res

2723 4656 3271 4739 praetermittitur
3312 4676 3479 4739 quae
3520 4665 3767 4739 spectet
3809 4657 3890 4722 ad
3948 4660 4451 4728 ecclesiasticam
4506 4663 4673 4746 poli-

2722 4742 2888 4806 tiam
2930 4739 3011 4807 de
3054 4742 3135 4805 iis
3178 4762 3343 4824 quae
3386 4741 3688 4807 ordinata
3729 4741 4048 4826 reliquisti
4091 4745 4295 4813 nobis.
4383 4748 4671 4814 Proinde

2723 4826 2904 4892 dabit
2945 4826 3271 4892 Dominus
3306 4827 3380 4891 in
3414 4825 3734 4907 omnibus,
3780 4834 3858 4893 ut
3898 4850 4253 4913 speramus,
4297 4853 4670 4901 successum

2720 4913 3059 4997 optimum.
3148 4912 3328 4977 Hinc
3377 4920 3552 4978 certo
3595 4912 3762 4978 scias
3806 4934 3937 4979 non
3982 4937 4125 4982 esse
4167 4922 4539 5003 quempiam
4582 4941 4669 4984 ex

2756 5133 2883 5195 487.
2925 5133 2983 5199 1)
3021 5133 3099 5187 N.
3134 5131 3255 5186 486.

2924 5202 2985 5265 2)
3023 5203 3238 5257 Forum
3271 5201 3467 5256 dicunt
3498 5203 3816 5259 consistorio
4182 5207 4447 5263 edm.
4518 5209 4663 5264 Gon-

2716 5273 3203 5353 areyationesvcro
3222 5271 3689 5327 ministros-mnae
3911 5276 3922 5287 '
4135 5276 4663 5349 theoloyioisdiaepu·

2717 5346 2958 5396 mmm
2991 5345 3191 5408 coam,
3228 5341 3464 5409 simis
3496 5276 4319 5402 mmmmm-om
4351 5349 4521 5404 κιών
