5050 6167
536 432 663 496 817

533 616 802 696 ordinis,
837 617 1293 685 ministrorum
1325 625 1397 685 et
1432 618 1852 704 collegarum,
1889 640 2017 704 quo
2049 619 2199 687 illes
2240 621 2496 706 praeire

534 705 750 789 magis
791 715 861 769 et
902 702 1284 787 praelucere
1338 706 1614 772 caeteris
1661 705 1733 771 in
1777 706 1959 772 omni
1999 727 2241 792 genere
2285 708 2495 773 virtu-

533 799 677 857 tum
712 797 781 857 et
813 790 1173 856 officiorum
1204 811 1469 857 necesse
1506 801 1625 870 est,
1660 812 1934 875 eamque
1968 791 2493 872 sollicitudinem,

536 886 615 944 ιιι
655 875 945 943 studiose
995 876 1200 941 etiam
1253 877 1621 962 inquirant,
1680 879 1734 944 si
1782 879 1928 961 quis
1970 879 2378 958 infirmetur,
2435 879 2494 944 si

537 963 685 1047 quis
729 960 980 1046 aliquid
1022 964 1324 1045 peccarit,
1374 973 1493 1028 aut
1532 963 1604 1029 in
1647 963 1937 1047 periculo
1979 964 2231 1048 peceati
2274 985 2495 1030 verse-

535 1057 668 1127 tur,
712 1049 769 1114 si
811 1049 882 1112 in
921 1048 1133 1114 officio
1184 1068 1306 1113 suo
1347 1058 1573 1115 cesset.
1660 1048 1830 1132 Quis
1883 1052 2060 1115 enim
2116 1059 2303 1132 pater
2357 1071 2494 1116 nen

532 1134 633 1201 ita
672 1133 964 1218 inquirat
1018 1132 1100 1200 de
1142 1134 1327 1213 filiis,
1381 1154 1550 1217 quae
1595 1136 1823 1200 nutrix
1879 1155 2015 1200 nen
2069 1132 2152 1201 de
2207 1135 2493 1202 alumnis

536 1217 719 1289 suis?
808 1218 1015 1302 Atqui
1070 1219 1294 1286 nullus
1346 1227 1563 1304 pater,
1629 1220 1816 1287 nulla
1868 1231 2110 1298 mater,
2169 1220 2355 1286 nulla
2411 1222 2493 1287 de

534 1306 712 1374 natis
755 1313 824 1370 et
855 1305 1213 1370 infantibus
1248 1305 1406 1385 suis,
1440 1305 1625 1372 nulla
1656 1308 1883 1373 nutrix
1919 1304 2001 1372 de
2034 1306 2320 1373 alumnis
2355 1309 2494 1374 suis

535 1392 631 1459 ita
691 1399 919 1475 potest
982 1390 1260 1458 sollicite
1325 1392 1659 1474 inquirere
1728 1400 1806 1457 ut
1871 1414 1980 1458 res
2038 1393 2304 1459 illorum
2373 1393 2493 1459 ha-

534 1478 754 1556 beant,
813 1475 970 1559 quid
1026 1476 1325 1556 valeant,
1386 1478 1543 1561 quid
1600 1478 1873 1561 periculi
1939 1479 2344 1563 impendeat,
2416 1487 2496 1546 ut

533 1561 606 1632 id
638 1563 898 1639 fratres,
942 1568 1021 1627 ut
1052 1563 1349 1629 membra
1381 1565 1451 1629 in
1476 1563 1745 1631 Christe
1787 1563 1991 1644 decet,
2047 1565 2246 1631 etiam
2292 1586 2493 1650 quae-

533 1648 714 1730 libet,
760 1647 1006 1714 nedum
1046 1649 1392 1733 primaria,
1455 1649 1554 1714 uti
1605 1660 1764 1717 sunt
1808 1650 2231 1717 ecclesiarum
2274 1661 2493 1736 pasto-

535 1757 661 1803 res.
750 1734 845 1800 Et
905 1734 1214 1817 quoniam
1273 1756 1467 1800 nemo
1525 1756 1656 1801 non
1712 1735 1959 1802 cerebri
1978 1787 1994 1817 ,
2069 1759 2204 1804 non
2259 1737 2493 1816 cordis,

535 1843 674 1889 non
713 1819 1055 1887 oculorum
1111 1820 1428 1885 maiorem
1484 1829 1674 1907 gerat
1727 1821 2233 1889 sollicitudinem
2292 1845 2494 1909 quam

536 1905 988 1975 musculorum
1053 1904 1164 1972 vel
1219 1903 1609 1990 digitorum,
1695 1907 1933 1990 quibus
2008 1908 2205 1977 laesis
2269 1918 2494 1978 tamen

535 2014 675 2061 non
717 1993 815 2059 ita
857 2012 1098 2076 magno
1140 2012 1380 2076 eorpus
1412 1992 1826 2059 incommodo
1869 1994 2171 2074 afficitur,
2213 1996 2308 2063 ita
2391 1998 2496 2063 uis

534 2087 755 2147 rectae
796 2076 950 2144 fidei
993 2098 1129 2143 non
1263 2086 1492 2144 noscat
1545 2078 1881 2145 ministros
1929 2080 2240 2148 ecclesiae
2390 2104 2494 2149 em

535 2163 1045 2233 sollicitudiuem
1103 2169 1174 2229 et
1259 2185 1296 2230 e
1348 2185 1419 2230 se
1472 2165 1632 2247 ipsis
1674 2165 1957 2232 invicem
2000 2166 2495 2251 inquisitionem

535 2249 920 2334 cumprimis
964 2247 1227 2326 debere,
1273 2258 1351 2315 ut
1392 2248 1627 2333 quibus
1668 2252 2075 2319 cessantibus
2118 2261 2377 2319 tantum
2425 2255 2496 2319 in

534 2358 659 2405 sua
698 2337 1052 2413 functione,
1098 2336 1339 2401 nedum
1373 2345 1605 2403 eontra
1637 2358 1785 2403 eam
1819 2338 2238 2421 peccantibus
2282 2348 2495 2405 totum

535 2442 777 2506 eorpus
818 2421 1148 2501 eeclesiae,
1189 2442 1429 2507 eorpus
1453 2420 1724 2502 Christi,
1767 2421 1937 2489 laedi
1974 2425 2267 2509 graviter
2306 2445 2497 2509 oper-

536 2515 695 2576 teat.
762 2507 902 2575 Nec
947 2515 1127 2574 certe
1169 2506 1528 2573 verendum
1568 2515 1645 2574 ut
1686 2509 1851 2577 haee
1892 2518 2126 2578 mutua
2163 2510 2497 2595 inquisitio

543 2602 614 2662 et
677 2614 838 2660 cura
900 2591 1149 2676 aliquid
1212 2592 1681 2674 incommodet,
1748 2595 1862 2661 ubi
1923 2615 2005 2661 ea
2067 2596 2244 2662 inter
2306 2617 2498 2663 veros

538 2679 798 2749 Christi
835 2678 1175 2745 ministros
1228 2687 1591 2746 exercetur.
1692 2679 1861 2761 Quis
1912 2682 2093 2747 enim
2133 2682 2372 2748 vivens
2425 2682 2497 2747 in

540 2768 814 2836 caritate
855 2775 924 2831 et
965 2786 1125 2831 vera
1156 2765 1602 2831 membrorum
1623 2764 1876 2833 Christi
1911 2768 2500 2834 communicatione

541 2861 680 2920 tam
748 2850 1159 2936 praeclarum
1229 2872 1581 2935 germanae
1658 2852 1949 2919 caritatis
2012 2854 2299 2919 officium
2365 2874 2499 2919 non

669 2937 921 3004 tissime
976 2935 1198 3003 animo
1253 2935 1630 3020 exciperet?
1739 2937 1908 3021 Quis
1961 2938 2139 3005 enim
2197 2939 2322 3006 sibi
2379 2938 2501 3005 uni

542 3021 872 3092 sufficiat?
917 3021 1066 3106 quis
1107 3021 1177 3088 in
1221 3022 1360 3088 suis
1403 3020 1657 3089 delictis
1699 3032 1767 3089 et
1809 3023 2053 3090 morbis
2097 3045 2230 3090 non
2273 3045 2501 3092 caecu-

543 3108 670 3177 tit?
717 3108 865 3193 quis
906 3129 1043 3174 non
1086 3129 1167 3191 pe
1286 3107 1415 3172 tuis
1453 3109 1890 3175 monitoribus
1925 3119 1990 3175 et
2034 3108 2503 3179 excitatoribus

544 3193 844 3280 indiget?
934 3191 1012 3261 si
1056 3214 1200 3259 mor
1316 3191 1535 3275 aliquo
1577 3194 1685 3260 vel
1728 3195 2104 3261 calamitate
2146 3197 2506 3282 affligimur

547 3288 616 3349 et
654 3282 892 3348 fratres
925 3297 1049 3346 nos
1091 3278 1322 3346 solatio
1360 3277 1783 3362 inspectionis
1826 3289 1894 3346 et
1926 3280 2386 3350 admonitionis
2421 3281 2505 3349 de

546 3365 873 3445 remediis,
916 3365 972 3431 si
1015 3363 1172 3449 quid
1215 3364 1505 3449 possint,
1564 3361 1953 3444 destituant,
2011 3377 2189 3435 certe
2232 3389 2505 3436 excusa-

549 3454 796 3520 fionem
838 3450 1022 3517 illam
1066 3471 1201 3516 non
1236 3449 1619 3534 recipimus:
1664 3450 2049 3519 Nesciebam
2085 3461 2152 3519 te
2187 3453 2507 3536 laborare,

548 3537 935 3625 ignorabam
990 3544 1055 3602 te
1111 3538 1206 3602 ita
1261 3536 1490 3636 premi.
1592 3536 1766 3603 Eam
1822 3537 2100 3612 seilicet,
2150 3538 2505 3624 inquimus,

551 3644 778 3692 euram
813 3623 943 3689 mei
1033 3622 1185 3700 eris,
1229 3643 1325 3689 sic
1367 3642 1476 3688 me
1518 3643 1721 3700 amas,
1777 3630 1912 3687 tam
1956 3623 2232 3689 sollicite
2276 3624 2357 3690 de
2401 3646 2508 3691 me

552 3716 622 3778 et
662 3709 860 3776 rebus
902 3728 1068 3774 meis
1112 3706 1412 3791 inquiris.
1498 3708 1595 3774 At
1636 3708 1784 3792 quis
1838 3707 2147 3787 morbus,
2195 3728 2361 3792 quae
2403 3711 2507 3775 in-

550 3796 861 3874 firmitas,
939 3812 1108 3877 quae
1171 3792 1513 3861 calamitas
1579 3793 1847 3879 gravior
1922 3806 1990 3859 et
2065 3793 2507 3877 perniciosior,

550 3903 748 3968 quam
792 3879 1072 3946 detineri
1115 3887 1399 3963 peccato,
1455 3899 1651 3962 quam
1695 3899 1951 3946 cessare
1995 3880 2063 3945 in
2106 3880 2317 3946 officio
2359 3902 2510 3946 uos·

552 3975 689 4045 tro,
748 3986 947 4050 quam
989 3966 1204 4031 faeere
1257 3974 1489 4031 eontra
1540 3963 1877 4031 officium?
1966 3963 2106 4030 Sed
2148 3976 2398 4032 secreto
2443 3974 2512 4032 et

498 4057 511 4066 '
549 4052 864 4140 privatim
919 4052 1171 4117 moneri
1214 4051 1448 4117 fratres
1490 4048 1821 4117 Dominus
1873 4049 2072 4115 iubet.
2159 4051 2398 4130 Recte,
2454 4052 2512 4117 si

597 4138 707 4205 uid
752 4138 852 4205 illi
894 4147 1148 4205 secreto
1191 4145 1260 4204 et
1301 4137 1608 4221 privatim
1649 4136 1723 4201 in
1766 4147 1835 4200 te
1870 4136 2121 4203 scilieet
2161 4138 2511 4220 peccarint.

551 4160 738 4307 auid
779 4233 1004 4291 autem
1044 4222 1103 4288 si
1145 4224 1350 4288 frater
1392 4221 1687 4287 nondum
1732 4221 1997 4306 quidem
2240 4221 2351 4302 vit,
2397 4220 2513 4290 sed

553 4308 935 4396 impendeat
971 4310 1033 4375 ei
1067 4308 1429 4393 periculum
1471 4310 1740 4392 peccati,
1785 4305 1854 4373 id
1892 4328 2022 4390 quo
2101 4308 2246 4372 aliis
2280 4317 2513 4375 notum

554 4397 648 4465 sit
688 4395 810 4463 tibi
843 4404 1077 4461 notum
1113 4415 1250 4460 non
1282 4395 1386 4473 sit,
1433 4402 1551 4459 aut
1582 4415 1715 4460 non
1751 4414 1954 4476 aeque
1990 4391 2265 4459 notum?
2331 4392 2510 4476 Quid

553 4483 758 4550 etiam
812 4482 871 4548 si
926 4488 1268 4565 peccatum
1337 4480 1472 4546 iam
1530 4486 1665 4546 no'n
1722 4489 1982 4546 tantum
2032 4479 2105 4543 in
2160 4488 2257 4557 te,
2318 4490 2396 4544 ut
2436 4487 2513 4545 tu

553 4589 731 4636 unus
774 4567 918 4634 eius
974 4566 1275 4633 conscius
1314 4566 1441 4644 sis,
1496 4562 1611 4631 sed
1664 4566 1736 4630 in
1789 4563 2035 4631 multos
2087 4564 2513 4631 commissum

553 4656 661 4734 sit,
706 4653 834 4719 hoc
876 4659 998 4729 est,
1040 4652 1246 4717 etiam
1287 4651 1437 4717 aliis
1479 4651 1775 4730 consciis,
1820 4659 1889 4717 et
1927 4651 2153 4716 forsan
2187 4649 2337 4717 aliis
2371 4672 2514 4717 ma-

605 4740 659 4806 ‘s
701 4736 1021 4807 consciis?
1127 4737 1330 4822 Atqui
1391 4736 1521 4803 vim
1579 4737 1980 4821 singularem
2038 4736 2238 4803 habet
2290 4758 2513 4823 repre·

606 4825 792 4893 ensio
834 4844 1002 4908 quae
1046 4824 1122 4889 fit
1162 4843 1382 4890 coram
1436 4822 1750 4888 fratribus
1792 4821 2094 4889 omnibus
2136 4832 2204 4889 et
2245 4823 2327 4889 ab
2372 4845 2514 4890 om-

554 4912 771 4980 nibus.
861 4911 1088 4977 Nestis
1130 4909 1507 4993 exemplum
1540 4908 1733 4975 Pauli
1790 4908 2331 4992 reprehendentis
2385 4909 2514 4976 Pe-

557 5005 768 5076 trum,
827 5005 895 5062 et
934 5005 1355 5082 praeeeptum
1396 4994 1684 5061 iubentis
1724 4995 2048 5061 incestum
2094 4993 2513 5061 Corinthium

558 5082 891 5165 increpari
953 5082 1036 5148 ab
1099 5082 1424 5148 omnibus.
1512 5081 1688 5146 Item
1752 5090 2175 5165 praeceptum
2242 5083 2385 5148 eius
2430 5079 2515 5147 ad

556 5168 1001 5247 Timotheum,
1043 5166 1569 5252 reprehendendi
1604 5188 1716 5234 eos
1756 5168 1869 5251 qui
1909 5175 2267 5251 peccarunt
2293 5187 2516 5235 eoram

556 5254 882 5322 omnibus.
963 5254 1335 5321 ‘Latissime
1398 5261 1580 5338 patet
1631 5275 1791 5321 cura
1840 5252 1956 5318 illa
2003 5253 2349 5338 pastoralis
2401 5253 2516 5320 de·

556 5342 805 5425 scripta
845 5341 928 5408 ab
968 5339 1337 5418 Bacchide,
1378 5359 1693 5424 quaerere
1734 5339 1906 5424 qued
1949 5340 2161 5424 periit,
2203 5337 2517 5407 reducere

775 5441 999 5499 Caluini
1023 5457 1212 5513 opem.
1298 5442 1411 5499 Vol.
1448 5440 1556 5496 xl.

2241 433 2405 497 1544
2448 429 2858 504 DEOEMB.

4425 442 4556 509 818

2598 618 2770 704 qued
2812 618 3165 721 aberravit,
3222 619 3510 706 obligare
3549 622 3722 707 qued
3763 624 3963 711 fregit
4002 625 4270 711 aliquid,
4312 630 4556 696 conflr-

2599 706 4106 880 §¹35⁰.‘2⁰3311¹5¹⁵{?5⁰3¹2.3·3‘’.ffifgzztnqztd
4128 722 4552 866 itm-..2⁸53

2598 879 2836 943 fratres
2891 887 2960 944 et
3014 877 3098 943 ad
3146 879 3618 962 proficiendum
3673 902 3783 947 eos
3835 882 4189 962 incitandi,
4247 883 4330 950 eb
4388 907 4554 969 quas

2568 985 2828 1030 ,causus
2871 963 3025 1030 talis
3067 964 3141 1029 in
3184 965 3421 1031 fratres
3474 966 3768 1032 facienda
3821 969 3908 1034 sit
3962 970 4297 1052 inquisitio
4349 973 4554 1054 (quae

2597 1057 2820 1115 tamen
2876 1071 3115 1117 causac
3184 1050 3259 1115 in
3322 1050 3507 1117 nullo
3568 1052 3926 1136 quamlibet
3987 1063 4215 1123 saneto
4278 1056 4556 1141 collegio

2595 1157 2891 1219 unquam
2936 1135 3315 1217 defuerint),
3357 1146 3580 1202 tamen
3624 1159 3860 1205 causae
3902 1138 4165 1206 abunde
4207 1142 4368 1208 satis
4414 1144 4554 1208 fue-

2595 1221 2705 1299 rit,
2752 1240 2872 1286 eur
2913 1222 3132 1288 omitti
3175 1221 3326 1289 talis
3367 1223 3704 1308 inquisitio
3737 1246 3875 1291 non
3908 1227 4131 1309 possit,
4173 1228 4554 1311 comproba-

2594 1307 2689 1373 tio
2732 1307 2905 1373 sacri
2958 1307 3310 1373 ministerii
3363 1316 3433 1374 et
3481 1329 3871 1394 progressus
3913 1312 4298 1395 cuiusquam
4339 1314 4555 1379 mani-

2595 1393 2853 1459 festatio
2907 1403 3309 1477 mutuaeque
3351 1394 3644 1460 caritatis
3691 1416 3777 1461 ex
3832 1396 3958 1464 hoc
4011 1398 4222 1465 officio
4264 1399 4557 1466 caritatis

2596 1477 3051 1557 corroboratiO,
3087 1498 3255 1563 quae
3287 1480 3554 1545 omnino
3587 1482 3718 1548 ista
3758 1493 3991 1548 mutua
4023 1484 4443 1567 inquisitione
4482 1483 4557 1550 'et

2598 1563 3040 1631 admonitione
3074 1566 3433 1648 perficitur,
3469 1565 3839 1651 ubieunque
3873 1590 4180 1635 verorum
4219 1570 4555 1636 ministro·

2597 1672 2746 1716 rum
2791 1649 3045 1717 Christi
3085 1658 3310 1718 coetus
3352 1652 3497 1718 coit.
3565 1652 3836 1720 Ethnici
3871 1663 4096 1721 tamen
4139 1664 4556 1740 agnoverunt

2596 1734 2923 1802 eiusmodi
2963 1737 3034 1802 in
3078 1736 3322 1803 amicos
3363 1738 3854 1821 inquisitionem
3887 1747 3954 1805 et
3988 1750 4283 1807 mutuam
4328 1739 4556 1809 admo-

2599 1823 2915 1889 nitionem
2948 1844 3091 1889 esse
3124 1843 3480 1908 germanae
3521 1823 3847 1891 amicitiae
3882 1827 4220 1910 proprium
4256 1846 4332 1892 ae
4363 1848 4557 1911 prae-

2598 1910 2865 1993 cipuum
2921 1909 3229 1976 officium.
3318 1908 3540 1990 Quam
3591 1909 3938 1996 indignum
3991 1910 4198 1996 igitur
4250 1912 4340 1978 sit
4390 1911 4559 1980 illud

2599 1993 2847 2079 negligi
2892 1993 2975 2061 ab
3031 1996 3115 2061 iis
3159 1995 3272 2080 qui
3328 1996 3450 2062 soli
3508 2016 3735 2061 veram
3789 1997 4141 2063 amicitiam
4199 2007 4450 2065 norunt
4489 2007 4560 2065 et

2599 2079 2844 2159 colunt,
2890 2101 2932 2146 a
2971 2081 3386 2159 Christianis,
3445 2080 3976 2166 indignissimum
4022 2093 4244 2149 autem
4287 2104 4329 2149 a
4371 2082 4559 2151 duci-

2601 2167 2726 2232 bus
2767 2175 2836 2232 et
2876 2168 3211 2252 magistris
3256 2166 3817 2247 Christianorum,
3863 2179 3930 2233 et
3972 2177 4049 2234 ut
4090 2168 4163 2234 hi
4204 2169 4560 2254 singulari-

2599 2259 2701 2317 ter
2738 2272 2882 2318 sese
2923 2253 3205 2320 invicem
3250 2262 3628 2339 agnoscant,
3673 2273 3920 2337 suaque
3952 2254 4129 2320 inter
4171 2275 4243 2321 se
4285 2255 4563 2323 eoncilia

2648 2338 2864 2421 ropria
2907 2337 3211 2420 habeant,
3264 2360 3462 2405 nemo
3504 2362 3636 2407 non
3680 2338 4004 2407 dubitabit
4043 2361 4187 2406 esse
4228 2341 4300 2406 in
4345 2341 4561 2408 officio

2651 2424 2794 2490 uius
2836 2420 3103 2502 ordinis,
3149 2424 3262 2509 qui
3304 2424 3738 2492 considerarit
3768 2425 3893 2493 hoc
3926 2435 3995 2492 et
4023 2425 4398 2510 prophetas,
4442 2427 4563 2510 qui

2601 2530 2753 2575 suos
2797 2507 3160 2592 peculiares
3201 2510 3440 2578 choros
3483 2510 3833 2590 habebant,
3877 2520 3945 2579 et
3986 2512 4311 2595 apostolos
4354 2520 4556 2596 atque

2601 2596 3017 2680 presbyteros
3050 2596 3438 2677 apostolicos
3471 2605 3607 2663 tam
3644 2596 3936 2664 studiose
3971 2596 4373 2677 observasse,
4412 2607 4558 2663 tum

2600 2680 2891 2747 maxime
2932 2681 3296 2747 Dominum
3351 2683 3573 2767 ipsum
3627 2684 3918 2767 primum
3961 2683 4161 2749 huius
4203 2681 4563 2769 singularis

2602 2774 2672 2832 et
2708 2765 3016 2834 auctioris
3058 2767 3383 2833 societatis
3423 2768 3497 2833 in
3540 2768 3800 2836 Levitis
3842 2767 4217 2852 exemplum
4260 2780 4329 2834 et
4371 2788 4565 2853 prae-

2603 2862 2871 2935 ceptum
2913 2850 3190 2919 dedisse.
3279 2852 3670 2920 Cavendum
3727 2854 3937 2921 modis
3992 2854 4298 2920 omnibus
4339 2862 4442 2920 est
4485 2860 4566 2920 ιιι

2603 2937 2761 3003 cleri
2804 2945 2873 3003 et
2915 2937 3234 3006 laicorum
3273 2959 3355 3005 ea
3397 2936 3704 3006 discretio
3748 2942 3894 3018 fiat,
3946 2950 4024 3005 ut
4077 2940 4261 3007 laicis
4317 2936 4569 3024 aliquid

2605 3023 3037 3091 subtrahatur
3079 3023 3230 3091 doni
3277 3024 3531 3091 Christi
3573 3026 3763 3092 cuius
3805 3034 4046 3109 queant
4086 3045 4357 3110 capaces
4398 3045 4566 3106 esse,

2607 3119 2683 3177 ut
2734 3110 2875 3176 ulla
2926 3111 3008 3177 ab
3075 3111 3336 3177 actione
3394 3119 3463 3176 et
3515 3109 3758 3177 iudicio
3814 3112 4149 3192 ecclesiae,
4222 3111 4308 3179 ad
4364 3131 4568 3196 quam

2608 3204 2943 3280 praestare
2976 3195 3218 3281 aliquid
3257 3205 3545 3281 possunt,
3589 3198 4121 3277 submoveantur,
4163 3207 4241 3262 ut
4273 3199 4572 3264 fecerunt

2608 3282 3008 3348 antichristi:
3055 3304 3287 3350 rursus
3328 3291 3550 3349 autem
3573 3304 3653 3349 ea
3685 3283 3883 3350 etiam
3905 3291 4216 3350 caveatur
4234 3281 4392 3351 cleri
4414 3303 4571 3351 cum

2609 3368 2799 3452 plebe
2841 3368 3151 3446 confusio,
3194 3377 3270 3435 ut
3311 3389 3433 3453 per
3473 3368 3683 3452 plebis
3725 3369 4123 3453 imperitiam
4166 3369 4570 3452 affectusque

2611 3453 2962 3520 crassiores
3018 3455 3349 3521 exactiora
3412 3455 3865 3539 impediantur
3919 3455 3988 3520 in
4053 3453 4230 3521 clero
4295 3454 4570 3540 spirit-us

2610 3539 2823 3605 saneti
2865 3540 3134 3605 consilia
3174 3549 3242 3605 et
3296 3541 3707 3607 necessariae
3764 3539 3849 3606 de
3901 3539 4097 3606 rebus
4141 3540 4414 3607 Domini
4455 3537 4571 3605 de·

2608 3623 3029 3691 liberationes
3084 3635 3152 3690 et
3202 3623 3650 3692 iudicationes.
3751 3626 3836 3693 In
3889 3626 4078 3692 Actis
4132 3624 4438 3693 videmus
4491 3633 4571 3691 ιιι

2611 3712 2951 3796 graviores
3002 3729 3231 3777 causas
3283 3710 3564 3794 apostoli
3620 3733 3772 3778 eum
3843 3711 4209 3779 senioribus
4277 3712 4568 3797 primum

2611 3796 3034 3864 excutiebant
3098 3805 3455 3880 antequam
3523 3795 3608 3862 ad
3665 3797 3988 3882 reliquam
4048 3797 4390 3865 ecclesiam
4453 3818 4571 3865 eas

2613 3884 2960 3961 referrent,
3031 3888 3102 3947 et
3164 3882 3498 3949 habebant
3558 3891 3784 3949 tamen
3836 3882 4035 3969 longe
4077 3885 4570 3952 instructiorem

2615 3967 2846 4049 spiritu
2880 3967 3136 4051 plebem
3175 3989 3373 4053 quam
3407 3990 3584 4035 nunc
3628 3968 3961 4036 habemus.

2787 4050 3067 4119 Summa
3129 4062 3396 4121 nostrae
3455 4053 3610 4121 fidei
3654 4054 3737 4120 de
3801 4055 3927 4122 hac
3985 4054 4366 4137 quaestione
4428 4063 4563 4122 est:

2614 4137 2984 4222 quicunque
3023 4139 3245 4207 fratris
3279 4140 3386 4208 vel
3425 4141 3639 4224 ipsum
3674 4150 4017 4224 peccatum
4059 4139 4169 4207 vel
4204 4140 4570 4224 periculum

2615 4224 2814 4288 etiam
2867 4226 3117 4306 peccati
3170 4225 3497 4293 occultum
3541 4235 3969 4311 cognoverat,
4026 4226 4084 4292 is
4136 4226 4405 4291 fratrem
4460 4246 4567 4291 se-

2614 4316 2794 4374 creto
2838 4305 3186 4375 admoneat
3225 4320 3292 4377 et
3331 4313 3677 4379 instauret.
3764 4311 4042 4377 Interim
4100 4321 4353 4391 tamen,
4413 4310 4570 4395 quia

2618 4415 2748 4459 non
2791 4395 2953 4461 satis
2996 4393 3343 4461 observare
3384 4419 3503 4465 nos
3545 4399 3720 4482 ipsos
3763 4398 4042 4463 invicem
4086 4417 4456 4481 possumus,
4501 4406 4572 4463 et

2616 4488 2917 4546 nestrum
2959 4480 3400 4546 ministerium
3435 4492 3569 4549 tam
3612 4484 3822 4550 multa
3864 4484 4156 4567 requirit,
4204 4482 4574 4549 habeantur

2618 4565 2993 4649 tempestivi
3028 4577 3406 4645 cenventus,
3452 4569 3822 4650 inquiratur
3864 4579 4093 4635 exacte
4133 4569 4206 4635 in
4251 4570 4573 4654 singulos,

2617 4650 2906 4718 iudicent
2923 4651 3121 4718 etiam
3144 4651 3389 4738 singuli
3413 4653 3729 4737 quidquid
3754 4655 4138 4721 existiment
4157 4655 4227 4719 in
4253 4655 4571 4722 fratribus

2616 4735 3118 4817 emendandum,
3154 4736 3540 4804 adhibeatur
3560 4741 3875 4806 correctio
3897 4739 3979 4806 ab
3998 4741 4319 4817 omnibus,
4350 4740 4571 4806 vindi-

2616 4831 2800 4889 cetur
2831 4824 3032 4887 etiam
3063 4823 3509 4891 innocentium
3536 4825 3814 4890 fratrum
3833 4825 4249 4906 existimatio,
4272 4846 4573 4909 compro-

2615 4908 2807 4974 betur
2847 4909 3288 4975 ministerium
3324 4911 3633 4975 emnium.
3702 4908 3895 4992 Quod
3932 4919 4107 4976 certe
4142 4922 4372 4978 mutua
4404 4911 4573 4979 haee

2616 4994 2950 5078 inquisitio
3002 5003 3071 5060 et
3126 4994 3481 5060 admonitio
3535 4996 3818 5061 fratrum
3874 4996 4139 5080 egregie
4190 4996 4571 5080 praestabit,

2616 5079 2931 5165 siquidem
2976 5103 3064 5147 ex
3106 5082 3380 5148 caritate
3424 5102 3583 5147 vera
3625 5081 3849 5147 omnia
3889 5083 4071 5160 fiant,
4116 5103 4281 5165 quae
4321 5082 4575 5149 arcebit

2615 5188 2875 5232 omnem
2910 5175 2979 5231 et
3016 5166 3481 5233 contumeliam
3515 5175 3585 5232 et
3617 5167 4033 5245 calumniam,
4070 5169 4269 5233 etiam
4303 5189 4573 5236 omnem

2615 5252 3149 5337 intempestivam
3191 5253 3466 5319 fratrum
3511 5252 4090 5320 contristationem.
4157 5254 4249 5319 Et
4300 5255 4356 5320 si
4411 5253 4574 5337 quid

2617 5340 2836 5418 ctiam,
2881 5345 2961 5405 ut
3000 5339 3212 5406 multa
3252 5349 3353 5404 est
3393 5338 3690 5405 emnium
3731 5338 4113 5419 infirmitas,
4169 5339 4242 5405 in
4284 5339 4391 5407 his
4432 5361 4574 5408 non
