5050 6167
631 459 760 522 235

637 666 724 712 ex
760 644 968 710 literis
1011 642 1249 709 vestris
1275 644 1325 718 1)
1369 636 1762 715 audivimus,
1807 639 1888 704 ob
1931 636 1999 702 id
2042 639 2184 703 Deo
2220 635 2578 720 Opt.Max.

637 734 941 816 ingentes
1012 727 1264 812 agendo
1333 734 1400 790 et
1454 722 1681 789 laudes
1734 731 1801 788 et
1853 724 2117 807 gratias.
2226 723 2582 788 Praeterea

635 825 900 885 sanctae
957 824 1211 880 vestrae
1276 810 1575 892 petitioni
1627 830 1887 874 summa
1940 808 2397 874 benevolentia
2462 829 2580 872 an-

636 912 937 979 nuentes,
983 900 1207 965 amicis
1251 906 1319 963 et
1354 893 1821 963 confoederatis
1866 895 2109 960 nostris
2154 894 2581 977 praestantis-

633 989 821 1056 simis
864 982 1368 1069 Argentinensis
1425 990 1493 1046 et
1532 981 1888 1046 Beruensis
1943 980 2280 1045 civitatum
2324 999 2583 1043 summa

637 1072 980 1158 diligentia
1022 1067 1359 1137 scribendo
1401 1088 1511 1133 eos
1546 1077 1761 1131 oratos
1793 1064 2237 1148 habuimus,²)
2280 1073 2354 1129 ut
2387 1084 2584 1130 causa

635 1158 770 1227 Dei
813 1179 931 1241 pro
965 1156 1216 1222 meliori
1253 1153 1663 1236 reparatione
1704 1151 2012 1217 ecclesiae
2055 1162 2315 1217 vestrae
2358 1158 2582 1216 sancte

637 1243 990 1312 admodum
1044 1244 1175 1307 iam
1231 1239 1556 1305 desolatae
1598 1238 2115 1322 Argentinenses
2158 1257 2394 1317 nempe
2444 1234 2584 1303 Gal-

635 1330 856 1398 vinum
896 1329 1248 1405 remittere,
1293 1326 1662 1390 Beruenses
1713 1345 1869 1389 vero
1928 1322 2206 1387 Vir-etum
2249 1320 2418 1405 apud
2465 1342 2581 1387 vos

635 1416 855 1484 sinere
912 1414 1294 1497 dignentur,
1347 1418 1684 1495 sperantes
1740 1409 1906 1474 illud
1949 1407 2199 1475 Christi
2256 1430 2331 1474 ac
2372 1408 2583 1472 nostri

636 1502 855 1587 gratia
898 1500 1084 1566 nobis
1141 1506 1354 1563 vestro
1410 1497 1672 1561 nomine
1726 1516 1861 1561 non
1914 1504 2284 1578 negaturos.
2372 1493 2582 1557 Porro

639 1587 700 1654 si
744 1585 897 1670 quid
940 1583 1221 1667 amplius
1264 1604 1383 1667 pro
1417 1582 1666 1647 honore
1721 1603 1795 1647 ac
1851 1582 2020 1647 bono
2077 1589 2296 1645 vestro
2340 1581 2582 1662 poteri-

636 1694 806 1751 mus,
849 1682 1180 1756 promptos
1223 1691 1342 1735 nos
1385 1677 1451 1734 et
1484 1676 1746 1752 paratos
1782 1666 2101 1733 habebitis
2136 1665 2221 1730 ad
2256 1684 2582 1747 quaecun-

640 1778 771 1843 que
834 1755 1243 1841 bencplacita
1309 1755 1569 1820 amicos.
1678 1753 1864 1818 Deus
1931 1753 2265 1817 Maximus
2329 1772 2448 1816 vos
2512 1751 2585 1815 in

638 1853 864 1913 sancto
907 1842 1234 1927 proposito
1280 1850 1623 1906 conservet
1658 1846 1725 1903 et
1758 1837 1955 1903 fidem
1988 1839 2163 1922 piam
2198 1836 2585 1902 clementius

642 1939 896 2016 augeat.
954 1927 1207 1995 Valete.
1290 1927 1401 1992 Ex
1434 1925 1682 2009 Tiguro
1720 1925 1830 2008 vij.
1866 1924 2042 1990 Iunii
2078 1925 2274 1989 Anno
2325 1928 2504 1987 1541.

1305 2063 1553 2129 Consul
1598 2072 1665 2128 et
1708 2060 1995 2128 Senatus
2036 2061 2413 2146 Tigurinus.

1549 2559 1697 2630 321.

1131 2697 1602 2769 GALVINUS
1646 2694 2109 2764 FARELLO.

823 2873 1103 2940 Nunciat
1159 2873 1315 2957 quid
1359 2869 1739 2936 Ratisbonae
1791 2870 1860 2934 in
1901 2888 2097 2935 causa
2134 2867 2590 2950 Delphinatum

650 2964 858 3026 actum
889 2961 991 3037 sit,
1034 2960 1195 3024 satis
1234 2957 1470 3041 friyide
1511 2956 1581 3023 id
1622 2956 1871 3038 quidem
1923 2961 1981 3020 et
2035 2954 2399 3020 meticulose.
2486 2952 2591 3017 De

651 3046 874 3112 itinere
922 3044 1233 3110 Genevam
1274 3063 1490 3110 versus
1531 3042 1924 3123 suscipiendo
1964 3060 2159 3122 usque
2200 3040 2435 3123 cogitat.

647 3218 762 3282 (Ex
797 3214 1134 3285 autographo
1178 3214 1321 3267 Bibl.
1360 3213 1563 3269 Genev.
1612 3212 1744 3268 Ood.
1791 3210 1918 3275 106,
1968 3211 2058 3265 fol.
2092 3211 2179 3265 64.
2262 3212 2589 3282 Apographa

647 3291 867 3341 exstant
900 3285 955 3337 in
974 3282 1132 3337 Aroh.
1172 3283 1333 3336 Bern.
1359 3281 1737 3406 gssqbr'l'ffi
1760 3278 1961 3416 &0146
1996 3280 2108 3334 und
2148 3278 2244 3334 156
2275 3280 2408 3334 item
2441 3279 2587 3350 apud

644 3560 915 3646 Optimo
979 3569 1048 3623 et
1119 3556 1544 3640 integerrimo
1608 3557 1797 3621 fratri
1860 3577 2006 3621 meo
2077 3555 2257 3624 Guil.
2323 3555 2587 3623 Farello

806 3645 872 3711 N
873 3642 1273 3711 eocomensis
1315 3642 1624 3710 ecclesiae
1664 3643 1912 3726 pastori
1955 3641 2346 3713 fidelissimo.
2376 3645 2423 3721 ¹)

816 3783 1143 3867 Ignosces,
1199 3781 1291 3845 mi
1338 3777 1602 3859 Farelk,
1645 3779 1818 3862 quod
1862 3802 1992 3846 non
2036 3780 2264 3859 fusius,
2322 3787 2395 3846 ut
2432 3801 2587 3846 cau-

646 3890 761 3938 sae
817 3864 1198 3952 magnitudo
1258 3863 1519 3931 videtur
1560 3865 1919 3949 postulare,
1976 3867 2095 3931 tibi
2138 3866 2584 3951 respondeam.

645 3954 727 4024 Si
768 3957 1044 4020 nuncios
1101 3952 1489 4017 haberemus
1546 3949 1630 4016 ad
1672 3973 1972 4031 manum,
2033 3950 2437 4037 diligentiam
2485 3959 2587 4017 at-

689 4060 774 4107 ue
818 4036 1266 4105 assiduitatem
1315 4058 1531 4102 meam
1586 4036 1710 4103 hac
1766 4038 1837 4102 in
1879 4046 2064 4120 parte
2104 4039 2375 4103 minime
2418 4037 2587 4103 desi-

688 4146 924 4192 erares.
992 4120 1125 4190 Sed
1173 4121 1353 4189 vides
1391 4144 1509 4207 per
1550 4142 1711 4207 quas
1743 4143 1981 4191 manus
2023 4123 2185 4189 haec
2227 4132 2583 4190 transeant.

641 4212 1001 4295 Aliquanto
1069 4216 1415 4292 antequam
1484 4207 1713 4273 literae
1773 4215 1926 4274 tuae
1982 4209 2288 4275 venirent
2343 4231 2383 4274 a
2438 4209 2587 4275 Μα-

642 4299 817 4364 crim
841 4295 898 4380 ⁴²)
945 4293 1317 4360 admonitus
1372 4294 1738 4360 institeram
1792 4292 1967 4378 apud
2022 4302 2275 4362 nostros
2319 4304 2397 4360 ut
2438 4318 2587 4381 pre-

641 4383 828 4450 oibus
868 4379 1364 4446 intercederent.
1448 4378 1594 4444 Iam
1638 4378 1721 4445 ad
1764 4380 1892 4445 iter
1975 4390 2194 4449 aratus
2237 4391 2382 4447 erat
2414 4403 2587 4446 nun-

642 4467 803 4547 οἰῑιε,
848 4487 1047 4550 quum
1091 4467 1455 4530 afferuntur
1506 4464 1621 4531 illa
1674 4490 2091 4553 τραγιιωτερα.
2109 4470 2167 4551 ⁸)
2253 4469 2586 4534 Retexue-

644 4560 807 4621 runt
863 4571 1019 4635 ergo
1073 4550 1241 4633 quod
1285 4551 1681 4634 scripserant
1725 4560 1801 4617 ut
1840 4553 2265 4620 confessionis
2306 4555 2585 4620 mentio-

642 4659 803 4706 nem
844 4638 1224 4715 insererent,
1268 4656 1344 4701 ac
1386 4638 1770 4704 nominatim
1812 4649 2124 4721 peterent,
2172 4652 2246 4705 ut
2287 4640 2584 4705 eiuratio·

642 4725 752 4793 nis
816 4722 1166 4789 necessitas
1239 4723 1699 4788 remitteretur.
1807 4724 1971 4790 Plus
2048 4726 2385 4808 impetrari
2463 4728 2586 4793 hoc

673 4965 807 5030 m
844 4960 2528 5117 gwgeadflmmdmnpmnmmtiya.

681 5105 807 5167 821.
843 5105 903 5226 12)
934 5099 1675 5226 Fvassseffluff.h3⁸{5w²z'3⁸m
1708 5102 1760 5158 9.
1796 5105 1944 5160 Jumi
1988 5103 2138 5158 1541.

852 5177 915 5303 si
952 5239 1051 5295 Ex
1217 5237 1433 5293 mm.
1491 5239 1627 5294 Vide
1662 5241 1741 5298 N.
1775 5240 1897 5310 311,
1933 5243 2098 5298 maus
2129 5246 2379 5296 autom·
2411 5240 2586 5296 auum

640 5308 2312 5445 mgfflmmwm·dm'
2390 5309 2586 5379 Neque

2201 448 2727 516 EPISTOLAE
2775 452 3113 515 320—324

4497 454 4624 517 236
4679 420 4686 429 ’

2683 643 2976 719 tempore
3012 636 3193 702 nullo
3227 636 3418 702 modo
3454 637 3682 721 potuit.
3745 637 3917 703 Nam
3952 639 4300 722 quominus
4331 640 4629 723 πρεσβεία

2681 723 3004 801 mittatur,
3048 723 3115 787 id
3158 724 3373 806 ipsum
3416 723 3611 788 hodie
3655 744 3911 807 quoque
3954 723 4171 789 obstat
4211 723 4382 807 quod
4427 726 4629 809 impe-

2684 806 2971 873 dimento
3028 808 3215 874 nobis
3272 829 3413 875 esse
3468 817 3625 875 tunc
3668 807 4005 886 audiebas,
4064 830 4269 892 quum
4322 811 4394 874 in
4434 817 4624 893 prato

2685 892 2861 976 apud
2922 892 3300 978 Vangiones
3317 897 3378 970 ⁴)
3442 894 3977 978 colloqueremur.
4084 895 4232 959 Nisi
4294 916 4400 960 me
4460 894 4631 960 fallit

2685 979 3089 1056 coniectura,
3149 980 3332 1043 brevi
3386 980 3503 1045 fiet
3561 980 3779 1062 aliqua
3833 982 4185 1046 conversio.
4274 980 4404 1046 Illa
4445 1001 4629 1047 occa-

2684 1064 2868 1129 sione
2924 1064 3076 1129 data
3130 1071 3395 1131 strenue
3450 1064 3941 1149 advigilandum
3994 1067 4135 1131 erit.
4224 1066 4418 1133 Nunc
4459 1067 4630 1133 ferre

2684 1156 2938 1232 oportet
2980 1149 3153 1233 quod
3191 1149 3375 1215 Deus
3418 1149 3548 1216 dat.
3617 1153 3708 1215 Ac
3751 1173 3836 1216 ne
3879 1153 3949 1216 in
3993 1149 4331 1218 scribendo
4369 1150 4630 1234 quidem

2685 1235 2941 1317 sequuti
2981 1244 3137 1301 sunt
3189 1235 3360 1319 quod
3403 1236 3938 1304 consulueramus
3990 1258 4110 1318 ego
4153 1250 4220 1302 et
4267 1237 4627 1320 Philippus.

2684 1321 3160 1406 Exspectemus
3204 1343 3358 1406 ergo
3391 1322 3734 1405 paululum
3780 1321 3935 1388 dum
3979 1324 4078 1387 illi
4121 1323 4264 1406 ipsi,
4310 1324 4424 1406 qui
4465 1323 4628 1389 adeo

2683 1427 2860 1472 nunc
2914 1407 3276 1473 meticulosi
3333 1414 3491 1472 sunt
3538 1429 3623 1473 ne
3679 1429 3875 1492 quam
3932 1410 4255 1474 amicitiae
4308 1408 4628 1494 significa·

2685 1493 2932 1557 tionem
2953 1497 3215 1557 Βασιλεῖ
3252 1492 3466 1559 dando
3503 1492 3918 1579 Αὖτοκροῖτορα
3961 1494 4315 1573 offendant,
4360 1504 4628 1579 captent

2687 1587 2918 1662 sponte
2962 1578 3132 1662 quod
3169 1599 3345 1644 nunc
3377 1580 3590 1663 rogati
3624 1590 3958 1661 respuunt.
4025 1581 4170 1663 Ego
4212 1580 4375 1646 haec
4411 1580 4631 1646 omnia

2689 1684 2775 1728 ex
2829 1663 2961 1729 alto
3031 1685 3297 1730 securus
3366 1664 3764 1747 despicerem
3831 1666 3960 1731 nisi
4023 1666 4162 1749 pios
4219 1666 4626 1749 respicerem.

2687 1749 2918 1831 Itaque
2958 1750 3124 1814 mihi
3170 1751 3309 1834 ipse
3350 1750 3488 1815 vim
3529 1751 3694 1817 facio
3728 1759 3803 1816 ut
3835 1773 3941 1817 me
3976 1752 4045 1815 in
4089 1771 4319 1816 eorum
4356 1772 4631 1818 consue-

2689 1834 2987 1901 tudinem
3032 1837 3379 1913 insinuem,
3418 1857 3538 1920 per
3578 1859 3740 1919 quos
3784 1834 4093 1903 adiuvare
4120 1837 4267 1903 illos
4299 1857 4407 1902 me
4443 1858 4632 1921 posse

2690 1941 2943 2004 quoquo
2988 1922 3180 1986 modo
3222 1942 3429 2004 spero.
3518 1922 3771 1987 Verum
3816 1923 4039 1988 omnia
4073 1942 4308 1988 coram.
4376 1921 4483 1987 De
4519 1944 4633 1990 ve-

2690 2007 2819 2071 teri
2877 2015 3101 2071 nostra
3153 2008 3426 2073 ecclesia
3489 2015 3622 2073 stat
3683 2009 4045 2074 consilium.
4157 2007 4285 2074 Ubi
4347 2010 4635 2091 primum

2693 2091 2873 2157 fuero
2917 2093 3311 2177 explicatus,
3369 2100 3438 2157 et
3479 2093 3728 2179 collega
3783 2115 3854 2160 se
3909 2094 4265 2179 adiungere
4307 2094 4469 2159 mihi
4516 2114 4632 2162 vo-

2691 2176 2802 2255 let,
2822 2178 2881 2255 ὅ)
2927 2198 3003 2243 eo
3045 2197 3397 2244 accurram.
3487 2177 3613 2245 Sin
3671 2180 3751 2245 ab
3808 2179 3921 2245 illo
3964 2179 4317 2258 destituar,
4369 2180 4636 2247 veniam

2691 2272 2915 2327 tamen
2972 2264 3148 2330 solus
3202 2264 3416 2346 potius
3433 2266 3491 2343 ⁶)
3551 2286 3745 2348 quam
3802 2286 3986 2348 spem
4029 2266 4291 2330 illorum
4328 2266 4636 2332 frustrari

2690 2350 2921 2432 patiar.
3010 2349 3178 2414 Vale
3221 2351 3426 2415 frater
3460 2351 3554 2416 mi
3595 2352 3840 2435 optime
3892 2358 3960 2416 et
4002 2352 4407 2417 suavissime.
4496 2351 4633 2417 Ra-

2691 2435 2989 2518 tisponae
3034 2440 3091 2500 5.
3136 2433 3243 2501 εἶθ.
3289 2436 3535 2503 Iunias.

3825 2573 4155 2640 Passelius
4201 2579 4377 2640 tuus.

3589 3069 3742 3139 aa·

2884 3203 3080 3272 DER
3121 3206 3379 3272 RATH
3420 3207 3540 3274 ZU
3582 3204 3888 3273 BASEL
3934 3203 4061 3271 AN
4105 3203 4298 3270 DEN
4342 3202 4456 3271 ZU

3347 3307 3976 3377 STRASSBURG.

2862 3478 3036 3545 Bias
3077 3500 3187 3546 um
3228 3479 3623 3564 Entlassuny
3671 3478 3944 3545 Calvina

2694 3650 3091 3720 (Apographon
3129 3652 3246 3704 sine
3280 3651 3634 3721 inscriptione
3668 3652 3727 3704 in
3761 3649 4013 3704 Archivis
4049 3648 4341 3703 Thomauis
4377 3648 4629 3717 Argent.)

2861 3822 3132 3888 Vnnser
3171 3822 3528 3888 freuntlich
3570 3821 3781 3905 willig
3822 3818 4039 3886 dienst
4080 3841 4300 3896 zuuor,
4353 3817 4632 3886 fursich-

2691 3907 2790 3991 tig
2853 3907 3093 3973 Ersam
3156 3929 3337 3991 wysz
3396 3906 3795 3991 jnusonders
3859 3914 3982 3989 gut
4057 3903 4369 3971 freundth
4445 3902 4632 3971 vnnd

2690 4002 3058 4058 vertrauwt
3096 3991 3228 4058 lieb
3263 3993 3678 4077 Nachpuren,
3722 3991 4089 4058 Wellicher
4131 4012 4390 4056 massen
4431 4009 4633 4056 vnser

2688 4079 2817 4144 lieb
2876 4078 3056 4145 vnnd
3115 4086 3235 4163 gut
3282 4078 3627 4157 sreundth,
3684 4076 3789 4143 die
3846 4075 4156 4143 Sindioen
4211 4074 4394 4140 vnnd
4446 4075 4633 4141 Rath

2690 4165 2807 4229 der
2850 4162 3004 4229 Stat
3043 4163 3243 4242 Jenff,
3299 4185 3456 4241 vns,
3515 4163 3612 4229 als
3655 4162 3867 4228 denen
3911 4161 4016 4227 die
4056 4184 4134 4246 sy
4180 4161 4274 4227 vil
4311 4162 4400 4245 by
4443 4159 4633 4227 Euch

2690 4248 3044 4333 vermogen
3094 4247 3555 4328 verhoffennd‚
3607 4246 4048 4333 geschryben,
4105 4247 4286 4313 vnnd
4330 4248 4452 4311 mit
4497 4266 4633 4312 was

2687 4336 2736 4404 J
2739 4337 2835 4400 fer
2876 4334 3059 4401 vnnd
3101 4335 3310 4399 Ernst
3368 4357 3445 4436 sy
3502 4357 3624 4400 vns
3680 4333 3984 4418 gebetten
4035 4334 4282 4398 Euwer
4323 4332 4471 4408 lieb,
4516 4331 4633 4398 das

2686 4422 2738 4489 J
2737 4443 2773 4486 r
2789 4421 2838 4487 J
2841 4442 2968 4485 nen
3013 4418 3139 4485 den
3184 4420 3553 4505 Wurdigen
3598 4440 3845 4485 vnsern
3888 4417 4101 4484 lieben
4130 4416 4391 4484 Bruder
4416 4417 4631 4484 Galus·-

2688 4526 2841 4572 num
2872 4528 2953 4571 zu
2976 4507 3370 4590 vfl'buwung
3387 4506 3436 4572 J
3438 4527 3544 4571 rer
3562 4505 3830 4572 kilchen
3852 4502 4215 4570 widerumb
4235 4503 4631 4571 auschioken

2688 4590 2991 4670 wollend,
3035 4591 3292 4659 bittlich
3335 4591 3723 4668 anzekeren,
3938 4589 4080 4656 Das
4123 4590 4286 4655 alles
4328 4588 4632 4656 habennd

2686 4679 2789 4757 Jr,
2832 4699 2951 4744 vsz
3008 4679 3272 4743 hieriun
3315 4677 3843 4743 verschlossener
3883 4676 4039 4742 Jres
4080 4676 4323 4741 Brieffs
4364 4676 4552 4762 Oopy
4577 4681 4595 4719 ¹
4602 4688 4629 4751 )

2687 4763 3091 4843 zuerlernen,
3279 4761 3509 4847 Diwyl
3549 4764 3675 4827 wir
3717 4783 3876 4841 nun,
3921 4759 4049 4827 den
4094 4762 4195 4827 vff
4319 4782 4362 4844 g
4403 4763 4630 4827 Euan·

2688 4849 3011 4934 gelischer
3041 4848 3343 4934 warheyt
3378 4847 3789 4928 zuftirderem
3823 4849 3924 4911 nit
3957 4846 4154 4913 allein
4320 4850 4332 4861 '
4378 4849 4389 4861 '
4473 4868 4630 4914 son·

2869 5105 2951 5186 st)
3000 5104 3333 5161 Wormatiae
3364 5104 3431 5158 in
3463 5103 3816 5173 Vae-aim
3847 5104 4070 5172 nutibus.
4141 5103 4436 5161 Bm.-
4471 5105 4632 5175 apud

2693 5173 2781 5228 Va
2892 5245 2949 5310 ὃ)
2984 5214 3254 5297 Bacca-us.

2893 5313 2951 5379 6)
2988 5311 3065 5365 ad
3097 5317 3312 5382 tempus

3343 5310 3458 5367 scil.
3493 5326 3610 5367 non
3640 5324 3770 5368 voro
3801 5325 4123 5366 nonme.

2728 5379 2857 5441 822.
2897 5382 2951 5445 1)
2986 5380 3066 5436 N.
3100 5381 3224 5436 314.
4073 5420 4076 5423 ,
