5050 6167
689 386 814 451 535

685 572 800 639 diu
862 591 1213 658 passurum
1275 579 1414 639 tam
1477 573 1770 657 graviter
1820 573 2295 640 conviciantem
2347 571 2633 640 veritati.

685 657 819 726 Hic
870 658 1000 724 fuit
1053 656 1325 725 adactus
1366 708 1707 726 .......
1767 659 2029 744 rogavit
2080 659 2316 725 fmtres
2373 658 2635 724 Meten-

683 745 859 810 sium
898 751 977 810 ut
1016 742 1286 810 consilio
1329 753 1759 828 poscerentur
1791 745 1908 828 qui
1950 745 2058 810 hic
2100 743 2352 825 docent,
2394 743 2634 828 quique

688 830 967 895 summis
1032 829 1289 895 viribus
1352 827 1618 895 student
1678 830 1964 896 Metensi
2022 830 2332 897 ecclesiae
2389 828 2635 895 adesse.

688 913 869 996 Quid
902 923 1173 981 senatus
1206 914 1461 981 laboret
1493 923 1560 981 et
1593 925 1930 999 quantum,
1972 937 2109 981 non
2152 924 2253 981 est
2284 915 2473 983 facile
2516 936 2633 980 ex-

683 1000 985 1083 primere.
1076 998 1327 1067 Omnes
1370 1001 1483 1084 qui
1525 1021 1767 1068 nomen
1808 1000 2130 1067 dederunt
2171 1000 2513 1087 evangelio
2567 1010 2635 1065 et

684 1086 1013 1170 principes
1056 1094 1124 1151 et
1160 1085 1373 1166 urbes,
1418 1094 1736 1169 quantum
1771 1085 1984 1165 audi0,
2027 1109 2112 1154 ex
2146 1087 2366 1152 animo
2399 1096 2635 1154 curant

685 1179 763 1237 ut
801 1179 1037 1256 agatur
1089 1171 1208 1237 illa
1256 1171 1544 1251 ecclesia,
1603 1171 1720 1238 sed
1773 1173 2121 1257 praecipue
2165 1172 2631 1257 Landyravim

689 1255 862 1323 Saxo
923 1264 990 1323 et
1059 1256 1558 1341 Virteberyensia
1623 1278 1773 1323 cum
1840 1258 1965 1325 hac
2029 1259 2192 1325 urbe
2246 1258 2629 1324 Frankfort.

687 1340 924 1408 Comes
983 1341 1362 1409 Guillelmus
1414 1344 1672 1427 aperuit
1731 1344 1908 1410 viam
1966 1342 2121 1409 dum
2182 1352 2490 1428 ageretur
2551 1342 2632 1408 de

683 1447 844 1512 pace
900 1427 1074 1493 inter
1128 1447 1280 1493 eum
1332 1436 1398 1493 et
1451 1429 1784 1495 Metenses
1839 1451 2036 1512 quam
2095 1451 2215 1514 pro
2277 1428 2632 1513 pontificiis

685 1513 972 1598 agebant
1003 1513 1544 1597 componendam:
1591 1514 1714 1581 hoc
1748 1516 2032 1598 primum
2069 1516 2346 1599 petebat,
2382 1523 2458 1581 ut
2490 1536 2634 1581 ver-

682 1598 842 1665 bum
885 1607 1059 1664 esset
1094 1598 1374 1665 liberum
1410 1607 1477 1664 et
1509 1597 1674 1666 duae
1709 1599 2010 1667 decentes
2044 1601 2352 1668 ecclesiae
2386 1600 2632 1666 exsuli-

682 1684 807 1750 bus
848 1682 1169 1757 admissis,
1220 1685 1334 1767 qui
1376 1684 1457 1750 ob
1501 1685 1775 1751 verbum
1820 1686 2075 1770 expulsi
2120 1687 2407 1753 fuerunt.
2496 1684 2632 1752 Sed

683 1776 844 1853 puto
888 1777 952 1835 te
995 1791 1079 1835 ex
1121 1770 1228 1853 pio
1263 1770 1553 1837 Henrico
1591 1769 1881 1838 Francho
1924 1774 2035 1854 qui
2070 1793 2336 1839 causam
2375 1771 2635 1837 Comitis

686 1854 923 1938 agebat
977 1855 1317 1921 audivisse.
1419 1856 1592 1921 Nam
1662 1857 1835 1923 istuc
1904 1858 2263 1941 profectum
2312 1856 2631 1941 intelligo,

683 1940 973 2006 Multum
1009 1941 1163 2007 huic
1203 1963 1357 2007 vero
1393 1941 1595 2008 debeo
1631 1963 1826 2026 quem
1861 1964 2007 2009 meo
2043 1945 2233 2027 cupio
2269 1953 2346 2009 ut
2384 1943 2633 2009 salutes

681 2026 963 2091 nomine.
1044 2025 1122 2092 Si
1161 2028 1458 2092 arriserit
1499 2038 1637 2093 tam
1677 2027 1879 2114 longa
1921 2029 2200 2112 epistola
2240 2027 2524 2097 Conrado
2550 2031 2632 2105 ¹⁰)

683 2110 920 2177 Bucari
963 2111 1251 2192 diacono,
1297 2114 1410 2195 qui
1454 2134 1561 2178 me
1600 2114 1864 2197 impulit
1916 2122 1993 2180 ut
2043 2115 2370 2181 fusissime
2413 2113 2635 2179 omnia

682 2198 1053 2275 scriberem,
1108 2199 1210 2263 sin
1254 2200 1491 2277 minus,
1545 2220 1760 2265 meam
1804 2220 2037 2266 accusa
2076 2200 2478 2284 imperitiam
2519 2200 2633 2283 qui

681 2303 803 2348 nec
848 2283 1115 2367 aggredi
1158 2284 1286 2350 nisi
1329 2292 1587 2351 coactus
1627 2285 1874 2368 aliquid
1906 2306 2167 2369 possem
2208 2307 2330 2352 nec
2364 2306 2632 2369 aggres-

683 2388 831 2433 sum
852 2374 888 2408 ·
931 2368 1256 2452 expedire.
1343 2368 1551 2435 Faxit
1585 2370 1891 2437 Christus
1936 2382 2008 2437 ut
2046 2371 2319 2437 laetiora
2358 2371 2635 2456 posthac

682 2453 927 2534 audias,
983 2463 1057 2519 ut
1108 2466 1264 2537 puto
1321 2464 1385 2521 te
1439 2455 1520 2521 de
1559 2455 1806 2523 Bucero
1859 2458 2182 2540 accepisse
2238 2458 2347 2541 qui
2390 2477 2632 2541 magno

680 2539 901 2607 fructu
965 2538 1304 2606 Christum
1375 2542 1748 2608 annunciat.
1857 2543 2025 2609 Vale
2101 2564 2298 2627 quam
2370 2544 2631 2626 optime.

681 2625 1110 2709 Argentorati
1169 2630 1269 2692 22.
1314 2626 1564 2709 Aprilis
1625 2631 1807 2706 1543,
1871 2635 1948 2693 ut
2009 2629 2195 2696 licuit
2249 2628 2443 2695 modo
2501 2628 2633 2694 huc

680 2711 872 2776 modo
915 2710 1070 2777 illuc
1114 2711 1440 2778 distracto.
1529 2713 1704 2778 Boni
1744 2714 1965 2779 omnia
2005 2735 2246 2797 quaeso
2288 2722 2365 2780 ut
2405 2734 2634 2779 consu·

680 2794 782 2861 las
834 2806 902 2862 et
958 2817 1153 2879 quam
1213 2797 1682 2864 officiosissime
1736 2799 1901 2864 mihi
1944 2821 2173 2866 omnes
2225 2806 2632 2885 symmystas

681 2881 942 2960 salutes,
1003 2903 1126 2948 nec
1181 2883 1591 2965 praeterieris
1644 2884 1787 2969 pios
1829 2896 2164 2952 senatores
2202 2886 2437 2968 quibus
2479 2892 2632 2968 opto

681 2966 1094 3035 concordiam
1136 2967 1319 3033 illam
1362 2989 1481 3052 pro
1523 2990 1654 3052 qua
1694 2978 1954 3035 tantum
1991 2970 2416 3037 dissudarunt
2455 2991 2634 3036 com-

680 3053 1078 3133 mendatam,
1125 3061 1199 3119 ut
1238 3056 1293 3120 si
1333 3055 1620 3138 perfecta
1652 3077 1781 3122 non
1818 3057 1903 3123 sit
1924 3057 2187 3122 tandem
2232 3056 2629 3124 absolvatur.

681 3137 1096 3204 Vexilarium
1139 3140 1484 3224 praecipue
1528 3141 1785 3207 salvum
1829 3150 1998 3226 opto.
2070 3143 2311 3208 Frater
2353 3143 2632 3208 salutem

682 3223 804 3290 tibi
847 3222 1020 3290 dicit,
1109 3225 1360 3291 Iterum
1404 3226 1567 3293 vale.

1690 3364 1873 3430 'Puus
1916 3372 2093 3431 totus
2134 3364 2458 3432 Farellus.

1471 3714 1856 3722 --—-.————

1561 3992 1714 4065 464.

883 4127 1007 4193 LE
1052 4113 1357 4195 suum
1400 4130 1528 4195 DE
1575 4115 1959 4237 GENEYE
2001 4135 2063 4205 A
2106 4133 2439 4201 FAREL.

866 4298 964 4365 On
1015 4321 1059 4365 a
1112 4301 1341 4382 appris
1392 4321 1472 4366 sa
1525 4302 1948 4370 mesaventure
2002 4304 2046 4370 ὰ
2089 4304 2259 4371 Mete
2312 4311 2368 4371 et
2416 4327 2496 4372 on
2541 4306 2637 4372 lui

683 4384 988 4451 demanda
1019 4387 1096 4452 de
1128 4407 1229 4452 ses
1262 4386 1573 4453 nouvelles
1605 4409 1748 4457 aveo
1772 4410 2092 4474 prome-sse
2124 4393 2547 4459 d'assistance.
2584 4392 2635 4477 ¹)

684 4556 1063 4625 (Autographc
1108 4558 1176 4610 (16
1227 4558 1280 4611 la
1323 4558 1454 4611 bibl.
1500 4557 1598 4612 des
1645 4559 1898 4614 Pasteurs
1945 4561 2013 4615 de
2049 4561 2365 4616 Neuchatel.
2437 4562 2637 4617 Oahier

683 4624 753 4677 de
788 4625 982 4678 lettres
1017 4625 1258 4680 diverses
1293 4625 1360 4679 N.
1396 4625 1445 4680 8.
1484 4656 1550 4669 —-
1702 4628 1781 4683 ies
1815 4628 1850 4682 a
1884 4630 2096 4684 zurich.
2133 4631 2277 4684 Bibl.
2312 4630 2380 4684 (16
2415 4633 2471 4686 la
2504 4633 2634 4686 ville

719 4693 783 4746 B.
817 4691 937 4760 217,
975 4710 1026 4762 p.
1064 4692 1178 4748 115.
1251 4694 1466 4749 Simlsr.
1500 4695 1618 4751 Vol.
1690 4696 1742 4751 2.
1786 4698 1852 4753 cf.
1888 4698 2101 4754 Perrot.
2136 4715 2188 4768 p.
2226 4697 2308 4768 70,
2345 4700 2413 4753 al.
2456 4699 2601 4769 103.)

721 5036 2634 5110 461.1)Ceoeelettreasmdouteeteeoeiteczvimiqmonde

688 5104 903 5160 Calvia.
994 5106 1079 5159 Le
1128 5105 1302 5161 Senat
1346 5105 1413 5160 de
1459 5107 1612 5161 Μαι
1656 5114 1832 5179 ayant
1879 5108 2065 5176 refice&
2114 5126 2233 5165 m
2285 5110 2633 5167 Proteum&

684 5174 1095 5254 l'oenqtorisation
1129 5175 1196 5229 de
1220 5174 1448 5230 celebrer
1478 5176 1538 5230 la
1570 5175 1712 5244 cene,
1746 5179 1966 5232 cem-ci
1986 5179 2346 5235 serendis-ont
2369 5180 2408 5233 ὰ
2432 5180 2629 5249 Gom,

684 5242 2230 5313 kyourdequues‚souslaoonduitedeFawl.
2323 5251 2633 5305 Estansun

685 5314 805 5365 iour
855 5314 922 5367 de
971 5312 1212 5382 Pssques
1265 5332 1398 5368 ceux
1450 5316 1519 5368 de
1584 5317 1637 5368 la
1699 5318 1928 5387 religion
1980 5318 2273 5372 assembles
2336 5336 2404 5373 en
2455 5317 2635 5390 grand

2229 381 2757 453 EPISTOLAE
2800 385 3141 450 463-466

4546 386 4657 451 536

2735 571 2799 636 A
2842 571 3141 656 Maystre
3185 570 3564 639 Guillaume
3618 569 3819 638 Farel
3870 570 4179 638 Ministro
4230 569 4662 656 Evangeliquc

3165 665 3389 724 nostre
3433 656 3563 722 bon
3606 666 3677 723 et
3716 656 4034 742 singulier
4076 677 4247 742 amy.

2906 793 3202 879 Maystre
3251 793 3645 875 Gadium,
3704 814 3939 878 appres
3990 813 4156 859 nous
4207 799 4383 858 estre
4421 789 4498 857 (16
4545 792 4667 858 fort

2736 877 2888 944 bien
2942 879 3071 945 bon
3121 899 3325 946 cucur
3379 878 3768 946 recomande
3810 899 3852 945 a
3893 900 4056 945 vous
4111 899 4352 963 pource
4392 898 4517 962 que
4556 877 4669 943 ha-

2735 984 2904 1030 vons
2947 985 3267 1048 apperccu
3309 986 3435 1050 que
3490 966 3686 1050 ainsy
3728 965 3863 1049 quil
3906 986 3946 1030 a
3987 963 4137 1048 pleu
4182 986 4223 1030 a
4266 965 4453 1031 Dieu'
4476 963 4669 1031 haves

2737 1049 2868 1115 heu
2910 1050 3188 1135 quelque
3230 1050 3566 1131 fascherie,
3622 1050 3815 1117 chose
3868 1071 3994 1135 que
4032 1071 4200 1116 nous
4240 1049 4329 1115 ha
4370 1055 4506 1115 este
4542 1047 4672 1115 fort

2737 1133 3163 1222 deplaysante
3219 1157 3383 1204 nous
3440 1143 3748 1220 pourtant
3801 1157 4022 1202 sumes
4065 1144 4237 1203 estes
4279 1135 4566 1201 consoles
4609 1142 4674 1201 et

2735 1222 2950 1307 reioys
3007 1222 3089 1288 de
3147 1244 3465 1307 scavoyer
3521 1230 3780 1288 coment
3831 1221 4006 1288 Dieu
4049 1241 4270 1308 mercy
4323 1227 4540 1306 estyes
4593 1242 4674 1287 en

2736 1315 2940 1373 sante.
3028 1307 3176 1375 Mes
3232 1329 3400 1393 pour
3450 1307 3704 1373 aultant
3758 1328 3884 1392 que
3938 1328 4021 1374 ne
4075 1328 4294 1374 sumes
4336 1305 4675 1373 veritablc-

2737 1401 2921 1458 ment
2967 1394 3287 1478 jnformes
3340 1392 3422 1460 de
3465 1394 3531 1459 la
3584 1392 3783 1460 totale
3827 1402 3895 1459 et
3936 1414 4099 1478 pure
4141 1392 4351 1459 verite
4394 1393 4475 1458 de
4512 1411 4675 1457 vous

2736 1477 2988 1559 afferes,
3047 1499 3215 1545 nous
3269 1500 3438 1547 envo
3484 1501 3604 1546 ons
3660 1500 3784 1564 par
3822 1479 4057 1546 devers
4097 1500 4259 1546 vous
4302 1499 4377 1545 ce
4419 1483 4680 1562 present

2736 1571 3021 1647 porteur,
3065 1585 3188 1650 par
3227 1503 3483 1649 lequell,
3510 1586 3675 1632 vous
3718 1565 3949 1651 playra
3982 1586 4147 1631 nous
4181 1563 4498 1650 advertyr
4540 1569 4679 1629 tout

2737 1657 2854 1715 aut
2894 1650 3056 1737 long
3099 1651 3212 1717 des
3252 1652 3502 1732 afferes,
3560 1660 3626 1717 et
3668 1651 3724 1716 si
3766 1650 3972 1717 haves
4013 1651 4322 1734 besoieng
4365 1648 4447 1716 de
4488 1648 4681 1715 chose

2738 1756 2863 1818 que
2915 1757 3083 1803 nous
3136 1737 3491 1887 guyssions
3543 1755 3710 1802 vous
3760 1735 3963 1822 ayder
4015 1757 4183 1803 nous
4225 1756 4392 1803 vous
4435 1754 4681 1885 pryoris

2736 1842 2904 1973 fga?
2946 1821 4682 1993 :812iszyxeztgrayegffluedngosttrzzbffiuzmffifogngcgl-l-

2736 2013 2985 2145 Βηοὸιε
3020 2002 3241 2059 nostre
3274 1994 3406 2145 bg}
3441 1994 3708 2146 Ιᾷἱθιιιιίἐὶ
3745 1993 4126 2144 1ἱιέ4ξ1ιιγ66
4157 2014 4279 2060 voz
4319 2011 4683 2078 presel-ver.

2806 2099 2843 2144 6
2955 2099 3161 2145 eneve
3204 2101 3277 2147 66
3408 2131 3422 2145 .
3534 2101 3575 2163 p
3686 2102 3719 2146 s
3934 2130 3949 2144 .

3638 2216 3780 2283 Voz
3822 2215 3986 2282 bons
4027 2237 4216 2301 amys

3191 2300 3315 2367 Les
3358 2296 3783 2386 Scindicques
3826 2310 3893 2368 et
3935 2301 4222 2387 Conseyl
4266 2301 4347 2368 de
4393 2301 4684 2369 Geneve.

3506 2599 3912 2606 --——-—

3635 2814 3789 2887 4⁶5.

3176 2968 3491 3036 OOMES
3534 2969 4248 3037 WATTEWILLIO.

2908 3139 4244 3223 Muzmmquerituretaoeiterdeffiueri
4285 3143 4494 3220 tricis,
4544 3139 4700 3208 Gon-

2735 3247 2958 3294 nemmt
2997 3228 3389 3307 commendat,
3422 3233 3766 3310 patronum
3805 3226 4127 3294 adulatur.

2735 3536 2962 3616 nombre
2997 3551 3136 3605 pour
3169 3535 3225 3588 la
3258 3536 3591 3616 celebration
3626 3535 3695 3589 de
3742 3536 3796 3589 la
3840 3552 3988 3603 cene,
4036 3537 4075 3591 il
4123 3537 4341 3591 surviut
4387 3553 4505 3591 une
4555 3553 4702 3619 com·

2880 3620 2934 3685 ¹⁰.
2966 3605 3035 3657 (16
3069 3604 3337 3657 cavalene
3357 3620 3761 3686 'accompagnee
3795 3604 3921 3659 d'un
3955 3606 4180 3660 nombre
4213 3605 4284 3660 (16
4309 3622 4457 3676 gens
4474 3606 4550 3660 (16
4570 3604 4703 3676 picd

2816 3688 2965 3741 ncols
3026 3673 3265 3742 lesquels
3320 3673 3457 3754 ainsi
3523 3690 3730 3727 comme
3783 3675 4010 3744 enrages
4062 3681 4280 3729 tuerent
4331 3674 4573 3728 d'abord
4625 3691 4700 3728 ιιιι

2735 3741 2953 3796 homme
2988 3742 3176 3795 ancien
3211 3757 3424 3795 nomme
3460 3742 3635 3796 Adam
3672 3743 3725 3796 16
3759 3742 3979 3811 drapier
4013 3750 4070 3797 ct
4102 3743 4172 3797 (16
4216 3743 4268 3797 la
4313 3759 4377 3797 se
4426 3744 4705 3798 iettercnt

2737 3828 2806 3864 au
2840 3815 3053 3863 travers
3086 3809 3156 3863 (16
3191 3827 3280 3864 666
3313 3827 3546 3880 pauvres
3567 3828 3700 3881 gens
3721 3827 3950 3865 courans
3974 3810 4038 3881 qa
4060 3817 4117 3866 et
4138 3813 4194 3867 la
4214 3827 4431 3866 comme
4498 3826 4704 3866 auvres

2735 3879 2922 3933 brebis
3084 3894 3206 3959 rees
3276 3880 3505 3961 lusieurs
3540 3879 3792 3949 desquels
3825 3880 4044 3963 n’aypns
4066 3898 4142 3950 pu
4161 3896 4354 3949 passer
4376 3882 4438 3935 la
4527 3881 4705 3936 osello

2737 3964 3065 4087 2333002‘231·
3092 3954 3361 4098 23303223
3382 3947 3768 4086 ᾱὲῑῑῑῖςῑι
3788 3949 4274 4098 '‘summat‘'
4287 3966 4706 4086 uramus

2740 4090 2925 4139 estans
2969 4090 3272 4139 contramts
3315 4102 3349 4138 a
3393 4086 3599 4168 grands
3642 4102 3809 4168 cqups
3854 4086 3923 4140 de
3969 4102 4176 4167 pierres
4220 4084 4475 4141 d'entrer
4526 4105 4602 4141 au
4643 4086 4705 4141 fil

2737 4154 2807 4207 (16
2843 4153 3002 4206 l'eau:
3048 4170 3255 4207 comme
3290 4171 3357 4206 au
3391 4160 3663 4208 contraire
3696 4156 3749 4236 11·
3774 4172 3811 4224 y
3846 4159 4041 4235 ‹an-eut
4113 4171 4169 4207 ιιι
4202 4161 4505 4224 posset-ent
4539 4160 4707 4211 outre

2738 4222 3257 4276 miraculensement.
3324 4222 3373 4276 n
3479 4230 3572 4277 eut
3607 4240 3751 4277 aussi
3795 4223 4062 4314 plusieurs
4118 4239 4320 4277 ommes
4355 4226 4552 4294 prices
4588 4225 4706 4279 vio-

2738 4292 2850 4345 lees
2885 4296 2943 4344 et
2977 4307 3295 4346 emmenees.
3421 4292 3502 4344 ais
3537 4308 3681 4362 quoy
3726 4292 3856 4361 quil
3889 4308 3958 4345 en
3991 4293 4101 4346 soit
4134 4292 4186 4345 16
4219 4291 4451 4348 dessein
4488 4294 4566 4348 de
4613 4309 4708 4349 ces

2737 4361 3044 4413 bourreaux
3079 4376 3149 4415 ne
3182 4360 3302 4414 leur
3327 4360 3555 4414 succeda
3587 4376 3792 4414 comme
3825 4361 3894 4413 ils
3927 4361 4329 4429 pretendoient‚
4368 4362 4617 4416 s’estant
4650 4362 4708 4416 la
4780 4368 4790 4376 ’

2738 4430 2989 4499 pluspart
3040 4429 3242 4483 retiree
3293 4444 3362 4484 en
3415 4429 3590 4483 l'abba
3628 4445 3659 4482 6
3705 4429 3773 4482 (16
3819 4428 3994 4483 Gor-ze
4052 4430 4147 4499 qni
4201 4430 4326 4499 puis
4383 4447 4563 4501 apres
4618 4431 4707 4485 fut

2738 4498 2846 4551 assi
3014 4503 3073 4551 et
3116 4498 3428 4552 finalement
3471 4446 3673 4551 τοιιιῖιω
3719 4514 3821 4567 par
3864 4514 3983 4552 com
4084 4498 4239 4552 ition.
4309 4499 4395 4554 Et
4443 4500 4712 4555 combicn

2739 4583 2845 4635 que
2936 4567 3052 4619 arcl
3101 4566 3213 4619 fust
3255 4571 3368 4620 tres
3412 4567 3847 4635 seigneusement
3895 4583 3987 4622 rec
4027 4567 4187 4622 erche
4230 4566 4279 4620 si
4331 4574 4524 4623 est-ce
4573 4568 4709 4638 qu’il

2737 4635 2898 4688 escha
3054 4633 3123 4687 de
3167 4636 3313 4689 leurs
3357 4635 3530 4688 mains
3576 4640 3746 4706 ayant
3788 4636 3902 4689 este
3936 4637 4038 4690 mis
4082 4636 4219 4691 dans
4262 4653 4376 4691 une
4413 4638 4713 4694 chan-etto

2736 4718 2914 4773 parmi
2968 4719 3026 4756 es
3060 4703 3257 4757 ladres.
3327 4703 3404 4757 Le
3438 4703 3769 4758 conducteur
3810 4704 3879 4758 (16
3922 4721 3983 4759 66
4030 4711 4150 4759 tant
4192 4706 4386 4776 inique
4438 4713 4504 4761 et
4550 4706 4708 4761 crucl

2736 4777 2856 4825 acte
2907 4771 2992 4824 fut
3038 4770 3241 4825 Glande
3285 4773 3352 4825 de
3400 4771 3662 4827 Lorrainc
3707 4772 3824 4826 Duc
3876 4773 3943 4827 de
3995 4774 4162 4829 Guise
4213 4790 4347 4844 pere
4405 4775 4485 4829 de
4542 4772 4710 4845 celuy

2735 4839 3421 4964 ¹13„mess
3455 4841 4028 4966 *az-:ww
4045 4843 4224 4968 <ee
4242 4843 4372 4967 ‘zz-
4394 4844 4609 4968 smn-
4555 4843 4714 4968 ἦ).

2736 4976 3127 5057 Νεεοῃιὸενρ
3157 4994 3256 5047 qm
3286 4977 3527 5032 attribue
3557 4978 3608 5032 le
3638 4979 3749 5047 fait
3780 4997 3859 5035 au
3892 4928 4333 5050 mumius,
4373 4982 4714 5051 filsduduc

2735 5045 3025 5101 deGmse.
3097 5045 4412 5120 LesortdeFarelfiatincertainpendoent
4461 5053 4710 5122 quelque

2734 5120 2924 5184 temps.
2995 5115 3056 5170 Π
3100 5116 3330 5183 parvm
3379 5116 3528 5182 enfin
3580 5116 3619 5170 ὰ
3668 5134 3728 5173 se
3776 5118 4018 5188 refuyier
4065 5119 4104 5174 ὰ
4155 5120 4517 5190 Stra-sbourq
4568 5136 4711 5179 avec

2736 5183 2982 5239 ἄωτοι
3021 5184 3275 5254 fiammis.
3354 5182 3579 5240 Reuehat
3618 5186 3685 5242 V.
3734 5186 3864 5254 212,
3922 5188 4261 5257 Kirchhofer
4301 5208 4357 5259 ρ.
4413 5190 4512 5245 62.
4589 5193 4711 5249 Les

2737 5251 2969 5335 Ripoes
3000 5252 3688 5322 aammdsprotesoerm
3719 5262 3906 5312 come
3937 5265 4069 5314 cette
4099 5260 4715 5328 awroesion‘odo'euos

2735 5337 2878 5377 mans
2910 5324 2959 5378 k
2992 5322 3082 5377 roi
3114 5322 3182 5376 de
3215 5322 3441 5378 France
3489 5325 3610 5381 lem·
3655 5326 4110 5395 reponditd'm
4152 5330 4407 5386 muniere
4455 5333 4710 5391 ἑοαείυσ.
