5050 6167
698 385 826 449 623

695 592 847 637 rum
890 570 976 635 D.
1027 567 1388 652 Cyprianus
1444 577 1547 635 est
1602 567 1947 652 pollicitus.
2068 566 2204 634 Sed
2271 567 2501 651 magni
2558 587 2662 632 re-

697 658 872 724 ferre
904 656 1222 741 putabam
1258 655 1341 721 ab
1375 655 1521 738 ipso
1554 675 1817 719 omnem
1852 654 2187 720 sinistram
2224 654 2662 736 suspicionem

698 742 930 827 procul
974 741 1216 807 abesse.
1307 741 1435 807 oui
1488 739 1792 824 equidem
1849 760 1971 823 ego
2023 741 2094 804 in
2142 740 2428 804 Domino
2467 758 2664 804 omne

698 829 1084 912 obsequium
1119 827 1224 892 uti
1259 825 1495 892 debere
1531 849 1638 892 me
1675 847 1935 909 semper
1968 826 2363 903 existimavi,
2409 826 2505 890 ita
2537 824 2664 890 hac

699 915 1037 981 occasione
1080 934 1215 978 non
1261 921 1595 996 praestare
1639 934 1772 977 non
1811 912 2009 996 potui,
2055 912 2184 975 nisi
2229 932 2485 977 mecum
2521 912 2544 975 i
2593 932 2663 976 se

698 1021 999 1084 pugnare
1043 1000 1283 1065 vellem
1327 1008 1521 1081 atque
1566 999 1745 1064 omni
1790 997 2003 1063 efficio
2046 999 2454 1063 renunciare.
2590 1018 2663 1062 ro

697 1086 922 1169 itaque
977 1093 1173 1169 atque
1230 1084 1517 1151 obtestor
1574 1084 1771 1149 fidem
1829 1091 1897 1148 et
1951 1083 2292 1148 caritatem
2348 1090 2535 1148 tuam
2590 1083 2664 1146 in

698 1171 988 1249 Christe,
1037 1184 1110 1236 ut
1153 1172 1208 1237 si
1251 1191 1447 1253 quam
1494 1170 1574 1234 de
1616 1169 1731 1234 illo
1775 1170 2109 1235 sinistram
2160 1169 2534 1251 opinionem
2579 1190 2664 1233 ex

697 1257 821 1322 hoe
875 1258 1047 1323 facto
1099 1257 1451 1339 concepisti
1520 1266 1777 1322 mature
1842 1255 2161 1338 deponas,
2228 1276 2350 1321 nec
2413 1262 2664 1319 temere

696 1343 908 1411 cuivis
951 1342 1316 1408 calumniae
1360 1362 1586 1407 aurem
1631 1341 1960 1425 praebeas.
2050 1342 2285 1406 Testor
2318 1342 2496 1405 enim
2543 1361 2663 1424 ego

695 1450 916 1495 coram
973 1429 1290 1507 Domine,
1335 1428 1576 1493 multos
1621 1449 1764 1493 esse
1808 1426 2085 1511 passim,
2141 1447 2264 1492 666
2320 1424 2545 1491 deesse
2589 1426 2664 1490 in

696 1514 824 1580 hoe
867 1523 1090 1580 nostro
1135 1524 1271 1579 tam
1314 1514 1554 1597 pusillo
1591 1534 1809 1597 grege,
1855 1514 1967 1595 qui
2012 1532 2099 1577 ex
2142 1512 2482 1596 evangelio
2529 1532 2663 1576 non

695 1599 974 1665 Domini
1017 1599 1134 1666 sed
1176 1620 1365 1665 suam
1399 1600 1695 1683 gloriam,
1739 1620 1874 1663 666
1905 1599 2130 1666 ovium
2174 1598 2289 1664 sed
2325 1620 2447 1664 sua
2483 1617 2658 1662 com-

693 1685 890 1751 moda
956 1696 1273 1770 spectent.
1376 1686 1486 1750 Ex
1544 1706 1824 1769 quorum
1879 1705 2157 1749 numero
2217 1684 2276 1750 si
2336 1685 2661 1767 quispiam

693 1772 857 1838 haec
904 1772 1004 1837 vel
1052 1771 1138 1837 ad
1177 1782 1243 1836 te
1288 1770 1552 1848 detulit,
1612 1770 1719 1836 vel
1765 1774 1871 1852 (ut
1914 1777 2073 1835 sunt
2115 1767 2439 1835 eiusmodi
2482 1771 2662 1834 fuco·

693 1880 846 1924 rum
890 1856 1129 1924 callida
1171 1855 1419 1934 studia)
1476 1856 1753 1922 alicuius
1807 1857 1891 1920 ad
1943 1856 2070 1921 hoc
2115 1858 2360 1922 factum
2407 1855 2662 1939 simpli-

695 1946 892 2011 citate
935 1945 1179 2010 abusus
1224 1951 1351 2021 est,
1413 1942 1574 2007 adeo
1616 1943 1731 2007 ille
1787 1941 2155 2007 audiendus
2210 1963 2347 2006 non
2403 1950 2530 2019 est,
2589 1951 2664 2005 ut

694 2032 897 2097 etiam
945 2030 1061 2095 abs
1131 2038 1194 2093 te
1251 2027 1711 2112 castigandum
1776 2035 2022 2110 putem.
2126 2029 2345 2110 Atque
2403 2027 2660 2092 utinam

690 2117 910 2200 primo
967 2115 1051 2181 ad
1104 2116 1322 2198 ipsum
1377 2115 1687 2198 privatim
1739 2113 2115 2195 scripsisses
2171 2122 2239 2178 et
2293 2112 2500 2177 amice
2546 2111 2661 2178 ad-

690 2202 1076 2267 monuisses.
1158 2201 1333 2266 Nam
1377 2202 1518 2283 ipse
1559 2200 1840 2264 istorum
1882 2200 2126 2265 inscius
2171 2196 2388 2264 adhuc
2430 2205 2550 2277 est,
2595 2205 2664 2263 et

694 2295 918 2371 posset
959 2309 1030 2353 se
1074 2286 1310 2351 melius
1344 2306 1626 2369 purgare
1663 2306 1859 2367 quam
1896 2305 2016 2368 ego
2056 2283 2386 2351 excusavi.
2462 2281 2662 2364 Quod

692 2395 917 2440 meum
955 2373 1224 2448 factum,
1270 2391 1404 2450 ore,
1450 2372 1639 2455 aequi
1679 2371 1829 2437 boni
1865 2370 2194 2436 consulas:
2240 2368 2413 2453 quod
2446 2368 2661 2434 factu-

693 2481 844 2525 rum
887 2480 1020 2524 666
1066 2458 1294 2524 dubito
1338 2459 1395 2523 si
1440 2478 1634 2540 quam
1677 2456 1809 2535 ille,
1867 2477 2065 2539 quem
2108 2476 2382 2533 excuso,
2437 2477 2661 2538 perso-

693 2566 852 2610 nam
897 2545 1240 2622 sustineat,
1302 2552 1369 2609 et
1407 2564 1625 2607 meam
1668 2542 2011 2607 caritatem
2057 2549 2126 2606 et
2168 2540 2549 2607 concordiae
2589 2542 2662 2606 in

695 2630 971 2697 ecelesia
1014 2629 1311 2695 studium
1351 2629 1681 2711 respicias.
1751 2626 1829 2694 Si
1873 2626 1955 2691 ad
1993 2626 2081 2693 D.
2131 2626 2464 2693 Calvinum
2500 2629 2662 2693 scri-

694 2716 811 2783 bes
854 2715 1226 2798 aliquande,
1274 2735 1388 2779 oro
1430 2735 1579 2779 meo
1621 2714 1889 2778 nomine
1931 2713 2029 2777 illi
2075 2713 2356 2779 salutem
2392 2712 2656 2779 scribas.

691 2801 921 2867 Fratri
967 2812 1079 2867 tuo
1123 2821 1200 2865 ac
1241 2799 1327 2866 D.
1382 2798 1676 2871 corderio
1728 2800 2136 2883 praeceptori
2189 2820 2334 2864 mee
2379 2798 2661 2864 salutem

693 2894 866 2972 opto.
956 2886 1267 2953 Christus
1303 2885 1618 2970 Optimus
1659 2885 1995 2951 Maximus
2041 2890 2106 2950 te
2152 2885 2426 2968 sospitet
2467 2906 2658 2950 suae·

691 2994 822 3057 que
866 2974 1175 3039 eeclesiae
1220 2972 1331 3038 diu
1389 2978 1640 3038 servet.
1720 2970 1905 3036 Haec
1945 2970 2281 3036 incondita
2323 2980 2660 3054 extempo-

693 3079 899 3125 ranea
942 3080 1019 3124 ac
1061 3060 1179 3125 vix
1214 3059 1458 3125 relecta
1499 3057 1809 3139 temporis
1846 3058 2282 3140 parsimoniae
2315 3057 2655 3139 imputate.

696 3144 950 3210 Iterum
1015 3144 1181 3211 vale.
1271 3146 1380 3210 Ex
1440 3142 1710 3209 aedibus
1765 3143 2159 3209 Bucerianis
2215 3144 2301 3226 vj.
2348 3141 2658 3210 Octobris

688 3252 871 3297 6666
920 3234 1103 3295 1543.

1522 3365 1706 3431 Tuus
1749 3364 2097 3431 clientulus
2140 3363 2539 3433 Valerianus

1437 3452 1549 3535 661
1604 3459 1674 3516 et
1729 3449 2147 3518 Valerandus
2201 3451 2535 3518 Poullain.
2549 3456 2610 3531 ⁴)

1600 3946 1752 4019 5⁰6.

688 4081 1170 4150 GALVINUS
1231 4081 2654 4254 MINISTSRISUSMONSBELGARDEN-

1586 4188 1685 4253 IB
1806 4234 1827 4254 .

871 4358 1251 4425 Sententiam
1292 4378 1480 4423 suam
1523 4359 1802 4424 declarat
1833 4361 1910 4425 de
1942 4360 2265 4425 nonnullis
2304 4359 2536 4424 ritibus
2568 4359 2656 4424 ad

692 4449 952 4510 mentem
1008 4445 1510 4510 Lutheranorum
1567 4446 1916 4510 immutatis
1984 4466 2139 4529 quos
2191 4446 2323 4511 dux
2384 4444 2656 4510 Christo-

679 4529 931 4615 phorus
962 4552 1176 4597 eorum
1210 4530 1481 4596 eccksiis
1516 4529 1883 4610 obtrudebat‚
1926 4532 2200 4598 manime
2232 4533 2401 4597 cirea
2441 4550 2656 4596 saera—

692 4622 901 4683 menta
942 4621 999 4682 et
1030 4617 1169 4684 dies
1208 4618 1415 4700 festae.

943 4791 1048 4800 ..ἡ

897 4889 959 4951 4)
1001 4890 1122 4947 Hoc
1167 4890 1473 4946 Valeo-andi
1493 4891 1714 4945 Pollam·
1729 4891 1948 4947 nomine
1962 4889 2193 4959 posthae
2214 4892 2308 4960 fre

691 4960 1085 5028 desiynabitur.
1160 4960 1299 5015 Fuit
1354 4959 1531 5013 notula·
1577 4976 1771 5029 genere
1819 4966 1991 5015 natus
2045 4962 2107 5014 in
2166 4962 2299 5028 ορμ·
2339 4977 2370 5013 ο
2427 4960 2657 5013 Insulae

689 5029 887 5096 (Lae'laee)
924 5038 1021 5083 aut
1055 5030 1278 5084 vicinia.
1357 5027 1533 5099 Quum
1572 5044 1629 5082 se
1658 5027 1907 5083 Gor-derit·
1940 5029 2266 5098 discipulum
2302 5030 2470 5097 dicat,
2509 5028 2655 5081 Bur-

689 5098 913 5167 diqalae
964 5099 1167 5153 studiis
1228 5114 1451 5166 operam
1507 5112 1743 5152 navasse
1798 5099 2031 5152 videtur.
2129 5097 2436 5166 Releyiom‘s
2482 5112 2655 5151 causa

695 5167 881 5221 Gallia
916 5168 1143 5223 excessit
1175 5172 1226 5221 et
1260 5169 1362 5222 hoc
1396 5168 1518 5236 ipso
1563 5182 1714 5222 anna
1750 5168 2176 5235 Arqentoratum
2223 5169 2383 5221 venit.
2420 5167 2569 5220 unde
2602 5183 2653 5220 a.

698 5234 833 5289 1547
888 5239 950 5291 in
1009 5236 1367 5291 Britanniam
1424 5238 1677 5303 transm,
1738 5236 1864 5288 dem
1907 5250 1971 5288 ue
2024 5251 2145 5289 eum
2202 5236 2332 5291 alu’s
2374 5236 2656 5291 exsulibus

693 5302 1069 5373 francofurti
1099 5308 1251 5362 sedes
1281 5306 1421 5373 fimi.
1494 5305 1692 5375 (Haaq
1739 5304 1856 5361 Vn
1896 5342 1912 5359 .
1944 5302 2091 5369 308.)

2452 4891 2657 4945 tissime

2261 374 2790 446 EPIS'POLAE
2837 359 3175 440 505—507

4586 379 4699 443 624

2769 563 2883 628 (Ex
2919 562 3232 685 ⁸p⁰ss⁸ph⁰
3266 563 3408 619 Bibl.
3484 567 3726 617 aetorum
3762 561 4230 617 Neoeomensium.
4271 589 4336 599 —
4370 564 4698 621 EdiditBen

2767 633 2904 687 Gen.
2939 649 2993 702 p.
3100 673 3113 699 ,
3151 632 3312 685 Lens.
3348 649 3400 701 p.
3507 673 3522 699 ,
3568 632 3871 771 nagog-58.
3910 630 4040 693 110,
4086 632 4298 686 01161161
4331 649 4384 701 p.
4421 631 4500 699 54,
4535 638 4699 694 Amet.

2766 872 3112 939 Fidelibus
3156 872 3411 939 Christi
3452 874 3660 939 servis
3701 873 4073 957 pastoribus
4116 872 4705 957 Monbelgardensis

2767 959 3074 1026 ecclesiae
3117 959 3189 1023 in
3233 958 3398 1024 urbe
3454 967 3522 1024 et
3563 959 3636 1022 in
3681 981 3838 1042 agro
3891 959 4206 1026 fratribus
4261 959 4425 1025 mihi
4465 963 4705 1029 carissi-

3245 1045 3371 1110 mis
3416 1052 3481 1110 et
3524 1044 3596 1109 in
3641 1043 3909 1111 Christo
3948 1044 4254 1112 colendis.

2942 1181 3181 1247 Gratia
3220 1182 3409 1246 vobis
3447 1189 3515 1246 et
3554 1202 3684 1264 pax
3727 1202 3767 1245 a
3802 1182 3945 1246 Deo
3988 1192 4173 1264 patre
4216 1189 4442 1247 nostro
4483 1191 4547 1248 et
4578 1185 4706 1277 Dog

2769 1269 2949 1333 mino
2992 1267 3147 1333 Iesu
3194 1264 3478 1345 Christo,
3538 1269 3775 1332 fratres
3833 1268 4156 1333 carissimi
4200 1277 4267 1334 et
4310 1267 4704 1334 observandi.

2770 1355 3060 1419 Tametsi
3108 1353 3171 1418 N
3174 1374 3508 1419 eoeemum
3554 1353 3880 1418 duntaxat
3928 1353 4061 1418 duo
4104 1354 4214 1419 isti
4260 1355 4493 1420 fratres
4534 1354 4709 1420 missi

2770 1461 2811 1504 a
2854 1441 3039 1505 vobis
3067 1441 3116 1523 ¹)
3160 1439 3454 1516 fuerant,
3516 1439 3598 1503 ad
3653 1439 4086 1505 consulendos
4141 1440 4280 1505 eius
4324 1440 4453 1507 loci
4492 1441 4710 1506 minis·

2769 1534 2942 1605 tros,
2994 1523 3259 1589 illorum
3314 1536 3535 1589 tamen
3597 1526 3861 1589 hortatu
3920 1524 4254 1608 hucusque
4298 1526 4380 1590 ad
4426 1546 4529 1591 me
4571 1548 4711 1610 pre-

2767 1612 2920 1677 fecti
2965 1620 3139 1688 sunt,
3186 1618 3261 1674 ut
3302 1610 3384 1675 de
3418 1611 3655 1692 quibus
3692 1611 4012 1693 petebatis
4056 1611 4137 1677 ab
4175 1612 4333 1694 ipsis
4377 1612 4714 1677 consilium

2767 1719 2983 1761 meam
3043 1696 3241 1762 simul
3315 1698 3714 1761 sententiam
3773 1697 3855 1761 ad
3922 1719 4038 1764 vos
4094 1698 4478 1780 perferrent.
4576 1699 4712 1782 Ego

2767 1802 2925 1849 vero
2970 1802 3102 1846 non
3148 1790 3405 1847 tantum
3449 1782 3615 1847 mihi
3654 1804 3858 1859 sumo,
3915 1790 3993 1848 ut
4033 1782 4312 1848 audeam
4354 1805 4491 1849 666
4533 1804 4714 1868 roga-

2766 1875 2876 1932 tus
2919 1888 3027 1932 166
3069 1869 3137 1932 16
3182 1877 3438 1933 vestras
3491 1868 4004 1934 consultationes
4057 1869 4348 1934 medium
4404 1871 4713 1954 ingerere,

2765 1974 3107 2036 meamque
3148 1953 3567 2036 interponere
3626 1955 4016 2037 opinionem.
4124 1953 4261 2020 Sed
4315 1956 4473 2038 quia
4516 1955 4717 2020 nomi-

2764 2040 2972 2106 natim
3018 2040 3344 2106 adiecerat
3386 2041 3455 2104 in
3499 2039 3707 2106 literis
3751 2040 3888 2105 suis
3942 2042 4147 2106 frater
4209 2051 4440 2107 noster
4499 2043 4717 2108 Tassa-

2764 2145 2918 2203 καθ’,
2976 2146 3212 2208 cupere
3254 2146 3373 2190 vos
3416 2146 3640 2190 meum
3685 2136 3750 2190 et
3794 2125 4068 2191 aliorum
4113 2126 4435 2193 iudicium
4478 2127 4714 2206 audire,

2765 2211 3038 2276 minime
3080 2232 3231 2276 sum
3276 2212 3527 2278 veritus
3570 2233 3655 2277 66
3696 2211 3863 2276 mihi
3905 2215 4319 2297 arrogantiae
4363 2222 4482 2278 aut
4521 2223 4717 2279 teme-

2765 2297 2947 2362 ritati
3006 2296 3305 2375 daretur,
3383 2298 3443 2362 si
3500 2298 3684 2363 vobis
3737 2297 4121 2380 simpliciter
4184 2320 4582 2382 exponerem
4647 2319 4718 2364 ac

2765 2383 3022 2467 paucis,
3079 2383 3237 2466 quid
3295 2404 3505 2449 essem
3561 2384 3702 2466 ipse
3746 2384 4038 2450 facturus
4081 2386 4138 2450 si
4179 2404 4536 2468 personam
4577 2405 4720 2450 ves-

2764 2479 2939 2534 tram
2996 2469 3410 2534 sustinerem.
3511 2468 3659 2534 Iam
3714 2469 3975 2553 quidem
4031 2478 4185 2535 ante
4238 2469 4408 2538 duos
4468 2490 4718 2536 menses

2765 2554 2922 2638 quid
2990 2556 3269 2620 sentiam
3323 2554 3540 2637 aliqua
3604 2576 3689 2619 ex
3750 2565 3938 2639 parte
3982 2556 4169 2622 fratri
4227 2578 4376 2621 meo
4452 2557 4721 2623 Tossano

2763 2641 3075 2725 privatim
3120 2640 3511 2717 indicavi12)
3556 2662 3733 2707 nunc
3767 2662 3926 2706 vero
3960 2643 4269 2724 66661616
4304 2644 4529 2727 capita
4561 2642 4722 2707 mihi

2764 2734 3238 2793 recensuerunt
3293 2727 3563 2806 fratres,
3625 2725 3706 2792 de
3749 2727 3987 2810 quibus
4042 2727 4410 2812 ambigitis,
4471 2740 4586 2794 aut
4640 2727 4717 2793 (16

2763 2812 3004 2897 quibus
3048 2812 3282 2878 saltem
3327 2834 3458 2877 non
3502 2813 3666 2877 nihil
3716 2820 3816 2879 est
3858 2813 4034 2878 inter
4076 2835 4191 2880 vos
4236 2815 4723 2880 controversiae

2763 2920 2849 2964 an
2909 2898 3109 2981 recipi
3164 2920 3206 2962 a
3260 2898 3446 2964 vobis
3505 2898 3807 2964 debeant:
3866 2898 3949 2964 de
4002 2899 4282 2984 singulis
4346 2900 4509 2984 quid
4564 2899 4722 2965 mihi

2765 2983 3087 3065 videatur,
3135 2984 3421 3051 breviter
3463 2984 3886 3067 respondebo,
3908 2989 3966 3061 ⁸)

2935 3070 3031 3137 Ut
3085 3091 3156 3136 se
3226 3079 3721 3153 repraesentent
3784 3072 4085 3136 ministro
4149 3078 4216 3137 et
4285 3072 4576 3138 offerant
4646 3069 4725 3136 ad

2763 3176 3061 3235 examen,
3107 3157 3220 3239 qui
3263 3178 3501 3222 coenae
3545 3155 3909 3223 dominicae
3945 3157 4436 3224 communicare
4481 3158 4723 3237 volunt,

2764 3242 2926 3307 adeo
2981 3263 3117 3307 non
3176 3241 3506 3326 displicet:
3564 3250 3641 3308 ut
3692 3243 3911 3326 potius
3964 3242 4035 3308 id
4094 3263 4402 3309 censeam
4456 3243 4633 3310 ultro
4687 3263 4725 3308 a

2761 3328 2948 3394 vobis
2989 3327 3293 3393 omnibus
3327 3350 3473 3393 esse
3507 3328 3964 3412 expetendum.
4031 3328 4184 3394 Erit
4221 3329 4405 3396 enim
4441 3330 4726 3414 optimus

2761 3415 2909 3497 piae
2952 3424 3344 3496 sanct-aeque
3386 3414 3455 3478 in
3497 3414 3771 3480 ecclesia
3815 3414 4194 3498 disciplinae
4236 3436 4516 3482 nervus.
4596 3415 4725 3480 Ve-

2760 3522 2912 3565 rum
2955 3499 3109 3583 quia
3144 3498 3456 3583 proclivis
3490 3499 3644 3566 inde
3682 3499 3903 3584 lapsus
3938 3501 4107 3566 foret
4150 3499 4235 3566 ad
4277 3501 4727 3586 corruptelam

2760 3586 3079 3669 aliquam:
3136 3595 3214 3650 ut
3265 3585 3528 3650 obviam
3583 3593 3772 3650 eatur
3823 3586 4126 3669 periculis
4169 3588 4517 3667 omnibus,
4576 3586 4726 3653 utile

2760 3672 2891 3737 erit
2953 3669 3153 3736 simul
3230 3671 3671 3754 praescribere
3725 3671 4002 3750 limites,
4082 3673 4325 3755 quibus
4394 3673 4728 3758 legitimus

2760 3778 2923 3822 usus
2969 3756 3346 3822 definiatur:
3391 3758 3678 3841 primum
3725 3764 3801 3823 ut
3842 3760 3928 3823 sit
3962 3768 4281 3841 tanquam
4317 3760 4594 3844 privata
4626 3778 4727 3824 ea·

2760 3843 3042 3908 techesis
3085 3842 3168 3907 ad
3213 3841 3411 3908 rudes
3455 3842 3869 3909 familiariter
3913 3843 4309 3924 edocendos,
4373 3843 4615 3911 deinde
4655 3848 4727 3909 ut

2700 3930 2701 3933 ’
2761 3930 2907 3995 6661
2952 3928 3041 3994 sit
3083 3927 3167 3992 ad
3203 3949 3314 3993 666
3347 3928 3710 3996 166666(166
3746 3939 3815 3995 et
3848 3930 4310 4015 obiurgandos,
4357 3932 4477 4015 qui
4521 3930 4727 3997 officio

2759 4034 2878 4080 suo
2945 4035 3179 4098 parum
3242 4012 3674 4096 respondent,
3748 4027 4075 4099 postremo
4140 4022 4215 4081 ut
4280 4017 4372 4082 ad
4441 4014 4729 4100 trepidas

2758 4100 3193 4167 conscientias
3236 4100 3582 4184 erigendas
3624 4108 3693 4166 et
3735 4100 4219 4168 confirmandas
4264 4103 4512 4170 valeat.

2932 4184 3039 4250 De
3080 4206 3325 4252 coenae
3368 4186 3933 4253 administratione
3984 4187 4081 4252 ita
4133 4190 4388 4269 666116,
4444 4189 4727 4255 libenter

2760 4271 3241 4337 admittendum
3297 4292 3438 4337 esse
3497 4271 3672 4338 11666
3725 4292 4005 4351 morem,
4066 4282 4140 4338 ut
4195 4274 4379 4357 apud
4426 4280 4727 4360 aegrotos

2759 4357 3124 4424 celebretur
3165 4358 3568 4436 communio,
3624 4379 3826 4442 quum
3870 4359 3965 4423 ita
4006 4380 4110 4424 res
4152 4367 4223 4425 et
4265 4361 4728 4445 opportunitas

2759 4445 2942 4522 feret,
2978 4463 3101 4508 nee
3139 4463 3533 4528 magnopere
3569 4445 3766 4508 etiam
3803 4445 4307 4529 repugnandum
4355 4469 4528 4528 esse,
4572 4444 4728 4531 quin

2758 4528 3073 4595 maleficis
3115 4527 3309 4595 detur
3350 4530 3464 4613 qui
3504 4529 3836 4613 plectendi
3878 4540 4064 4610 sunt,
4123 4531 4461 4616 siquidem
4504 4539 4727 4617 postu·

2797 4751 2927 4815 506.
2967 4752 3021 4818 1)
3059 4750 3171 4807 Ed.
3214 4750 3351 4806 Gen.
3385 4766 3708 4821 perperam:
3744 4753 3899 4805 vobis
3935 4755 4083 4807 missi
4118 4772 4152 4807 6
4186 4756 4369 4811 nobis.

2966 4821 3027 4881 2)
3067 4821 3262 4890 Neque
3303 4821 3558 4889 Tuscani,
3595 4836 3770 4901 neque
3804 4820 4028 4876 0111υὺιί
4058 4821 4250 4906 literae
4282 4829 4621 4949 saffiram.

2761 4958 2921 5015 densi
2948 4890 3414 5028 ggassffdgssosust
3490 4889 3745 5014 ecgwino
3765 4906 3909 5014 Peius
3961 4906 4191 5016 <lagonam
4257 4968 4441 5018 antea
4475 4964 4581 5018 sub
4625 4976 4727 5017 ⁰⁸⁸-

2760 5028 2960 5100 spieiis
2983 5028 3223 5110 Τοᾳωηι·
3255 5034 3308 5082 et
3327 4999 3554 5109 aedryii
3569 5028 3730 5108 quoa
3744 5002 4211 5110 2669666(ωᾶ
4224 5034 4415 5101 mes
4449 5032 4727 5099 udaian,

2759 5098 3185 5223 {bntZeranwmt
3195 5097 3431 5225 dpffaetta
3464 5103 3517 5151 et
3549 5104 3695 5227 ”ml
3728 5114 3971 5168 recupero
4005 5100 4729 5237 &mmm

2755 5235 3212 5375 gam&
3259 5251 3322 5291 oo
3364 5237 3607 5293 mearat.
3688 5184 3863 5305 (zoae
3912 5254 4050 5308 quoe
4274 5240 4475 5298 vinus
4526 5239 4608 5297 ad
4650 5236 4729 5296 N.
