5050 6167
465 406 593 471 809

467 593 837 664 sistendum
899 615 1043 662 esse
1104 595 1491 680 perspicitis.
1603 594 1844 662 Videte
1920 616 2006 662 ne
2078 595 2411 663 intestinis

470 679 756 748 dissidiis
798 701 1165 748 avocemur.
1253 680 1442 764 Quod
1498 683 1555 748 si
1611 680 1784 767 apud
1838 703 1959 749 nos
2014 681 2165 748 talis
2216 692 2408 760 esset,

468 778 585 833 aut
625 778 801 834 certe
843 788 1058 833 mores
1106 775 1413 845 mutaret,
1473 776 1588 834 aut
1642 769 1915 833 minime
1969 789 2118 834 eum
2175 767 2411 834 tolera-

466 872 709 918 remus.
730 852 791 937 ⁶)
901 852 1169 931 valete,
1247 855 1484 920 fratres
1560 853 1632 918 in
1708 853 1996 920 Domino
2071 854 2408 920 carissimi.

466 934 656 1004 Deus
699 959 819 1005 vos
861 939 1080 1024 gratia
1119 960 1242 1004 sua
1285 951 1597 1024 perpetuo
1652 949 1917 1005 tueatur
1969 953 2037 1004 et
2090 949 2409 1023 protegat,

465 1020 787 1107 donisque
829 1025 968 1091 suis
1025 1024 1329 1104 cumulet,
1383 1034 1459 1092 ut
1511 1035 1735 1092 vestro
1792 1025 2155 1092 ministerio
2204 1026 2411 1110 ipsius

466 1108 739 1176 ecclesia
794 1121 1219 1177 conservetur
1279 1125 1346 1176 et
1397 1109 1611 1177 indies
1654 1120 1989 1196 augeatur.
2078 1110 2409 1191 Genevae,

471 1200 569 1260 14.
615 1194 752 1262 cal.
799 1195 1099 1262 Ianuarii
1148 1197 1406 1279 1544.⁷)

1477 1333 1784 1399 Nicolaus
1828 1332 1978 1399 Gall
1987 1334 2180 1399 asius.

460 1416 543 1485 P.
585 1416 929 1502 Nynaudt.
1474 1416 1872 1485 Edmundus
1893 1418 2408 1502 Champcrellus.

460 1501 862 1570 Edmundus
912 1504 1188 1588 Megret.
1475 1504 1811 1571 Henricus
1851 1526 1892 1571 a
1932 1504 2140 1571 Mara.

462 1587 782 1656 Sci-ellus.
1475 1589 1827 1675 Philippus
1871 1592 1952 1658 ab
1996 1590 2306 1658 Ecclesia.

459 1672 791 1742 Lodoicus
834 1674 1156 1762 Oogneus.
1473 1677 1641 1742 Abel
1687 1676 2009 1762 Pouppin.

459 1759 752 1846 Regalis.
1471 1762 1711 1827 Petrus
1756 1761 2140 1828 Scluzanus.

460 1843 740 1914 Iacobus
794 1845 1195 1913 Bernardus.

460 1930 743 2000 Ioannes
786 1933 1126 2001 Calvinus.

1476 1847 1861 1913 Matthaeus
1906 1848 2341 1914 Genestonus.

1470 1932 1747 1998 Feri-on.

1470 2018 1670 2084 Petit,
1688 2018 1751 2102 Β)

1227 2295 1635 2307 *-

1355 2498 1509 2570 594.

842 2634 1343 2703 PARELLUS
1386 2634 1801 2702 BULLING
1817 2632 2021 2701 ERO.

634 2803 1035 2872 Commendat
1097 2807 1159 2871 ei
1223 2807 1531 2890 nepotiani
1593 2826 1889 2872 censurae
1947 2806 2268 2889 fraternae
2331 2806 2408 2874 de

458 2889 1063 3059 Ἇμῖωοοοὲἵιωιεεε
1103 2891 1191 2957 ad
1232 2893 1408 2959 azias
1448 2893 1738 2960 ecclesias
1778 2890 2094 2977 suffrayia
2134 2893 2409 2977 petituri

463 3146 577 3214 (Ex
611 3146 948 3218 autographo
982 3148 1116 3202 bibl.
1154 3148 1354 3204 civicae
1388 3149 1564 3204 Turic.
1604 3149 1762 3204 MSS.
1798 3149 1858 3203 F.
1884 3146 1967 3203 62.
2005 3146 2136 3204 olim
2168 3152 2299 3202 tom.
2320 3144 2406 3217 27,

1008 3217 1101 3272 sol.
1141 3214 1261 3273 241.
1332 3217 1545 3273 Simler.
1589 3219 1706 3276 vol.
1739 3217 1856 3287 56.)

634 3403 705 3469 S.
760 3405 990 3488 Nuper
1048 3404 1129 3472 ad
1192 3404 1614 3489 Meqandmm
1671 3403 2027 3473 scribebam
2056 3404 2106 3506 ¹)
2160 3412 2235 3471 ut
2286 3425 2407 3489 pro

462 3491 911 3557 conservanda
953 3492 1063 3559 hic
1106 3491 1281 3556 inter
1320 3494 1556 3557 fratres
1579 3490 1919 3574 disciplina
1943 3490 2127 3557 nobis
2150 3490 2408 3557 adesset

462 3576 657 3643 istius
699 3577 1006 3643 ecclesiae
1050 3576 1380 3661 suffragiO,
1437 3578 1626 3643 cuius
1669 3575 1986 3643 autoritas
2026 3597 2160 3639 non
2200 3598 2410 3661 parva

422 3663 654 3733 .nobis
704 3674 830 3742 est,
888 3674 957 3728 et
1012 3663 1184 3747 quod
1243 3664 1410 3729 bene
1463 3665 1673 3729 erexit
1725 3661 1934 3727 multo
1991 3659 2213 3726 labore
2276 3683 2408 3728 non

464 3758 806 3834 pateretur
871 3770 1083 3815 ruere.
1194 3747 1348 3816 Scio
1406 3749 1582 3814 enim
1639 3769 1835 3832 quam
1894 3746 2157 3812 difficile
2212 3746 2413 3811 fuerit

467 3844 757 3901 statuere
799 3834 1084 3918 aliquem
1140 3833 1457 3914 ordinem,
1513 3845 1590 3899 ut
1646 3832 1938 3900 confusio
1990 3847 2057 3897 et
2110 3832 2411 3897 turbatus

466 3933 827 3986 conventus
851 3943 981 3987 non
1016 3930 1189 3988 esset
1230 3941 1349 4003 pro
1394 3928 1624 3987 sancto
1668 3927 2011 3998 conventu,
2054 3918 2412 4001 fierentque

468 4007 687 4071 omnia
764 4006 995 4074 debite.
1120 4006 1479 4090 Displicuit
1541 4004 1911 4083 nonnullis,
1979 4003 2091 4087 qui
2154 4010 2414 4068 tantum

517 4090 733 4174 roprio
789 4091 948 4158 ferri
1007 4092 1318 4158 volebant
1373 4090 1662 4170 arbitrio,
1724 4087 1965 4173 aliquid
2025 4091 2225 4153 statui
2285 4108 2416 4172 quo

468 4197 539 4241 in
573 4175 868 4242 ordinem
915 4184 1325 4262 cogerentur,
1374 4185 1441 4244 et
1472 4176 1684 4242 multo
1727 4176 1938 4260 magis
1982 4195 2142 4240 usus
2187 4195 2413 4239 eorum

468 4281 634 4344 quae
675 4269 924 4328 statuta
965 4265 1243 4342 fuerant,
1300 4270 1379 4328 ut
1421 4260 1771 4347 Meyander
1811 4281 2028 4329 coram
2070 4259 2253 4339 vidit,
2301 4258 2416 4324 sed

467 4355 546 4411 ut
609 4367 728 4429 par
792 4355 937 4414 erat
989 4348 1202 4414 noluit
1252 4349 1334 4415 ob
1392 4348 1830 4414 reclamantes
1883 4343 2187 4430 impediri
2243 4342 2416 4429 quod

466 4432 717 4498 bonum
759 4440 919 4499 erat.
1006 4433 1347 4501 Cuniculis
1388 4441 1717 4500 tentatum
1761 4440 1863 4498 est
1903 4442 1983 4497 ut
2024 4431 2417 4517 abrogaren-

802 4574 883 4582 ..—

677 4636 736 4703 6)
774 4636 2005 4706 Ρανεῑῖιιεαιειπιόὑίιιεᾶοωῑῑεραωηὺἑωω
2050 4650 2175 4690 Μ
2216 4635 2418 4692 tolera-

469 4705 752 4831 gadtdmaut
796 4707 1009 4763 invitus
1050 4707 1286 4764 tolerare
1331 4707 1640 4774 acuebatur.
1717 4705 1871 4761 Certe
1920 4705 2012 4759 hic
2062 4705 2115 4759 ei
2164 4704 2422 4761 stimans

681 4844 740 4903 7)
775 4846 816 4900 i.
863 4861 909 4900 e.
961 4844 1043 4899 19.
1089 4845 1221 4903 Dec.
1266 4845 1403 4902 1544
1442 4851 1577 4901 ante
1622 4844 1740 4900 Cal.
1785 4844 1917 4899 Ian.
1971 4844 2246 4913 sequanis
2278 4842 2422 4898 mi

475 4912 2181 4984 154ὑφιοαρνοὺοκοεαωᾱαηιεαεεᾱαὺίωηωωηο·.

574 5001 579 5006 ·
678 4984 736 5046 8)
772 4983 848 5040 Go
887 4984 1131 5040 umal.
1338 4985 1349 4998 ‘
1440 4982 1946 5049 anvicoRmim
1995 4982 2042 5040 S
2305 5018 2324 5047 ,
2373 4993 2420 5034 s.

424 5111 433 5126 ,
474 5051 530 5108 d.
593 5093 610 5134 ·.
645 5052 736 5108 De
752 5000 1028 5110 uvidum
1062 5054 1126 5107 in
1154 5052 1433 5120 Nudam,-
1465 5052 1711 5134 Serenus
1729 5054 1984 5120 iquotus5
2015 5048 2422 5120 mamper-elluo

474 5068 610 5178 alig·
642 5123 805 5177 Aime
837 5141 954 5178 non
989 5120 1321 5177 Eamundus
1332 5138 1353 5188 ,·
1389 5129 1588 5177 eastern
1621 5135 1847 5200 saeptus
1880 5123 2251 5174 occurrerant.

426 5207 435 5218 ·
508 5191 642 5252 ΜΗ.
692 5196 741 5252 l)
781 5189 1045 5261 Epistola
1076 5207 1189 5244 non
1211 5195 1406 5245 exstat
1453 5192 1741 5246 Caeterum
1775 5189 1853 5246 ad
1871 5189 2019 5243 hanc
2032 5185 2423 5243 inmundam

475 5257 2423 5329 conformant.1aaN.esoouiummpaeoadBeummm

426 5375 437 5387 .
474 5345 645 5399 quam
677 5328 853 5385 codem
876 5328 1107 5398 praebet
1136 5327 1245 5385 huc
1270 5330 1551 5399 porte-oro
1582 5330 1821 5388 videtur.

2151 411 2316 475 1544
2356 405 2764 478 Dnomffl.

4332 413 4465 490 819

2511 600 2627 660 tur
2750 614 2873 661 nae
2957 595 3286 663 faciebant
3370 596 3455 664 ad
3539 596 4055 666 aedificationem
4131 597 4458 665 ecclesiae.

2512 679 2705 746 Intro
2754 682 2883 747 ucti
2948 681 3214 748 fuerunt
3277 681 3478 767 aliqui
3544 684 3615 747 in
3671 683 4108 750 ministerium
4154 683 4463 764 indebite,

2515 775 2583 831 et
2624 766 3023 850 aliquamdiu
3071 790 3186 851 per
3227 769 3435 834 malos
3475 765 3682 834 adiuti
3725 767 4097 847 haeserunt,
4142 790 4275 834 non
4320 770 4465 836 sine

2515 850 2755 917 damno
2817 853 3257 919 ecclesiarum.
3347 852 3484 921 Sed
3541 853 3807 920 tandem
3860 856 4139 939 propitio
4193 852 4465 921 Christo

2513 939 2775 1020 turpius
2823 939 3013 1005 eiecti
3048 940 3319 1005 fuerunt
3352 960 3549 1023 quam
3582 940 3995 1006 intraverint.
4084 939 4466 1007 Ambitione

2515 1024 2735 1090 conati
2786 1033 2943 1091 sunt
2995 1025 3107 1090 alii
3166 1047 3482 1111 occupare
3545 1024 3865 1092 ecclesias.
3967 1025 4105 1091 Vix
4169 1025 4467 1091 crederet

2513 1109 2752 1192 aliquis
2796 1118 2985 1176 tanta
3026 1110 3318 1194 potuisse
3361 1111 3721 1196 excogitari
3755 1122 3822 1176 et
3855 1112 4093 1176 tentari
4116 1122 4191 1175 ut
4256 1117 4466 1177 ateret

2512 1196 2751 1260 ostium
2787 1195 3099 1262 ecclesiae
3131 1218 3289 1262 suae
3318 1197 3522 1263 malis.
3591 1195 3726 1264 Sed
3748 1196 3856 1262 hic
3878 1218 4131 1281 quoque
4155 1194 4209 1262 O
4262 1197 4464 1262 ristus

2516 1280 2703 1346 nobis
2768 1280 2995 1348 adfuit.
3107 1282 3392 1348 Demum
3457 1282 3587 1347 alia
3649 1289 3718 1348 et
3771 1281 3900 1346 alia
3953 1283 4338 1348 conantibus
4393 1280 4466 1349 id

2517 1366 2731 1432 visum
2777 1376 2877 1432 est
2919 1366 3171 1434 facilius
3214 1367 3272 1432 si
3313 1369 3716 1434 correctione
3759 1367 4020 1434 sublata
4062 1377 4128 1432 et
4169 1368 4465 1432 admoni-

2515 1453 2693 1516 tione
2758 1452 2972 1535 sopita
3035 1453 3148 1536 qui
3213 1455 3632 1519 continent-ur
3693 1454 3766 1519 in
3832 1454 4061 1533 officio,
4127 1462 4195 1518 et
4257 1451 4466 1519 veluti

2514 1559 2723 1602 unum
2775 1548 3063 1624 pergunt
3117 1560 3373 1623 corpus,
3432 1539 3725 1604 moribus
3781 1559 3857 1605 ac
3915 1540 4069 1616 vita,
4125 1539 4255 1605 imo
4310 1539 4464 1605 doc·

2514 1625 2692 1688 trina
2732 1624 2927 1689 etiam
2971 1621 3381 1704 dissidentes,
3437 1624 3926 1708 dissiparentur.
4015 1622 4238 1705 Quare
4292 1646 4466 1691 unus

2514 1728 2553 1773 e
2616 1717 2839 1775 nostro
2903 1722 3093 1776 coetu
3161 1709 3607 1777 contradicere
3683 1711 3920 1793 coepit:
3996 1711 4245 1775 utinam
4326 1718 4467 1775 tam

2515 1795 2871 1862 vehemens
2914 1804 2982 1861 et
3022 1803 3209 1861 tanto
3253 1796 3471 1861 studio
3515 1796 3885 1861 ferreturin
3908 1796 4072 1861 vitia
4094 1794 4469 1862 damnanda

2515 1895 2583 1946 et
2624 1877 3032 1960 eradicanda,
3077 1902 3273 1964 quam
3318 1891 3417 1947 cst
3459 1882 3533 1946 in
3574 1879 3745 1946 bona
3786 1901 3858 1946 re
3902 1882 4088 1947 nobis
4145 1881 4203 1946 si
4259 1880 4468 1965 possit

2514 1965 2889 2047 auferenda,
2947 1986 3144 2051 quam
3186 1987 3415 2033 omnes
3454 1977 3724 2033 servant
3765 1966 4004 2033 classes
4047 1965 4340 2051 gallicae,
4388 1973 4468 2031 ut

2511 2052 2750 2119 fratres
2813 2074 3041 2119 omnes
3105 2052 3575 2137 corripiantur,
3653 2053 3713 2118 si
3779 2050 3937 2135 quid
4001 2053 4334 2136 peccarint
4394 2052 4468 2117 in

2512 2147 2648 2204 tam
2714 2159 2900 2206 sacra
2964 2139 3336 2217 functione,
3405 2140 3461 2204 si
3525 2137 3680 2221 quid
3745 2158 3781 2202 e
3829 2138 4005 2203 erint
4066 2138 4139 2203 in
4202 2138 4468 2203 ruinam

2511 2225 2820 2291 ecclcsiae
2861 2233 2929 2290 et
2967 2223 3434 2290 detrimentum
3477 2222 3682 2290 verbi.
3843 2225 3903 2288 ic
3955 2232 4180 2288 noster
4232 2224 4467 2289 adver-

2511 2311 2757 2389 sarius,
2817 2309 3004 2375 nullo
3067 2310 3239 2376 facto
3295 2311 3470 2376 inter
3522 2329 3674 2375 eum
3731 2309 3839 2392 qui
3896 2329 4240 2392 porsonam
4296 2308 4471 2394 gerit

2510 2396 2842 2479 publicam
2885 2403 2956 2460 et
2995 2395 3335 2480 privatum
3374 2395 3769 2473 discrimine,
3814 2394 3989 2460 inter
4032 2402 4356 2460 secretum
4399 2401 4470 2459 et

2511 2491 2814 2566 apertum
2856 2492 3214 2566 peccatum,
3257 2480 3434 2547 inter
3467 2482 3664 2547 unius
3699 2489 3766 2545 et
3799 2480 4159 2545 multorum
4181 2479 4465 2558 ruinam,

2511 2587 2648 2632 non
2691 2567 2835 2634 sine
2876 2568 3232 2633 multorum
3277 2566 3514 2633 damno
3558 2566 3746 2632 nobis
3788 2565 4161 2645 reluctatur,
4206 2574 4274 2630 et
4307 2564 4467 2631 dum

2508 2652 2684 2718 male
2727 2654 3123 2737 scripturam
3169 2660 3449 2736 torquet,
3504 2673 3636 2718 non
3693 2660 3952 2718 tantum
3999 2649 4188 2717 nobis
4229 2671 4465 2716 verum

2510 2738 2711 2803 etiam
2732 2741 3060 2823 apostolis,
3106 2739 3239 2804 imo
3283 2738 3413 2824 ipsi
3454 2759 3710 2822 quoque
3734 2736 3997 2804 Christo
4021 2746 4123 2802 est
4161 2737 4465 2837 iniurius,

2472 2823 2670 2889 -dum
2734 2825 2987 2890 nullam
3053 2825 3303 2908 patitur
3365 2824 3834 2891 correctionem
3892 2824 4065 2907 piam
4132 2844 4275 2888 esse
4337 2843 4469 2887 msa

2510 2918 2859 2975 secretam:
2898 2908 3083 2975 nulla
3113 2910 3331 2990 officii,
3375 2911 3560 2976 nulla
3593 2910 3842 2989 aetatis,
3887 2908 4068 2974 nulla
4102 2908 4466 2993 potestatis,

2511 2994 2697 3062 nulla
2738 2995 2968 3062 ruinae
3012 3002 3130 3060 aut
3182 2994 3654 3063 aedificationis
3712 2995 3820 3060 hic
3876 2993 4221 3061 habebitur
4273 2993 4466 3074 ratio,

2510 3079 2626 3147 sed
2671 3089 2931 3147 tantum
2972 3101 3307 3165 personae,
3355 3082 3541 3166 quasi
3583 3083 3655 3146 in
3695 3077 4105 3147 admonendo
4161 3080 4467 3145 ministro

2511 3188 2644 3231 non
2688 3168 2907 3251 potius
2948 3167 3262 3234 ecclesiae
3305 3188 3499 3251 quam
3559 3167 3846 3233 ministri
3902 3168 4071 3231 ratio
4126 3164 4465 3245 habeatnr,

2512 3262 2580 3317 et
2622 3274 2754 3319 non
2796 3253 3011 3337 magis
3051 3253 3360 3320 ecclesiae
3402 3252 3766 3319 aedificatio
3809 3272 4003 3335 quam
4047 3253 4245 3317 unius
4278 3269 4468 3318 cure-

2512 3345 2642 3403 tur.
2731 3335 2866 3404 Sed
2910 3340 3006 3403 ita
3061 3346 3317 3421 oportet
3368 3335 3684 3405 eiusmodi
3739 3337 4008 3422 ingenia
4064 3337 4240 3417 ferri,
4299 3345 4468 3420 quie

2511 3444 2646 3489 non
2702 3423 2992 3490 ecclesiis
3049 3422 3165 3488 sed
3224 3424 3524 3508 personis
3580 3423 3815 3490 volunt
3878 3421 4265 3507 prospicere.
4386 3420 4469 3489 Si

2512 3508 2774 3592 quidem
2799 3509 2922 3575 hoc
2943 3507 3212 3574 videtur
3232 3517 3515 3586 tantum,
3549 3509 3737 3576 vivet
3770 3506 3882 3573 ille
3914 3509 4062 3574 istic
4095 3508 4465 3578 commode:

2514 3595 2763 3662 amicus
2818 3605 2947 3674 est,
3006 3594 3124 3659 fiat
3175 3615 3350 3678 ergo.
3452 3594 3781 3660 Existimo
3839 3592 4298 3677 Meyaudrum,
4356 3593 4470 3676 qui

2512 3682 2698 3747 novit
2743 3701 2855 3746 eos
2895 3680 3078 3745 intus
3121 3689 3190 3744 et
3229 3681 3302 3745 in
3345 3688 3493 3745 cute
3539 3679 3719 3745 viros
3765 3680 3875 3762 qui
3919 3687 4193 3763 gravate
4235 3679 4470 3762 iugum

2512 3767 2921 3850 pontificium
2965 3766 3259 3831 tulerunt
3301 3773 3369 3830 et
3409 3764 3541 3829 iam
3588 3764 3984 3830 videbantur
4040 3785 4241 3847 supra
4290 3763 4470 3847 leges

2515 3872 2744 3919 omncs
2787 3872 2932 3918 esse
2964 3851 3318 3934 assequuti,
3361 3870 3515 3917 cum
3559 3849 3825 3914 nomine
3866 3848 4067 3915 cellas
4109 3848 4260 3914 illas
4302 3848 4471 3932 cani-

2514 3938 2673 4001 tatis
2715 3937 2835 4003 tibi
2878 3948 2945 4003 et
2985 3936 3251 4021 collegis
3293 3936 3636 4015 indicasse,
3695 3936 3751 4001 si
3817 3932 4110 4000 redditae
4167 3935 4277 3998 isti
4330 3934 4473 4000 fue-

2515 4021 2655 4085 rint
2707 4021 2951 4090 literac.
3042 4020 3241 4104 Quod
3297 4023 3353 4087 si
3409 4043 3543 4087 non
3597 4021 3843 4087 factum
3899 4019 4114 4099 fuerit,
4171 4018 4473 4101 dispicite

2519 4126 2761 4189 quaeso
2824 4129 2975 4173 cum
3037 4107 3426 4193 symmystis
3486 4105 3644 4190 quid
3705 4105 4063 4173 secundum
4126 4103 4474 4186 Christum

2518 4191 2966 4258 iudicaveritis
3011 4192 3356 4277 agendum.
3444 4193 3539 4258 Et
3579 4212 3782 4275 quum
3825 4189 4040 4256 multa
4080 4189 4194 4255 isti
4235 4188 4471 4255 debca-

2518 4298 2669 4343 mus
2711 4278 3036 4355 ecclesiae,
3080 4298 3206 4361 quo
3250 4291 3470 4343 tamen
3528 4280 3738 4343 officio
3790 4297 3925 4342 nou
3983 4275 4191 4341 adiuti
4242 4296 4473 4341 sumus

2521 4383 2563 4428 a
2627 4362 2858 4429 vobis?
2961 4363 3110 4428 Hoc
3172 4362 3424 4430 addetis
3477 4376 3746 4447 propter
3803 4360 4146 4428 Christum
4197 4361 4330 4443 qui,
4395 4366 4477 4426 ut
4570 4386 4578 4400 ·

2522 4469 2717 4515 causa
2777 4449 2906 4514 fuit
2967 4447 3143 4512 initii
3205 4451 3495 4514 omnium
3557 4449 3920 4515 officiorum
3984 4455 4055 4511 et
4116 4446 4477 4530 perdurare

2522 4535 2680 4602 fecit
2721 4554 2843 4600 nos
2885 4533 3224 4614 hactenus,
3266 4534 3360 4598 ita
3393 4535 3631 4601 efficiet.
3663 4546 3740 4600 ut
3776 4554 3898 4599 nos
3938 4553 4263 4598 memores
4301 4532 4477 4617 grati

2524 4620 2710 4687 vobis
2774 4627 3162 4704 exoptemus
3214 4640 3290 4686 ac
3344 4639 3689 4704 precemur
3741 4640 3999 4702 semper
4063 4620 4342 4701 optima,
4406 4623 4477 4683 et

2525 4710 2827 4791 quamvis
2859 4706 2933 4771 in
2967 4703 3309 4770 ,referendo
3344 4726 3537 4788 pares
3573 4726 3912 4788 nunquam
3949 4725 4095 4770 esse
4129 4702 4474 4787 possimus,

2525 4802 2768 4873 tamen,
2828 4801 2916 4858 ιιι
2961 4791 3267 4858 Christus
3323 4792 3537 4869 novit,
3593 4787 3675 4855 (le
3733 4799 3922 4855 tanta
3977 4789 4252 4857 ecclesia
4309 4789 4477 4855 bene

2524 4881 2760 4944 mereri
2807 4878 3125 4961 cupimus,
3173 4898 3375 4961 quum
3419 4884 3554 4939 tam
3597 4873 3781 4955 bene,
3825 4874 3959 4940 imo
3992 4895 4191 4958 quam
4233 4874 4482 4958 optime

2526 4962 2608 5029 de
2652 4965 2839 5031 nobis
2883 4985 3142 5048 semper
3183 4961 3421 5028 merita
3464 4962 3568 5027 sit,
3655 4959 3803 5027 Hoc
3850 4961 4204 5042 composito
4248 4973 4478 5044 pacem

2526 5071 2888 5135 speramus.
2912 5071 3035 5117 nos
3077 5047 3438 5127 habituros,
3492 5047 3567 5112 in
3619 5068 3747 5130 qua
3803 5068 3923 5111 nos
3978 5061 4195 5112 servet
4251 5047 4308 5112 is
4363 5035 4480 5144 εἰμὶ

2525 5158 2659 5219 pax
2708 5147 2936 5203 nostra
2990 5144 3120 5212 est,
3173 5144 3241 5200 et
3294 5134 3469 5201 inter
3522 5154 3642 5199 nos
3695 5142 3763 5197 et
3813 5154 3964 5198 cum
4021 5132 4358 5208 omnibus,
4397 5151 4480 5205 in

2512 5222 2823 5288 ‘omnium
2903 5220 3423 5288 aedificationem
3499 5225 3569 5284 et
3644 5218 3973 5303 evangelii
4037 5235 4476 5301 progressum.

2525 5308 2716 5389 Vale,
2758 5309 2854 5374 mi
2895 5308 3268 5393 Bulliuqere
3309 5305 3698 5388 doctissime,
3733 5314 3810 5372 'et
3841 5317 4060 5371 tecum
4095 5323 4322 5371 omnes
4364 5300 4479 5387 (fui
