5050 6167
401 462 519 526 489

400 669 556 716 avec
620 648 870 732 priores
934 655 1001 713 et
1056 647 1349 714 oraisons
1416 668 1502 714 en
1568 653 1786 732 temps
1851 647 1931 713 de
1993 655 2204 732 peste,
2263 646 2344 712 de

488 755 635 800 erre
676 742 746 799 et
785 734 1043 800 famine.
1102 734 1299 818 (Iesa.
1335 738 1437 798 44.
1476 738 1573 799 55.
1639 733 1874 800 Ierem.
1915 738 1971 800 3.
2042 733 2215 800 Osee
2252 734 2344 818 2.)

397 757 708 886 ffinmais
764 820 814 884 11
856 841 950 905 ny
994 841 1034 885 a
1076 841 1165 884 un
1221 820 1363 885 seul
1417 828 1554 885 mot
1609 819 1743 887 dict
1797 819 2197 903 dinvocquer
2248 819 2345 885 les

397 907 658 973 sainotz.
740 905 835 971 Ge
879 906 1077 971 seroit
1121 903 1333 989 donoq
1375 914 1524 989 trop
1566 905 2155 972 inconsiderement
2193 906 2348 972 faict

398 1013 437 1058 a
478 1012 644 1057 nous
686 989 768 1056 de
810 993 1033 1058 suivre
1076 1013 1150 1058 ce
1193 1012 1321 1075 que
1362 1013 1529 1058 vous
1572 1014 1735 1058 nous
1779 990 2001 1070 dictes,
2053 1013 2138 1057 en
2180 1012 2346 1057 nous

397 1076 832 1143 destournant
872 1075 954 1142 de
997 1085 1179 1142 toute
1222 1076 1288 1142 18
1322 1075 1614 1144 doctrine
1649 1077 1730 1145 de
1763 1079 1955 1143 Dieu.
2002 1077 2347 1143 Touchant

396 1160 476 1228 de
512 1181 583 1228 oe
617 1183 746 1245 que
783 1184 943 1228 vous
976 1163 1267 1247 appellez
1304 1162 1535 1229 Sainct
1570 1163 1797 1230 Pierre
1831 1177 2054 1229 nostre
2087 1171 2345 1246 patron,

395 1256 543 1313 nest
607 1248 822 1313 aultre
884 1247 1078 1313 chose
1158 1269 1287 1331 que
1347 1269 1421 1314 88
1486 1269 1611 1332 888
1674 1248 1809 1316 (1181
1871 1250 1934 1313 18
1999 1247 2346 1333 prophete:

394 1332 622 1412 Israel,
667 1341 767 1399 tes
800 1334 1024 1399 Dieux
1068 1341 1220 1399 sont
1263 1333 1448 1399 selon
1491 1332 1552 1399 le
1593 1334 1867 1400 nombre
1902 1334 1984 1399 de
2018 1342 2119 1400 tes
2153 1335 2347 1401 villes

423 1419 660 1485 Ierem.
687 1420 777 1503 2).
825 1419 958 1485 Car
999 1417 1081 1484 de
1115 1440 1187 1485 88
1223 1427 1434 1504 temps
1479 1420 1545 1486 la
1585 1420 1937 1486 lintention
1980 1421 2070 1486 du
2112 1419 2349 1504 peuple

510 1505 644 1570 rael
711 1506 951 1571 nestoit
1005 1526 1121 1588 pas
1161 1504 1244 1570 de
1282 1506 1502 1591 forger
1542 1505 1870 1589 plusieurs
1912 1505 2135 1572 Dieux
2178 1526 2349 1590 pour

392 1590 602 1655 abolir
655 1588 718 1655 le
761 1611 929 1675 vray
971 1592 1147 1656 Dieu
1202 1598 1501 1657 oreateur
1556 1590 1645 1656 du
1699 1591 1955 1657 monde.
2043 1592 2218 1657 Mais
2262 1613 2345 1656 en

391 1683 541 1741 tant
591 1697 717 1758 que
772 1676 1101 1742 chascuno
1158 1677 1313 1742 ville
1373 1677 1624 1742 eslisoit
1676 1699 1770 1742 un
1811 1686 2050 1761 patron
2092 1698 2259 1761 pour
2301 1699 2349 1762 y

389 1770 641 1828 mectre
684 1781 757 1827 88
799 1763 1034 1840 fiance,
1092 1762 1138 1826 11
1183 1761 1328 1827 1881·
1369 1770 1469 1829 881
1521 1762 1868 1848 reproache
1919 1784 2040 1846 par
2088 1763 2149 1829 18
2195 1784 2346 1846 pro·

388 1847 595 1931 phete
660 1868 786 1931 que
848 1848 1176 1915 chascune
1231 1847 1387 1913 ville
1439 1868 1478 1913 a
1539 1870 1623 1913 eu
1676 1870 1797 1914 son
1859 1849 2035 1914 Dieu
2087 1869 2343 1931 propre.

391 1932 677 1998 Aultant
717 1955 886 1999 nous
928 1955 1011 1998 88
1058 1933 1282 1999 voulez
1325 1954 1490 2000 vous
1532 1934 1694 1999 faire
1739 1956 1780 2000 a
1818 1942 2098 2018 present.
2170 1935 2344 2000 Mais

389 2017 456 2082 ia
499 2019 676 2084 Dieu
717 2040 806 2084 ne
847 2019 1055 2102 plaiae
1111 2041 1236 2102 888
1292 2040 1457 2084 8888
1499 2021 1810 2104 prenions
1855 2020 2065 2086 aultre
2107 2029 2341 2104 patron

389 2123 518 2187 888
560 2102 981 2183 188888111181,
1040 2104 1259 2188 188881
1311 2126 1480 2171 8888
1522 2125 1562 2170 a
1605 2106 1788 2189 prins
1841 2126 1926 2170 en
1969 2128 2044 2172 sa
2081 2106 2342 2191 charge,

387 2209 561 2272 pour
603 2211 772 2255 nous
816 2189 1306 2256 recommander
1348 2211 1388 2256 a
1429 2191 1603 2257 Dieu
1648 2212 1766 2257 son
1808 2212 1981 2276 pere.
2062 2190 2138 2257 Si
2182 2214 2345 2258 nous

387 2293 597 2340 avons
618 2284 755 2341 este
777 2276 1086 2341 autrefois
1108 2295 1192 2340 en
1213 2284 1350 2341 cest
1383 2278 1861 2361 aveuglement,
1903 2278 2003 2343 les
2046 2279 2345 2343 tenebres

388 2367 547 2425 sont
586 2381 864 2443 passees.
910 2361 1104 2438 (Ioan
1158 2361 1285 2444 10.)
1370 2362 1472 2427 Le
1493 2370 1706 2446 temps
1736 2375 1888 2429 nest
1927 2363 2076 2447 plus
2121 2363 2346 2428 derrer

388 2445 564 2510 ainsi
608 2467 733 2529 que
789 2468 954 2512 nous
999 2467 1201 2512 avons
1256 2447 1323 2511 18
1364 2447 1567 2513 clarte
1605 2448 1889 2515 luisante
1931 2448 2179 2514 devant
2223 2471 2344 2515 888

386 2550 588 2614 yeux.
633 2532 808 2597 Mais
842 2553 1004 2598 vous
1044 2553 1202 2598 avez
1225 2553 1522 2617 congneu
1544 2555 1666 2617 par
1686 2535 2093 2617 experience,
2140 2534 2344 2601 dictes

384 2637 577 2696 vous,
620 2618 917 2682 combien
960 2618 1099 2684 dela
1129 2619 1433 2700 profitoit.
1479 2617 1573 2684 Ge
1613 2629 1761 2685 nest
1798 2641 1915 2703 pas
1948 2620 2145 2687 chose
2179 2643 2344 2686 nou-

387 2701 581 2779 velle,
628 2723 879 2768 comme
919 2724 1090 2769 nous
1111 2723 1314 2769 avons
1350 2704 1500 2780 dict,
1525 2704 1887 2771 dattribuer
1908 2705 2005 2771 les
2024 2704 2345 2773 beneficos

387 2784 469 2853 de
512 2785 696 2854 Dieu
739 2808 780 2853 a
819 2808 942 2854 888
983 2788 1169 2855 folles
1211 2808 1441 2857 oevres
1485 2799 1551 2855 et
1590 2811 1951 2874 perversos,
1995 2811 2246 2857 comme
2289 2794 2346 2859 si

386 2892 512 2956 par
557 2872 857 2939 idolatrie
898 2894 1069 2939 nous
1094 2874 1320 2940 avions
1362 2875 1597 2940 merite
1637 2877 1733 2942 les
1776 2877 1961 2943 biens
2045 2877 2139 2942 811
2182 2898 2346 2944 8888

387 2977 666 3044 envoye.
713 2960 993 3025 Aultant
1034 2981 1119 3025 en
1163 2958 1378 3025 disent
1419 2961 1515 3026 les
1556 2963 1848 3039 soroiers,
1893 2984 1972 3028 88
2060 2972 2344 3044 anteurs,

387 3041 629 3124 divina,
675 3052 742 3109 et
781 3045 1026 3111 aultres
1069 3044 1471 3113 semblables.
1516 3047 1690 3113 Mais
1712 3069 1878 3113 nous
1897 3069 2104 3115 avons
2125 3057 2347 3115 nostre

384 3128 564 3214 rigle
622 3130 941 3210 cel-taine,
994 3139 1131 3196 cest
1187 3152 1312 3213 que
1355 3130 1421 3196 18
1461 3133 1681 3198 raison
1743 3134 2018 3217 precede
2035 3185 2050 3212 ,
2116 3145 2182 3201 et
2223 3157 2348 3218 888

384 3212 807 3299 lexperience
842 3217 1027 3282 suive
1068 3217 1220 3299 puis
1265 3237 1472 3299 apres.
1543 3217 1622 3284 Si
1662 3239 1829 3285 nous
1870 3220 2116 3286 faisons
2158 3221 2346 3300 ainsi,

385 3321 561 3368 nous
619 3308 1229 3386 nextravaguerons
1292 3302 1501 3386 point,
1555 3312 1624 3369 et
1686 3326 1769 3371 ne
1816 3304 2223 3372 declinerons
2262 3327 2348 3373 ne

385 3405 466 3452 88
508 3409 600 3453 88
640 3387 709 3453 18
752 3387 834 3454 (18
874 3408 949 3454 88
990 3408 1115 3471 888
1156 3386 1333 3453 Dieu
1375 3408 1545 3455 nous
1585 3390 1994 3456 commande:
2064 3399 2131 3457 et
2184 3414 2350 3459 nous

383 3477 785 3540 trouverons
828 3494 869 3539 a
902 3474 966 3538 la
1008 3472 1216 3538 verite
1261 3481 1327 3538 et
1368 3494 1523 3539 sans
1562 3477 1911 3559 tromperie
1953 3498 2078 3560 que
2120 3478 2350 3543 iamais

386 3577 511 3624 son
559 3559 730 3645 ayde
773 3581 857 3625 ne
900 3559 1146 3625 default
1190 3580 1230 3623 a
1271 3578 1437 3624 ceux
1481 3560 1594 3642 qui
1637 3582 1706 3626 se
1749 3562 1913 3627 fient
1951 3561 2352 3645 pleinement

387 3664 473 3709 en
519 3644 662 3730 luy.
710 3645 819 3710 Au
853 3645 1193 3723 contraire,
1238 3666 1322 3709 en
1346 3643 1703 3710 cherchant
1734 3647 2022 3712 daultres
2066 3667 2347 3726 seoours,

384 3747 562 3796 nous
620 3749 979 3813 penserons
1043 3729 1196 3794 bien
1238 3730 1513 3813 quelque
1564 3731 1691 3796 fois
1745 3753 1792 3816 y
1851 3733 2035 3797 avoir
2096 3735 2348 3817 profict‚

385 3816 563 3881 mais
601 3836 685 3880 en
726 3815 794 3881 18
835 3817 928 3881 118
971 3835 1137 3880 8888
1173 3836 1219 3900 y
1263 3835 1491 3880 serons
1532 3816 1785 3882 abusez.

568 3899 670 3966 Or
713 3910 936 3967 nostre
981 3900 1309 3986 Seigneur
1341 3900 1530 3966 Iesus
1594 3922 1760 3967 vous
1823 3901 2063 3969 veuille
2125 3903 2352 3969 ouvrir

277 4064 281 4068 ⁴
386 3983 487 4051 les
532 3986 738 4072 yeulx
781 4008 949 4070 pour
989 3988 1173 4051 veoir
1213 4007 1338 4069 que
1380 3991 1518 4052 cest
1559 3987 1697 4068 quil
1728 3987 1912 4053 veult
1946 3986 2102 4068 dire,
2145 3998 2351 4072 quant

387 4070 439 4134 il
485 4091 562 4136 88
605 4093 864 4138 nomme
918 4072 981 4138 le
1025 4071 1166 4137 seul
1231 4071 1438 4150 salut,
1488 4071 1555 4135 18
1619 4072 1797 4139 88818
1859 4074 1991 4151 vie,
2050 4074 2116 4138 la
2171 4074 2349 4140 seule

388 4156 902 4237 sanctification,
967 4157 1033 4222 18
1073 4157 1254 4223 88818
1297 4178 1590 4241 sagesse,
1654 4158 1720 4224 la
1763 4160 1941 4226 seule
1982 4160 2192 4225 fiance
2235 4159 2351 4225 des

387 4239 728 4309 hommes:
775 4245 935 4310 affin
976 4264 1101 4327 que
1145 4263 1309 4308 nous
1351 4251 1502 4308 tous
1546 4244 1876 4311 ensemble
1909 4245 1974 4310 18
2008 4244 2352 4330 congnois·

389 4336 548 4393 sant
592 4329 706 4409 tel,
750 4329 888 4394 dun
928 4330 1057 4395 bon
1092 4328 1322 4395 accord
1365 4328 1429 4393 le
1471 4327 1828 4412 glorifions,
1875 4338 2017 4396 tant
2052 4330 2132 4396 (18
2154 4350 2354 4396 88881·

389 4432 519 4496 888
560 4414 643 4481 (18
685 4415 954 4494 11888118,
999 4423 1065 4481 81
1106 4413 1559 4497 pareillement
1599 4437 1684 4480 en
1717 4424 1931 4483 tontes
1965 4437 2084 4482 nos
2105 4437 2352 4496 oevres,

390 4500 560 4565 affin
605 4522 731 4585 que
775 4521 1026 4567 comme
1068 4521 1232 4565 nous
1277 4519 1482 4567 avons
1519 4507 1666 4567 tous
1685 4522 1880 4568 receu
1902 4523 1997 4567 un
2018 4503 2353 4585 baptesme

392 4604 480 4650 88
527 4606 648 4652 888
693 4608 879 4667 8818,
935 4608 1100 4652 8888
1145 4587 1328 4651 81888
1387 4607 1519 4652 888
1572 4609 1820 4654 8188188
1861 4589 2227 4654 confession
2272 4587 2353 4653 de

388 4679 626 4737 nostre
669 4671 1101 4740 Chrestiente.

2207 463 2367 525 1542
2415 482 2467 526 s.
2514 460 2575 526 d.

4264 475 4392 538 490

3347 651 3501 724 444.

2939 788 3341 858 GAPNIUS
3370 794 3422 869 ι)
3467 790 3900 858 GALVINO.

2439 956 2877 1127 mmmm
2919 965 2976 1025 a
3015 980 3215 1026 mores
3260 959 3723 1029 mmmmm
3772 962 4243 1032 Parmensium
4284 968 4392 1034 ‹20-

2453 1215 2678 1279 (Exstat
2710 1215 2767 1268 in
2803 1213 2933 1269 Ood.
2967 1215 3167 1270 Genev.
3206 1215 3322 1283 110,
3356 1217 3448 1271 fol.
3483 1216 3551 1271 67
3587 1218 3826 1273 dictante
3858 1227 3921 1274 ut
3954 1222 4170 1277 videtur
4203 1230 4392 1280 autore

2450 1284 2520 1336 ab
2556 1285 2869 1338 amanuensi
2905 1285 3039 1338 satis
3060 1285 3200 1338 male
3236 1287 3440 1355 scripta
3476 1294 3533 1340 et
3566 1287 3692 1341 11188
3724 1289 3851 1342 18(18
3869 1291 3939 1343 ab
3972 1290 4068 1345 illo
4092 1293 4393 1350 emendata.

2564 1352 2757 1405 Plures
2791 1352 2894 1407 1881
2930 1354 3080 1406 (181111
3116 1355 3202 1408 vel
3236 1356 3479 1409 mendosi
3512 1371 3548 1410 a
3581 1357 3739 1411 nobis
3772 1359 4030 1414 asterisco
4062 1362 4280 1430 notati.)

2451 1540 2514 1605 A
2556 1541 2895 1606 Monsieur
2937 1541 3279 1608 Monsieur
3319 1543 3696 1626 Despeville
3753 1543 4079 1631 Seigneur
4130 1549 4389 1633 dapant.

2623 1676 2686 1741 A
2740 1698 2866 1759 quo
2920 1685 3052 1742 tem
3139 1700 3211 1744 re
3280 1678 3441 1744 mihi
3498 1679 3792 1746 redditae
3844 1683 4111 1748 fuerunt
4161 1683 4393 1751 literae

2448 1769 2599 1827 tuae
2641 1770 3006 1846 postremae
3092 1784 3315 1829 omum
3357 1785 3576 1830 meum
3621 1766 3936 1833 hactenus
3977 1789 4112 1833 non
4152 1769 4394 1837 invise-

2448 1868 2612 1925 ram,
2658 1849 2737 1914 811
2781 1846 2976 1932 1(1888
3020 1871 3139 1917 888
3182 1849 3396 1916 188818
3436 1870 3557 1916 888
3608 1859 3864 1935 tempus
3907 1854 4235 1920 scribendi
4278 1877 4393 1940 op-

2446 1941 2801 2017 portunum
2857 1942 3088 2001 nactus
3143 1935 3360 2002 nullas
3417 1937 3601 2019 potui
3657 1936 3741 2002 ad
3804 1946 3869 2003 18
3925 1939 4151 2006 literas
4214 1939 4389 2022 dare,

2446 2019 2713 2085 tametsi
2752 2019 2821 2084 id
2865 2041 3274 2103 summopere
3310 2021 3778 2088 desiderarem:
3820 2024 3976 2089 inde
4010 2033 4185 2091 certe
4218 2028 4392 2091 veri-

2446 2114 2556 2170 tus
2608 2126 2693 2170 ne
2742 2126 2893 2172 mea
2956 2105 3442 2172 scribendarum
3508 2109 3929 2192 epistolarum
3993 2111 4390 2178 consuetudo

2444 2190 2769 2275 languens
2812 2190 3164 2258 videretur.
3251 2193 3403 2258 Non
3468 2193 3645 2259 hanc
3702 2196 3908 2278 igitur
3970 2216 4222 2261 moram
4276 2206 4392 2264 aut

2445 2274 2706 2358 culpam
2750 2274 3037 2342 desidiae
3079 2277 3406 2344 adscribas
3440 2279 3655 2357 velim,
3703 2280 3816 2345 sed
3849 2281 4253 2363 privatarum
4286 2304 4391 2349 re-

2446 2382 2595 2425 rum
2651 2383 2910 2428 annuae
2963 2364 3474 2447 occupationum.
3490 2369 3526 2404 ¹¹*
3608 2364 3813 2432 Vides
3854 2366 4176 2449 quomodo
4226 2368 4393 2437 istac

2449 2444 2799 2512 adversum
2843 2455 2907 2512 te
2963 2449 3363 2530 praefatione
3416 2451 3773 2518 crebriores
3816 2474 3856 2517 a
3895 2460 3964 2517 te
4005 2452 4231 2520 literas
4273 2476 4390 2520 ex-

2447 2532 2790 2616 postulem.
2869 2532 3220 2635 Caeterum
3264 2534 3436 2618 quod
3479 2534 3563 2599 ad
3604 2540 3867 2603 tuarum
3910 2537 4249 2604 literarum
4283 2560 4389 2606 ar-

2447 2625 3014 2787 111ξὲῗὲεὲῗὲ
3031 2627 3442 2780 v3⁰11¹²12¹3⁸110¹3⁹
3416 2641 3990 2789 gssss'ssffifflumm
3969 2632 4389 2796 ωάχρῗὲῗῗὲς

2447 2810 2656 2871 88888
2699 2790 2859 2854 8(188
2900 2790 3064 2854 mihi
3124 2791 3409 2856 invisum
3466 2801 3658 2875 atque
3699 2793 4100 2860 horrendum
4140 2804 4215 2860 ut
4258 2817 4392 2862 non

2449 2874 2662 2940 solum
2705 2874 2969 2941 illorum
3012 2874 3135 2940 coll
3218 2876 3326 2941 uia
3364 2875 3477 2942 sod
3519 2885 3587 2942 et
3629 2899 4047 2964 quoscunque
4088 2902 4393 2949 occursus

2449 2958 2674 3025 sedulo
2739 2962 3065 3045 effugiam.
3135 2897 3329 3028 o{cio
3392 2964 3568 3028 enim
3631 2964 3950 3047 scriptum
4015 2986 4157 3032 esse
4220 2967 4396 3050 quod

2448 3045 2715 3110 illorum
2794 3066 3009 3112 sermo
3082 3047 3287 3130 serpit
3359 3055 3433 3112 ut
3507 3068 3769 3126 cancer,
3854 3049 4232 3135 soleantque
4294 3053 4395 3120 illi

2448 3129 2739 3213 placidas
2796 3150 2989 3196 aures
3045 3132 3184 3198 suis
3240 3131 3679 3201 delinimentis
3736 3134 4122 3216 demulcere,
4181 3144 4250 3204 et
4287 3139 4394 3202 in-

2449 3224 2674 3282 cautos
2730 3215 3118 3300 plerumque
3169 3218 3462 3284 inescare
3476 3269 3493 3296 ,
3552 3219 3724 3302 quod
3780 3220 3944 3286 mihi
3986 3221 4280 3288 nondum
4322 3224 4395 3288 in

2451 3301 2810 3368 christiana
2849 3303 3178 3385 palaestra
3210 3302 3559 3369 admodum
3595 3305 3949 3372 exercitato
4012 3308 4395 3374 confirmato

2449 3394 2694 3466 tamen,
2738 3395 2813 3453 ut
2857 3396 3078 3470 spero)
3123 3409 3381 3472 semper
3422 3389 3790 3456 cavendum
3808 3412 3952 3458 8888
4019 3394 4154 3472 uxi,
4197 3415 4395 3478 prop-

2451 3478 2632 3538 terea
2667 3477 2706 3515 ὓ
2762 3473 2998 3556 8811188
3052 3474 3126 3539 18
3168 3494 3315 3540 eam
3381 3476 3779 3541 sententiam
3832 3480 4240 3562 argumentis
4282 3486 4398 3546 aut

2452 3558 2886 3624 axiomatibus
2909 3557 3321 3625 adducantur
3351 3579 3483 3625 non
3516 3561 3704 3627 facile
3738 3569 3842 3628 est
3874 3563 4172 3630 scribere.
4220 3563 4398 3646 Quia

2451 3649 2674 3708 tamen
2715 3644 2789 3709 in
2832 3645 3215 3712 necessariis
3269 3645 3532 3711 illorum
3582 3649 4187 3715 conversationibus
4228 3671 4396 3715 non-

2451 3729 2637 3794 nulla
2692 3727 2776 3793 ab
2826 3729 2959 3795 illis
3013 3729 3238 3796 audivi
3289 3752 3457 3815 quae
3509 3752 3778 3816 gravem
3833 3733 4010 3800 illius
4072 3735 4398 3817 opinionis

2453 3812 2718 3879 odorem
2762 3813 2922 3878 mihi
2966 3814 3353 3896 redolerent,
3399 3836 3563 3900 quae
3605 3818 3703 3883 illi
3745 3827 4055 3902 tanquam
4089 3820 4260 3887 88188
4300 3820 4396 3886 18-

2453 3898 2624 3982 pidis
2682 3899 3089 3966 sei-monibus
3145 3912 3531 3986 aspergunt,
3585 3911 3653 3968 et
3705 3904 4052 3970 obscurum
4109 3904 4197 3970 ali
4242 3926 4397 3972 uem

2454 4005 2538 4050 ex
2580 3984 2712 4049 illis
2752 3984 2952 4051 lautis
2977 3989 3035 4062 υ)
3080 4007 3229 4053 cum
3263 4008 3506 4072 magna
3546 3986 3678 4054 Dei
3719 3989 3849 4055 mei
3903 3989 4142 4056 fiducia
4318 4013 4398 4058 ea

2454 4071 2781 4135 sententia
2840 4069 3043 4138 libere
3104 4092 3360 4138 mecum
3424 4093 3506 4139 ex
3572 4075 3891 4157 promisso
3955 4073 4397 4159 disputantem

2485 4273 3258 4344 444.1)Antoimm,
3375 4277 3387 4289 ‘
3606 4278 4396 4348 deBlande,omtaefflerau

2445 4343 2756 4412 parientem
2777 4344 2845 4398 (18
2862 4343 3052 4410 Paris,
3089 4344 3244 4399 1586.
3290 4291 3453 4400 Leg't
3468 4349 3538 4400 A.
3558 4348 3758 4401 Fumee
3781 4365 3816 4401 a
3834 4350 4025 4402 exerce
4040 4351 4217 4420 iceluy
4253 4357 4397 4404 estat

2453 4428 2555 4482 par
2590 4414 2658 4493 le·
2676 4419 2854 4482 temps
2890 4421 2948 4467 et
2981 4430 3173 4481 espace
3208 4416 3277 4496 de
3307 4413 3379 4467 24
3412 4433 3509 4469 ans
3543 4432 3609 4497 88
3646 4416 3955 4486 reputation
3991 4418 4060 4472 de
4103 4419 4215 4472 bon
4261 4420 4395 4489 luge

2456 4488 2513 4534 et
2549 4488 2737 4546 entier,
2774 4481 3035 4552 hayssant
3072 4482 3152 4535 les
3196 4499 3343 4537 vices
3391 4491 3448 4538 81
3491 4489 3666 4537 onant
3712 4491 3942 4539 souvent
3989 4493 4047 4539 et
4091 4486 4397 4542 declamant

2456 4556 2645 4603 contre
2689 4550 2862 4616 iceux,
2917 4549 3175 4630 resistant
3219 4559 3449 4606 souvent
3499 4569 3567 4606 88
3609 4553 3725 4606 face
3771 4570 3876 4607 aux
3922 4555 4045 4623 plus
4189 4572 4253 4610 ns
4300 4557 4396 4626 qui

2455 4634 2524 4672 ne
2561 4617 2939 4684 cheminoyent
2970 4618 3142 4671 droit:
3189 4636 3475 4690 pourquoy
3509 4621 3551 4674 il
3596 4620 3723 4675 s'est
3767 4623 3966 4691 exposci
4012 4623 4046 4676 a
4089 4573 4283 4678 ffivie
4326 4626 4395 4678 (18

2455 4685 2997 4822 pffisieursegiodteimces
3033 4688 3284 4809 mesphan
3361 4690 3616 4820 {mugitor
3625 4706 3795 4770 povre
3842 4697 3899 4744 et
3940 4693 4222 4762 oraignant
4254 4694 4394 4816 lgtieu

2553 4753 2721 4809 emoto·
2959 4753 3099 4809 88ᾶέ
3174 4796 3188 4810 .
3342 4795 3355 4810 .
3939 4767 4228 4829 suspectus
4364 4777 4395 4816 e

2452 4823 2694 4878 vincum
2738 4837 2964 4878 causam
3008 4822 3189 4879 dicere
3232 4830 3481 4895 condus,
3529 4824 3628 4881 m‘oe
3687 4826 3966 4882 obertaten·
4011 4829 4394 4899 recuperavit.-

2451 4892 2676 4948 tandem
2702 4890 2949 4947 Parisiis
2979 4892 3184 4948 relictis
3215 4894 3280 4948 in
3304 4893 3658 4950 Pau-lamento
3674 4894 4041 4952 Britannicae
4066 4898 4396 4967 provintias

2452 4962 4393 5031 Μοοαοῄιησὺιιοεεέ(ῶίᾱ.220.265.ἀ817ωκῌ.704.

2452 5029 2607 5086 Hist-
2641 5029 2823 5085 codes.
2859 5030 2912 5085 Ι.
2951 5029 3066 5085 192.
3099 5030 3221 5086 265.
3255 5047 3371 5101 888.
3406 5032 3633 5089 Γνωοσ
3656 5038 3808 5102 prot.
3848 5034 3916 5089 V.
3961 5034 4103 5103 186).
4172 5034 4397 5091 Calvino·

2515 5115 2582 5169 ²⁰·
2620 5098 3078 5223 &ww
3138 5116 3368 5156 ’mm
3422 5101 3617 5171 Μ’
3672 5102 3850 5169 ''w‘'
3904 5102 4162 5159 m
4210 5119 4397 5160 Μ’

2451 5184 2720 5362 ..5123
2734 5235 2980 5359 ,ΞΜ
2936 5207 2949 5221 ’
2979 5238 3534 5363 188188..
3373 5238 3577 5364 ...8.
3599 5238 4395 5378 mmmm

3818 5346 3839 5377 ,
4379 5352 4393 5366 ο

2813 5374 3092 5431 ooedubm
